<?xml version="1.0" encoding="UTF-8"?>
<!DOCTYPE html PUBLIC "-//W3C//DTD XHTML 1.0 Transitional//EN"
    "http://www.w3.org/TR/xhtml1/DTD/xhtml1-transitional.dtd">
<html xmlns="http://www.w3.org/1999/xhtml" xml:lang="en" lang="en">
 <head>
  <title>
</title>
<meta http-equiv="Content-Type" content="text/html;charset=utf-8" />
  <meta name='ocr-system' content='tesseract 3.04.00' />
  <meta name='ocr-capabilities' content='ocr_page ocr_carea ocr_par ocr_line ocrx_word'/>
</head>
<body>
  <div class='ocr_page' id='page_1' title='image "./quaesupersuntom01oehlgoog_0303.png"; bbox 0 0 3126 5250; ppageno 0'>
   <div class='ocr_carea' id='block_1_1' title="bbox 268 331 1387 398">
    <p class='ocr_par' dir='ltr' id='par_1_1' title="bbox 268 331 1387 398">
     <span class='ocr_line' id='line_1_1' title="bbox 268 331 1387 398; baseline 0.001 -11"><span class='ocrx_word' id='word_1_1' title='bbox 268 331 331 394; x_wconf 78' lang='lat'><strong>296</strong></span> <span class='ocrx_word' id='word_1_2' title='bbox 363 343 552 392; x_wconf 81' lang='lat' dir='ltr'><strong>crssrnrarro</strong></span> <span class='ocrx_word' id='word_1_3' title='bbox 568 346 599 390; x_wconf 86' lang='lat' dir='ltr'><strong>m</strong></span> <span class='ocrx_word' id='word_1_4' title='bbox 613 347 661 398; x_wconf 87' lang='lat' dir='ltr'><strong>ou.</strong></span> <span class='ocrx_word' id='word_1_5' title='bbox 677 347 760 392; x_wconf 80' lang='lat' dir='ltr'><strong>serr.</strong></span> <span class='ocrx_word' id='word_1_6' title='bbox 776 346 860 390; x_wconf 87' lang='lat' dir='ltr'><strong>rcon.</strong></span> <span class='ocrx_word' id='word_1_7' title='bbox 877 346 1070 392; x_wconf 80' lang='lat' dir='ltr'><strong>rnnruncunr</strong></span> <span class='ocrx_word' id='word_1_8' title='bbox 1083 343 1301 390; x_wconf 76' lang='lat' dir='ltr'><strong>moucccrrcmr</strong></span> <span class='ocrx_word' id='word_1_9' title='bbox 1313 345 1387 388; x_wconf 80' lang='lat' dir='ltr'><strong>carr.</strong></span> 
     </span>
    </p>
   </div>
   <div class='ocr_carea' id='block_1_2' title="bbox 263 494 1444 1337">
    <p class='ocr_par' dir='ltr' id='par_1_2' title="bbox 266 494 1440 660">
     <span class='ocr_line' id='line_1_2' title="bbox 266 494 1440 576; baseline 0.001 -18"><span class='ocrx_word' id='word_1_10' title='bbox 266 496 371 560; x_wconf 81' lang='lat' dir='ltr'>hordei</span> <span class='ocrx_word' id='word_1_11' title='bbox 392 495 474 576; x_wconf 86' lang='lat' dir='ltr'><strong>copie</strong></span> <span class='ocrx_word' id='word_1_12' title='bbox 496 503 656 558; x_wconf 77' lang='lat' dir='ltr'><strong>saturatum</strong></span> <span class='ocrx_word' id='word_1_13' title='bbox 677 495 780 570; x_wconf 80' lang='lat' dir='ltr'><strong>luisse,</strong></span> <span class='ocrx_word' id='word_1_14' title='bbox 801 507 837 560; x_wconf 85' lang='lat' dir='ltr'><strong>ut</strong></span> <span class='ocrx_word' id='word_1_15' title='bbox 858 495 987 560; x_wconf 79' lang='lat' dir='ltr'><strong>salimes</strong></span> <span class='ocrx_word' id='word_1_16' title='bbox 1010 515 1042 560; x_wconf 84' lang='lat' dir='ltr'><strong>sc</strong></span> <span class='ocrx_word' id='word_1_17' title='bbox 1064 513 1203 564; x_wconf 78' lang='lat' dir='ltr'><strong>summm</strong></span> <span class='ocrx_word' id='word_1_18' title='bbox 1222 497 1346 560; x_wconf 81' lang='lat' dir='ltr'><strong>credcret</strong></span> <span class='ocrx_word' id='word_1_19' title='bbox 1362 494 1440 576; x_wconf 74' lang='lat' dir='ltr'><strong>(Apu-</strong></span> 
     </span>
     <span class='ocr_line' id='line_1_3' title="bbox 266 579 879 660; baseline 0 -18"><span class='ocrx_word' id='word_1_20' title='bbox 266 581 316 644; x_wconf 91' lang='lat' dir='ltr'><strong>leii</strong></span> <span class='ocrx_word' id='word_1_21' title='bbox 336 580 527 660; x_wconf 81' lang='lat' dir='ltr'><strong>Metamorph.</strong></span> <span class='ocrx_word' id='word_1_22' title='bbox 549 579 599 642; x_wconf 87' lang='lat' dir='ltr'><strong>lib.</strong></span> <span class='ocrx_word' id='word_1_23' title='bbox 620 579 667 642; x_wconf 88' lang='lat' dir='ltr'><strong>lV.</strong></span> <span class='ocrx_word' id='word_1_24' title='bbox 688 591 758 660; x_wconf 92' lang='lat' dir='ltr'><strong>post</strong></span> <span class='ocrx_word' id='word_1_25' title='bbox 778 581 879 658; x_wconf 83' lang='lat' dir='ltr'><strong>med).</strong></span> 
     </span>
    </p>

    <p class='ocr_par' dir='ltr' id='par_1_3' title="bbox 263 661 1444 1337">
     <span class='ocr_line' id='line_1_4' title="bbox 350 661 1441 745; baseline -0.005 -18"><span class='ocrx_word' id='word_1_26' title='bbox 350 665 420 728; x_wconf 90' lang='lat' dir='ltr'><strong>Selii</strong></span> <span class='ocrx_word' id='word_1_27' title='bbox 448 673 545 728; x_wconf 86' lang='lat' dir='ltr'><strong>autem</strong></span> <span class='ocrx_word' id='word_1_28' title='bbox 572 671 655 726; x_wconf 87' lang='lat' dir='ltr'><strong>crant</strong></span> <span class='ocrx_word' id='word_1_29' title='bbox 683 665 850 728; x_wconf 78' lang='lat' dir='ltr'>sacerdotes</span> <span class='ocrx_word' id='word_1_30' title='bbox 871 664 1015 738; x_wconf 83' lang='lat' dir='ltr'><strong>Herculis,</strong></span> <span class='ocrx_word' id='word_1_31' title='bbox 1044 665 1082 728; x_wconf 91' lang='lat' dir='ltr'><strong>de</strong></span> <span class='ocrx_word' id='word_1_32' title='bbox 1103 683 1162 745; x_wconf 91' lang='lat' dir='ltr'><strong>quo</strong></span> <span class='ocrx_word' id='word_1_33' title='bbox 1183 663 1367 726; x_wconf 74' lang='lat' dir='ltr'><strong>Tertullianus</strong></span> <span class='ocrx_word' id='word_1_34' title='bbox 1384 661 1441 722; x_wconf 89' lang='lat' dir='ltr'><strong>haec</strong></span> 
     </span>
     <span class='ocr_line' id='line_1_5' title="bbox 267 747 1440 831; baseline -0.003 -19"><span class='ocrx_word' id='word_1_35' title='bbox 267 749 426 814; x_wconf 77' lang='lat' dir='ltr'><strong>subnectit:</strong></span> <span class='ocrx_word' id='word_1_36' title='bbox 453 749 697 812; x_wconf 79' lang='lat' dir='ltr'><strong>Hermilooorum</strong></span> <span class='ocrx_word' id='word_1_37' title='bbox 717 751 896 812; x_wconf 82' lang='lat' dir='ltr'><strong>decimarum</strong></span> <span class='ocrx_word' id='word_1_38' title='bbox 917 763 945 814; x_wconf 82' lang='lat' dir='ltr'><strong>rr</strong></span> <span class='ocrx_word' id='word_1_39' title='bbox 962 749 1170 831; x_wconf 80' lang='lat' dir='ltr'><strong>polluctorum</strong></span> <span class='ocrx_word' id='word_1_40' title='bbox 1196 747 1386 827; x_wconf 81' lang='lat' dir='ltr'><strong>(manuscripti.</strong></span> <span class='ocrx_word' id='word_1_41' title='bbox 1398 763 1440 808; x_wconf 91' lang='lat' dir='ltr'><strong>oo·</strong></span> 
     </span>
     <span class='ocr_line' id='line_1_6' title="bbox 266 830 1441 915; baseline -0.004 -18"><span class='ocrx_word' id='word_1_42' title='bbox 266 835 345 898; x_wconf 90' lang='lat' dir='ltr'><strong>dices</strong></span> <span class='ocrx_word' id='word_1_43' title='bbox 369 834 598 915; x_wconf 70' lang='lat' dir='ltr'><strong>pollinctorum)</strong></span> <span class='ocrx_word' id='word_1_44' title='bbox 625 841 757 913; x_wconf 87' lang='lat' dir='ltr'><strong>sumptus</strong></span> <span class='ocrx_word' id='word_1_45' title='bbox 787 834 934 898; x_wconf 81' lang='lat' dir='ltr'><strong>tabularii</strong></span> <span class='ocrx_word' id='word_1_46' title='bbox 960 833 1062 908; x_wconf 88' lang='lat' dir='ltr'><strong>(iidem</strong></span> <span class='ocrx_word' id='word_1_47' title='bbox 1089 833 1159 896; x_wconf 88' lang='lat' dir='ltr'><strong>editi</strong></span> <span class='ocrx_word' id='word_1_48' title='bbox 1187 840 1217 897; x_wconf 91' lang='lat' dir='ltr'><strong>et</strong></span> <span class='ocrx_word' id='word_1_49' title='bbox 1242 832 1288 895; x_wconf 87' lang='lat' dir='ltr'><strong>alii</strong></span> <span class='ocrx_word' id='word_1_50' title='bbox 1314 848 1372 896; x_wconf 86' lang='lat' dir='ltr'><strong>non·</strong></span> <span class='ocrx_word' id='word_1_51' title='bbox 1386 830 1441 894; x_wconf 90' lang='lat' dir='ltr'><strong>editi</strong></span> 
     </span>
     <span class='ocr_line' id='line_1_7' title="bbox 266 915 1440 1000; baseline -0.005 -18"><span class='ocrx_word' id='word_1_52' title='bbox 266 919 382 982; x_wconf 86' lang='lat' dir='ltr'><strong>codices</strong></span> <span class='ocrx_word' id='word_1_53' title='bbox 405 918 577 994; x_wconf 82' lang='lat' dir='ltr'><strong>stabularii)</strong></span> <span class='ocrx_word' id='word_1_54' title='bbox 600 920 806 1000; x_wconf 79' lang='lat' dir='ltr'><strong>supputatum</strong></span> <span class='ocrx_word' id='word_1_55' title='bbox 826 918 1006 994; x_wconf 84' lang='lat' dir='ltr'><strong>(Tertullian.</strong></span> <span class='ocrx_word' id='word_1_56' title='bbox 1028 918 1179 998; x_wconf 79' lang='lat' dir='ltr'><strong>Apologet.</strong></span> <span class='ocrx_word' id='word_1_57' title='bbox 1203 937 1265 998; x_wconf 77' lang='lat' dir='ltr'><strong>cup.</strong></span> <span class='ocrx_word' id='word_1_58' title='bbox 1280 919 1355 995; x_wconf 68' lang='lat' dir='ltr'><strong>sss..</strong></span> <span class='ocrx_word' id='word_1_59' title='bbox 1385 915 1440 978; x_wconf 90' lang='lat' dir='ltr'><strong>Pol·</strong></span> 
     </span>
     <span class='ocr_line' id='line_1_8' title="bbox 264 1002 1442 1082; baseline -0.005 -14"><span class='ocrx_word' id='word_1_60' title='bbox 264 1004 404 1068; x_wconf 85' lang='lat' dir='ltr'><strong>linetorcs</strong></span> <span class='ocrx_word' id='word_1_61' title='bbox 426 1021 496 1065; x_wconf 85' lang='lat' dir='ltr'><strong>vero</strong></span> <span class='ocrx_word' id='word_1_62' title='bbox 519 1003 667 1082; x_wconf 81' lang='lat' dir='ltr'><strong>ungebant</strong></span> <span class='ocrx_word' id='word_1_63' title='bbox 686 1021 810 1082; x_wconf 89' lang='lat' dir='ltr'><strong>corpora</strong></span> <span class='ocrx_word' id='word_1_64' title='bbox 832 1011 1013 1066; x_wconf 87' lang='lat' dir='ltr'><strong>mortuorum</strong></span> <span class='ocrx_word' id='word_1_65' title='bbox 1036 1014 1065 1064; x_wconf 88' lang='lat' dir='ltr'><strong>et</strong></span> <span class='ocrx_word' id='word_1_66' title='bbox 1086 1004 1174 1065; x_wconf 86' lang='lat' dir='ltr'><strong>funus</strong></span> <span class='ocrx_word' id='word_1_67' title='bbox 1190 1002 1333 1066; x_wconf 77' lang='lat' dir='ltr'><strong>errabunt.</strong></span> <span class='ocrx_word' id='word_1_68' title='bbox 1354 1002 1442 1063; x_wconf 75' lang='lat' dir='ltr'><strong>lemn</strong></span> 
     </span>
     <span class='ocr_line' id='line_1_9' title="bbox 264 1085 1443 1167; baseline -0.005 -15"><span class='ocrx_word' id='word_1_69' title='bbox 264 1088 461 1152; x_wconf 75' lang='lat' dir='ltr'><strong>Tertullianus</strong></span> <span class='ocrx_word' id='word_1_70' title='bbox 482 1105 543 1148; x_wconf 92' lang='lat' dir='ltr'><strong>non</strong></span> <span class='ocrx_word' id='word_1_71' title='bbox 564 1085 679 1150; x_wconf 86' lang='lat' dir='ltr'><strong>ridetur</strong></span> <span class='ocrx_word' id='word_1_72' title='bbox 693 1088 729 1150; x_wconf 91' lang='lat' dir='ltr'><strong>de</strong></span> <span class='ocrx_word' id='word_1_73' title='bbox 743 1088 790 1150; x_wconf 87' lang='lat' dir='ltr'><strong>his</strong></span> <span class='ocrx_word' id='word_1_74' title='bbox 805 1087 912 1152; x_wconf 87' lang='lat' dir='ltr'><strong>fecisse</strong></span> <span class='ocrx_word' id='word_1_75' title='bbox 927 1105 1104 1152; x_wconf 88' lang='lat' dir='ltr'><strong>sermonem.</strong></span> <span class='ocrx_word' id='word_1_76' title='bbox 1124 1087 1311 1167; x_wconf 72' lang='lat' dir='ltr'><strong>netimergo</strong></span> <span class='ocrx_word' id='word_1_77' title='bbox 1324 1086 1443 1165; x_wconf 87' lang='lat' dir='ltr'><strong>scriptun</strong></span> 
     </span>
     <span class='ocr_line' id='line_1_10' title="bbox 264 1171 1444 1255; baseline -0.003 -18"><span class='ocrx_word' id='word_1_78' title='bbox 264 1182 310 1236; x_wconf 90' lang='lat' dir='ltr'><strong>est</strong></span> <span class='ocrx_word' id='word_1_79' title='bbox 326 1173 541 1255; x_wconf 73' lang='lat' dir='ltr'><strong>polluctorum,</strong></span> <span class='ocrx_word' id='word_1_80' title='bbox 568 1171 610 1234; x_wconf 91' lang='lat' dir='ltr'><strong>uti</strong></span> <span class='ocrx_word' id='word_1_81' title='bbox 638 1171 803 1234; x_wconf 80' lang='lat' dir='ltr'><strong>confirmari</strong></span> <span class='ocrx_word' id='word_1_82' title='bbox 830 1181 928 1252; x_wconf 89' lang='lat' dir='ltr'><strong>potest</strong></span> <span class='ocrx_word' id='word_1_83' title='bbox 953 1173 1011 1244; x_wconf 87' lang='lat' dir='ltr'><strong>his,</strong></span> <span class='ocrx_word' id='word_1_84' title='bbox 1040 1171 1089 1252; x_wconf 93' lang='lat' dir='ltr'><strong>qui</strong></span> <span class='ocrx_word' id='word_1_85' title='bbox 1110 1171 1179 1234; x_wconf 90' lang='lat' dir='ltr'><strong>huic</strong></span> <span class='ocrx_word' id='word_1_86' title='bbox 1199 1172 1270 1236; x_wconf 86' lang='lat' dir='ltr'><strong>loco</strong></span> <span class='ocrx_word' id='word_1_87' title='bbox 1285 1190 1343 1234; x_wconf 89' lang='lat' dir='ltr'><strong>uon</strong></span> <span class='ocrx_word' id='word_1_88' title='bbox 1360 1185 1444 1251; x_wconf 69' lang='lat' dir='ltr'><strong>puuu</strong></span> 
     </span>
     <span class='ocr_line' id='line_1_11' title="bbox 263 1255 934 1337; baseline -0.003 -18"><span class='ocrx_word' id='word_1_89' title='bbox 263 1257 337 1321; x_wconf 89' lang='lat' dir='ltr'><strong>lucis</strong></span> <span class='ocrx_word' id='word_1_90' title='bbox 358 1259 536 1337; x_wconf 83' lang='lat' dir='ltr'><strong>praeierunt,</strong></span> <span class='ocrx_word' id='word_1_91' title='bbox 558 1255 651 1318; x_wconf 90' lang='lat' dir='ltr'><strong>Plauti</strong></span> <span class='ocrx_word' id='word_1_92' title='bbox 677 1257 825 1320; x_wconf 80' lang='lat' dir='ltr'><strong>versibus:</strong></span> <span class='ocrx_word' id='word_1_93' title='bbox 928 1281 934 1286; x_wconf 97' lang='lat'>·</span> 
     </span>
    </p>
   </div>
   <div class='ocr_carea' id='block_1_3' title="bbox 414 1381 1182 1464">
    <p class='ocr_par' dir='ltr' id='par_1_4' title="bbox 414 1381 1182 1464">
     <span class='ocr_line' id='line_1_12' title="bbox 414 1381 1182 1464; baseline 0.003 -20"><span class='ocrx_word' id='word_1_94' title='bbox 414 1381 481 1446; x_wconf 86' lang='lat' dir='ltr'><strong>Huc</strong></span> <span class='ocrx_word' id='word_1_95' title='bbox 502 1387 619 1445; x_wconf 81' lang='lat' dir='ltr'><strong>venisse</strong></span> <span class='ocrx_word' id='word_1_96' title='bbox 640 1385 697 1445; x_wconf 85' lang='lat' dir='ltr'><strong>iem</strong></span> <span class='ocrx_word' id='word_1_97' title='bbox 720 1401 794 1464; x_wconf 82' lang='lat' dir='ltr'><strong>opus</strong></span> <span class='ocrx_word' id='word_1_98' title='bbox 817 1393 861 1446; x_wconf 85' lang='lat' dir='ltr'><strong>ert</strong></span> <span class='ocrx_word' id='word_1_99' title='bbox 882 1393 1026 1464; x_wconf 82' lang='lat' dir='ltr'><strong>quomrum</strong></span> <span class='ocrx_word' id='word_1_100' title='bbox 1044 1394 1146 1463; x_wconf 83' lang='lat' dir='ltr'><strong>potest</strong></span> <span class='ocrx_word' id='word_1_101' title='bbox 1180 1403 1182 1410; x_wconf 93' lang='lat'>·</span> 
     </span>
    </p>
   </div>
   <div class='ocr_carea' id='block_1_4' title="bbox 418 1465 1396 1624">
    <p class='ocr_par' dir='ltr' id='par_1_5' title="bbox 418 1465 1396 1624">
     <span class='ocr_line' id='line_1_13' title="bbox 418 1465 1118 1547; baseline -0.001 -18"><span class='ocrx_word' id='word_1_102' title='bbox 418 1465 469 1529; x_wconf 84' lang='lat' dir='ltr'><strong>Uti</strong></span> <span class='ocrx_word' id='word_1_103' title='bbox 489 1469 639 1530; x_wconf 77' lang='lat' dir='ltr'><strong>domimum</strong></span> <span class='ocrx_word' id='word_1_104' title='bbox 656 1478 777 1547; x_wconf 84' lang='lat' dir='ltr'><strong>portem</strong></span> <span class='ocrx_word' id='word_1_105' title='bbox 798 1467 925 1529; x_wconf 75' lang='lat' dir='ltr'><strong>Herculi</strong></span> <span class='ocrx_word' id='word_1_106' title='bbox 942 1467 1118 1546; x_wconf 83' lang='lat' dir='ltr'><strong>polluerem.</strong></span> 
     </span>
     <span class='ocr_line' id='line_1_14' title="bbox 753 1549 1396 1624; baseline 0.005 -12"><span class='ocrx_word' id='word_1_107' title='bbox 753 1551 855 1624; x_wconf 88' lang='lat' dir='ltr'><strong>(Plaut.</strong></span> <span class='ocrx_word' id='word_1_108' title='bbox 879 1550 968 1613; x_wconf 89' lang='lat' dir='ltr'><strong>Stich.</strong></span> <span class='ocrx_word' id='word_1_109' title='bbox 990 1552 1052 1612; x_wconf 90' lang='lat' dir='ltr'><strong>Act.</strong></span> <span class='ocrx_word' id='word_1_110' title='bbox 1075 1552 1111 1613; x_wconf 94' lang='lat' dir='ltr'><strong>ll.</strong></span> <span class='ocrx_word' id='word_1_111' title='bbox 1134 1551 1220 1614; x_wconf 87' lang='lat' dir='ltr'><strong>Scen.</strong></span> <span class='ocrx_word' id='word_1_112' title='bbox 1245 1555 1272 1614; x_wconf 90' lang='lat' dir='ltr'><strong>l.</strong></span> <span class='ocrx_word' id='word_1_113' title='bbox 1294 1569 1321 1612; x_wconf 86' lang='lat' dir='ltr'><strong>r.</strong></span> <span class='ocrx_word' id='word_1_114' title='bbox 1341 1549 1396 1624; x_wconf 79' lang='lat'><strong>80.)</strong></span> 
     </span>
    </p>
   </div>
   <div class='ocr_carea' id='block_1_5' title="bbox 258 1675 1530 4298">
    <p class='ocr_par' dir='ltr' id='par_1_6' title="bbox 260 1675 1530 3194">
     <span class='ocr_line' id='line_1_15' title="bbox 264 1675 1446 1758; baseline -0.007 -17"><span class='ocrx_word' id='word_1_115' title='bbox 264 1678 393 1741; x_wconf 83' lang='lat' dir='ltr'><strong>Gentiles</strong></span> <span class='ocrx_word' id='word_1_116' title='bbox 421 1677 499 1739; x_wconf 91' lang='lat' dir='ltr'><strong>enirn</strong></span> <span class='ocrx_word' id='word_1_117' title='bbox 526 1675 668 1738; x_wconf 88' lang='lat' dir='ltr'><strong>decimam</strong></span> <span class='ocrx_word' id='word_1_118' title='bbox 695 1677 843 1740; x_wconf 90' lang='lat' dir='ltr'><strong>bonorum</strong></span> <span class='ocrx_word' id='word_1_119' title='bbox 871 1697 993 1740; x_wconf 89' lang='lat' dir='ltr'><strong>suorum</strong></span> <span class='ocrx_word' id='word_1_120' title='bbox 1020 1685 1142 1758; x_wconf 76' lang='lat' dir='ltr'><strong>perteus,</strong></span> <span class='ocrx_word' id='word_1_121' title='bbox 1172 1677 1217 1740; x_wconf 89' lang='lat' dir='ltr'><strong>uti</strong></span> <span class='ocrx_word' id='word_1_122' title='bbox 1237 1679 1342 1740; x_wconf 78' lang='lat' dir='ltr'><strong>Auctor</strong></span> <span class='ocrx_word' id='word_1_123' title='bbox 1365 1681 1446 1736; x_wconf 82' lang='lat' dir='ltr'><strong>noster</strong></span> 
     </span>
     <span class='ocr_line' id='line_1_16' title="bbox 262 1760 1447 1842; baseline -0.007 -16"><span class='ocrx_word' id='word_1_124' title='bbox 262 1761 398 1842; x_wconf 87' lang='lat' dir='ltr'><strong>superius</strong></span> <span class='ocrx_word' id='word_1_125' title='bbox 421 1761 542 1833; x_wconf 81' lang='lat' dir='ltr'><strong>dixerut,</strong></span> <span class='ocrx_word' id='word_1_126' title='bbox 563 1760 679 1822; x_wconf 88' lang='lat' dir='ltr'><strong>Herculi</strong></span> <span class='ocrx_word' id='word_1_127' title='bbox 701 1761 911 1824; x_wconf 82' lang='lat' dir='ltr'><strong>consecrabant</strong></span> <span class='ocrx_word' id='word_1_128' title='bbox 931 1762 1177 1842; x_wconf 84' lang='lat' dir='ltr'><strong>imponebantque</strong></span> <span class='ocrx_word' id='word_1_129' title='bbox 1200 1762 1231 1826; x_wconf 91' lang='lat' dir='ltr'><strong>in</strong></span> <span class='ocrx_word' id='word_1_130' title='bbox 1252 1763 1315 1824; x_wconf 87' lang='lat' dir='ltr'><strong>eius</strong></span> <span class='ocrx_word' id='word_1_131' title='bbox 1332 1779 1400 1822; x_wconf 81' lang='lat' dir='ltr'><strong>maur</strong></span> <span class='ocrx_word' id='word_1_132' title='bbox 1421 1775 1447 1818; x_wconf 81' lang='lat' dir='ltr'><strong>so</strong></span> 
     </span>
     <span class='ocr_line' id='line_1_17' title="bbox 262 1841 1446 1929; baseline 0.003 -21"><span class='ocrx_word' id='word_1_133' title='bbox 262 1855 365 1929; x_wconf 86' lang='lat' dir='ltr'><strong>postea</strong></span> <span class='ocrx_word' id='word_1_134' title='bbox 386 1845 537 1925; x_wconf 83' lang='lat' dir='ltr'><strong>splendide</strong></span> <span class='ocrx_word' id='word_1_135' title='bbox 558 1845 759 1924; x_wconf 89' lang='lat' dir='ltr'><strong>epulabantur.</strong></span> <span class='ocrx_word' id='word_1_136' title='bbox 802 1847 885 1910; x_wconf 87' lang='lat' dir='ltr'><strong>Unde</strong></span> <span class='ocrx_word' id='word_1_137' title='bbox 905 1847 983 1909; x_wconf 89' lang='lat' dir='ltr'><strong>idern</strong></span> <span class='ocrx_word' id='word_1_138' title='bbox 1005 1847 1140 1910; x_wconf 85' lang='lat' dir='ltr'><strong>Plautus:</strong></span> <span class='ocrx_word' id='word_1_139' title='bbox 1181 1847 1339 1917; x_wconf 81' lang='lat' dir='ltr'><strong>Obremute,</strong></span> <span class='ocrx_word' id='word_1_140' title='bbox 1363 1841 1446 1922; x_wconf 78' lang='lat' dir='ltr'><strong>inqut,</strong></span> 
     </span>
     <span class='ocr_line' id='line_1_18' title="bbox 260 1927 1446 2013; baseline -0.008 -18"><span class='ocrx_word' id='word_1_141' title='bbox 260 1930 475 2013; x_wconf 72' lang='lat' dir='ltr'><strong>pollucibiliter</strong></span> <span class='ocrx_word' id='word_1_142' title='bbox 498 1927 589 2002; x_wconf 89' lang='lat' dir='ltr'><strong>(Idem</strong></span> <span class='ocrx_word' id='word_1_143' title='bbox 610 1930 766 1992; x_wconf 82' lang='lat' dir='ltr'><strong>Mostellar.</strong></span> <span class='ocrx_word' id='word_1_144' title='bbox 788 1931 851 1994; x_wconf 92' lang='lat' dir='ltr'><strong>Act.</strong></span> <span class='ocrx_word' id='word_1_145' title='bbox 873 1931 909 1993; x_wconf 89' lang='lat' dir='ltr'><strong>H.</strong></span> <span class='ocrx_word' id='word_1_146' title='bbox 933 1932 1019 1994; x_wconf 88' lang='lat' dir='ltr'><strong>Scen.</strong></span> <span class='ocrx_word' id='word_1_147' title='bbox 1042 1937 1073 1996; x_wconf 78' lang='lat'><strong>4.</strong></span> <span class='ocrx_word' id='word_1_148' title='bbox 1094 1935 1221 2008; x_wconf 77' lang='lat' dir='ltr'><strong>v..11.).</strong></span> <span class='ocrx_word' id='word_1_149' title='bbox 1257 1932 1359 1994; x_wconf 81' lang='lat' dir='ltr'><strong>Festus</strong></span> <span class='ocrx_word' id='word_1_150' title='bbox 1377 1943 1446 1988; x_wconf 87' lang='lat' dir='ltr'><strong>rere:</strong></span> 
     </span>
     <span class='ocr_line' id='line_1_19' title="bbox 263 2013 1446 2096; baseline -0.002 -16"><span class='ocrx_word' id='word_1_151' title='bbox 263 2017 420 2080; x_wconf 79' lang='lat' dir='ltr'><strong>Pollucem</strong></span> <span class='ocrx_word' id='word_1_152' title='bbox 440 2032 552 2077; x_wconf 79' lang='lat' dir='ltr'><strong>coerces</strong></span> <span class='ocrx_word' id='word_1_153' title='bbox 575 2059 711 2078; x_wconf 89' lang='grc'><strong>.....</strong></span> <span class='ocrx_word' id='word_1_154' title='bbox 731 2017 795 2095; x_wconf 82' lang='lat' dir='ltr'><strong>scr,</strong></span> <span class='ocrx_word' id='word_1_155' title='bbox 816 2015 948 2096; x_wconf 85' lang='lat' dir='ltr'><strong>polemo.</strong></span> <span class='ocrx_word' id='word_1_156' title='bbox 970 2021 1082 2080; x_wconf 83' lang='lat' dir='ltr'><strong>m&#39;rcum.</strong></span> <span class='ocrx_word' id='word_1_157' title='bbox 1112 2013 1242 2080; x_wconf 79' lang='lat' dir='ltr'><strong>Herculi</strong></span> <span class='ocrx_word' id='word_1_158' title='bbox 1261 2015 1446 2080; x_wconf 75' lang='lat' dir='ltr'><strong>cummrmm&#39;t</strong></span> 
     </span>
     <span class='ocr_line' id='line_1_20' title="bbox 263 2093 1530 2188; baseline -0.008 -22"><span class='ocrx_word' id='word_1_159' title='bbox 263 2101 415 2166; x_wconf 80' lang='lat' dir='ltr'><strong>esculento</strong></span> <span class='ocrx_word' id='word_1_160' title='bbox 434 2097 621 2179; x_wconf 90' lang='lat' dir='ltr'><strong>pollucebant</strong></span> <span class='ocrx_word' id='word_1_161' title='bbox 642 2098 730 2184; x_wconf 82' lang='lat' dir='ltr'><strong>(Test.</strong></span> <span class='ocrx_word' id='word_1_162' title='bbox 753 2099 788 2160; x_wconf 85' lang='lat' dir='ltr'><strong>ad</strong></span> <span class='ocrx_word' id='word_1_163' title='bbox 811 2117 837 2160; x_wconf 84' lang='lat' dir='ltr'><strong>o.</strong></span> <span class='ocrx_word' id='word_1_164' title='bbox 860 2099 1034 2178; x_wconf 73' lang='lat' dir='ltr'><strong>Pollucem),</strong></span> <span class='ocrx_word' id='word_1_165' title='bbox 1055 2101 1118 2164; x_wconf 83' lang='lat' dir='ltr'><strong>sive</strong></span> <span class='ocrx_word' id='word_1_166' title='bbox 1138 2100 1282 2164; x_wconf 81' lang='lat' dir='ltr'><strong>decimum</strong></span> <span class='ocrx_word' id='word_1_167' title='bbox 1297 2107 1396 2180; x_wconf 82' lang='lat' dir='ltr'><strong>purten</strong></span> <span class='ocrx_word' id='word_1_168' title='bbox 1407 2093 1442 2188; x_wconf 60' lang='grc' dir='ltr'><strong>οξ·</strong></span> <span class='ocrx_word' id='word_1_169' title='bbox 1529 2164 1530 2172; x_wconf 8' lang='grc' dir='ltr'>ἵ</span> 
     </span>
     <span class='ocr_line' id='line_1_21' title="bbox 262 2181 1439 2266; baseline -0.008 -18"><span class='ocrx_word' id='word_1_170' title='bbox 262 2185 404 2248; x_wconf 79' lang='lat' dir='ltr'><strong>ferebant.</strong></span> <span class='ocrx_word' id='word_1_171' title='bbox 447 2183 489 2244; x_wconf 87' lang='lat' dir='ltr'><strong>De</strong></span> <span class='ocrx_word' id='word_1_172' title='bbox 515 2182 563 2244; x_wconf 85' lang='lat' dir='ltr'><strong>illa</strong></span> <span class='ocrx_word' id='word_1_173' title='bbox 590 2189 686 2245; x_wconf 89' lang='lat' dir='ltr'><strong>autem</strong></span> <span class='ocrx_word' id='word_1_174' title='bbox 709 2183 842 2246; x_wconf 88' lang='lat' dir='ltr'><strong>Herculis</strong></span> <span class='ocrx_word' id='word_1_175' title='bbox 870 2185 991 2260; x_wconf 86' lang='lat' dir='ltr'><strong>decima,</strong></span> <span class='ocrx_word' id='word_1_176' title='bbox 1023 2185 1166 2248; x_wconf 83' lang='lat' dir='ltr'><strong>sacrificio</strong></span> <span class='ocrx_word' id='word_1_177' title='bbox 1196 2194 1228 2248; x_wconf 85' lang='lat' dir='ltr'><strong>et</strong></span> <span class='ocrx_word' id='word_1_178' title='bbox 1254 2185 1340 2266; x_wconf 86' lang='lat' dir='ltr'><strong>epulo</strong></span> <span class='ocrx_word' id='word_1_179' title='bbox 1360 2181 1439 2244; x_wconf 78' lang='lat' dir='ltr'><strong>rideris</strong></span> 
     </span>
     <span class='ocr_line' id='line_1_22' title="bbox 263 2261 1442 2350; baseline 0 -20"><span class='ocrx_word' id='word_1_180' title='bbox 263 2271 434 2338; x_wconf 87' lang='lat' dir='ltr'><strong>Varronem,</strong></span> <span class='ocrx_word' id='word_1_181' title='bbox 456 2267 652 2340; x_wconf 72' lang='lat' dir='ltr'><strong>Plutarchum,</strong></span> <span class='ocrx_word' id='word_1_182' title='bbox 673 2268 862 2340; x_wconf 85' lang='lat' dir='ltr'><strong>Macrobium,</strong></span> <span class='ocrx_word' id='word_1_183' title='bbox 885 2269 935 2349; x_wconf 93' lang='lat' dir='ltr'><strong>qui</strong></span> <span class='ocrx_word' id='word_1_184' title='bbox 956 2278 986 2332; x_wconf 88' lang='lat' dir='ltr'><strong>et</strong></span> <span class='ocrx_word' id='word_1_185' title='bbox 1004 2269 1207 2350; x_wconf 79' lang='lat' dir='ltr'><strong>pollucibilem</strong></span> <span class='ocrx_word' id='word_1_186' title='bbox 1230 2289 1347 2333; x_wconf 78' lang='lat' dir='ltr'><strong>comum</strong></span> <span class='ocrx_word' id='word_1_187' title='bbox 1365 2261 1442 2347; x_wconf 74' lang='lat' dir='ltr'><strong>oppul-</strong></span> 
     </span>
     <span class='ocr_line' id='line_1_23' title="bbox 263 2351 1444 2434; baseline -0.003 -17"><span class='ocrx_word' id='word_1_188' title='bbox 263 2353 308 2417; x_wconf 87' lang='lat' dir='ltr'><strong>lut</strong></span> <span class='ocrx_word' id='word_1_189' title='bbox 340 2353 432 2428; x_wconf 88' lang='lat' dir='ltr'><strong>(Varr.</strong></span> <span class='ocrx_word' id='word_1_190' title='bbox 461 2351 510 2414; x_wconf 91' lang='lat' dir='ltr'><strong>lib.</strong></span> <span class='ocrx_word' id='word_1_191' title='bbox 534 2351 566 2412; x_wconf 82' lang='lat' dir='ltr'><strong>v.</strong></span> <span class='ocrx_word' id='word_1_192' title='bbox 596 2352 632 2414; x_wconf 88' lang='lat' dir='ltr'><strong>de</strong></span> <span class='ocrx_word' id='word_1_193' title='bbox 653 2351 738 2432; x_wconf 85' lang='lat' dir='ltr'><strong>Ling.</strong></span> <span class='ocrx_word' id='word_1_194' title='bbox 758 2353 823 2415; x_wconf 87' lang='lat' dir='ltr'><strong>Lat.</strong></span> <span class='ocrx_word' id='word_1_195' title='bbox 845 2373 875 2434; x_wconf 88' lang='lat' dir='ltr'><strong>p.</strong></span> <span class='ocrx_word' id='word_1_196' title='bbox 897 2357 949 2420; x_wconf 85' lang='lat'><strong>58.</strong></span> <span class='ocrx_word' id='word_1_197' title='bbox 982 2354 1127 2417; x_wconf 90' lang='lat' dir='ltr'><strong>Plutarch.</strong></span> <span class='ocrx_word' id='word_1_198' title='bbox 1152 2355 1444 2427; x_wconf 78' lang='lat' dir='ltr'><strong>Quaestlloman.1t·</strong></span> 
     </span>
     <span class='ocr_line' id='line_1_24' title="bbox 264 2436 1446 2516; baseline -0.005 -12"><span class='ocrx_word' id='word_1_199' title='bbox 264 2441 336 2504; x_wconf 78' lang='lat'><strong>267.</strong></span> <span class='ocrx_word' id='word_1_200' title='bbox 365 2437 491 2500; x_wconf 88' lang='lat' dir='ltr'><strong>blacrob.</strong></span> <span class='ocrx_word' id='word_1_201' title='bbox 514 2436 563 2498; x_wconf 93' lang='lat' dir='ltr'><strong>lib.</strong></span> <span class='ocrx_word' id='word_1_202' title='bbox 586 2437 635 2498; x_wconf 86' lang='grc' dir='ltr'><strong>ΙΙΙ.</strong></span> <span class='ocrx_word' id='word_1_203' title='bbox 665 2438 810 2500; x_wconf 82' lang='lat' dir='ltr'><strong>Saturnal.</strong></span> <span class='ocrx_word' id='word_1_204' title='bbox 834 2457 895 2516; x_wconf 88' lang='lat' dir='ltr'><strong>cap.</strong></span> <span class='ocrx_word' id='word_1_205' title='bbox 921 2441 968 2503; x_wconf 84' lang='lat'><strong>12.</strong></span> <span class='ocrx_word' id='word_1_206' title='bbox 995 2443 1032 2503; x_wconf 84' lang='lat'><strong>15</strong></span> <span class='ocrx_word' id='word_1_207' title='bbox 1056 2447 1084 2500; x_wconf 89' lang='lat' dir='ltr'><strong>ct</strong></span> <span class='ocrx_word' id='word_1_208' title='bbox 1108 2442 1178 2514; x_wconf 75' lang='lat' dir='ltr'><strong>tn).</strong></span> <span class='ocrx_word' id='word_1_209' title='bbox 1225 2439 1348 2514; x_wconf 82' lang='lat' dir='ltr'><strong>Quantis</strong></span> <span class='ocrx_word' id='word_1_210' title='bbox 1376 2448 1446 2515; x_wconf 80' lang='lat' dir='ltr'><strong>portu</strong></span> 
     </span>
     <span class='ocr_line' id='line_1_25' title="bbox 265 2521 1450 2605; baseline -0.001 -20"><span class='ocrx_word' id='word_1_211' title='bbox 265 2522 432 2602; x_wconf 78' lang='lat' dir='ltr'><strong>sumptibus</strong></span> <span class='ocrx_word' id='word_1_212' title='bbox 459 2529 618 2601; x_wconf 87' lang='lat' dir='ltr'><strong>pararetur,</strong></span> <span class='ocrx_word' id='word_1_213' title='bbox 648 2521 780 2584; x_wconf 89' lang='lat' dir='ltr'><strong>tabularii</strong></span> <span class='ocrx_word' id='word_1_214' title='bbox 803 2525 1018 2605; x_wconf 84' lang='lat' dir='ltr'><strong>supputobumt,</strong></span> <span class='ocrx_word' id='word_1_215' title='bbox 1048 2525 1097 2603; x_wconf 93' lang='lat' dir='ltr'><strong>qui</strong></span> <span class='ocrx_word' id='word_1_216' title='bbox 1118 2522 1255 2586; x_wconf 83' lang='lat' dir='ltr'><strong>videlicet</strong></span> <span class='ocrx_word' id='word_1_217' title='bbox 1276 2524 1410 2586; x_wconf 75' lang='lat' dir='ltr'><strong>civitatium</strong></span> <span class='ocrx_word' id='word_1_218' title='bbox 1427 2522 1450 2576; x_wconf 74' lang='lat' dir='ltr'><strong>tl</strong></span> 
     </span>
     <span class='ocr_line' id='line_1_26' title="bbox 261 2604 1450 2688; baseline -0.007 -19"><span class='ocrx_word' id='word_1_219' title='bbox 261 2607 477 2688; x_wconf 87' lang='lat' dir='ltr'><strong>provinciarum</strong></span> <span class='ocrx_word' id='word_1_220' title='bbox 498 2607 628 2668; x_wconf 90' lang='lat' dir='ltr'><strong>rationes</strong></span> <span class='ocrx_word' id='word_1_221' title='bbox 649 2607 865 2687; x_wconf 81' lang='lat' dir='ltr'><strong>computabant,</strong></span> <span class='ocrx_word' id='word_1_222' title='bbox 899 2607 941 2671; x_wconf 92' lang='lat' dir='ltr'><strong>uti</strong></span> <span class='ocrx_word' id='word_1_223' title='bbox 962 2607 1053 2687; x_wconf 88' lang='lat' dir='ltr'><strong>liquet</strong></span> <span class='ocrx_word' id='word_1_224' title='bbox 1074 2627 1109 2670; x_wconf 85' lang='lat' dir='ltr'><strong>ex</strong></span> <span class='ocrx_word' id='word_1_225' title='bbox 1130 2607 1233 2672; x_wconf 87' lang='lat' dir='ltr'><strong>codice</strong></span> <span class='ocrx_word' id='word_1_226' title='bbox 1254 2604 1450 2672; x_wconf 77' lang='lat' dir='ltr'><strong>Theodosium,</strong></span> 
     </span>
     <span class='ocr_line' id='line_1_27' title="bbox 262 2691 1452 2772; baseline -0.005 -18"><span class='ocrx_word' id='word_1_227' title='bbox 262 2692 312 2754; x_wconf 91' lang='lat' dir='ltr'><strong>ubi</strong></span> <span class='ocrx_word' id='word_1_228' title='bbox 335 2711 409 2754; x_wconf 91' lang='lat' dir='ltr'><strong>unus</strong></span> <span class='ocrx_word' id='word_1_229' title='bbox 432 2699 479 2753; x_wconf 89' lang='lat' dir='ltr'><strong>est</strong></span> <span class='ocrx_word' id='word_1_230' title='bbox 500 2693 534 2754; x_wconf 86' lang='lat' dir='ltr'><strong>de</strong></span> <span class='ocrx_word' id='word_1_231' title='bbox 557 2691 716 2754; x_wconf 84' lang='lat' dir='ltr'><strong>tabulariis</strong></span> <span class='ocrx_word' id='word_1_232' title='bbox 740 2691 849 2755; x_wconf 89' lang='lat' dir='ltr'><strong>titulus.</strong></span> <span class='ocrx_word' id='word_1_233' title='bbox 879 2693 988 2754; x_wconf 90' lang='lat' dir='ltr'><strong>Auctor</strong></span> <span class='ocrx_word' id='word_1_234' title='bbox 1008 2693 1105 2772; x_wconf 81' lang='lat' dir='ltr'><strong>itaqu&#39;e</strong></span> <span class='ocrx_word' id='word_1_235' title='bbox 1127 2702 1231 2754; x_wconf 82' lang='lat' dir='ltr'><strong>noster</strong></span> <span class='ocrx_word' id='word_1_236' title='bbox 1248 2693 1452 2772; x_wconf 80' lang='lat' dir='ltr'><strong>signiticattan·</strong></span> 
     </span>
     <span class='ocr_line' id='line_1_28' title="bbox 261 2775 1452 2856; baseline -0.005 -18"><span class='ocrx_word' id='word_1_237' title='bbox 261 2786 308 2839; x_wconf 88' lang='lat' dir='ltr'><strong>tos</strong></span> <span class='ocrx_word' id='word_1_238' title='bbox 329 2777 419 2840; x_wconf 84' lang='lat' dir='ltr'><strong>fuisse</strong></span> <span class='ocrx_word' id='word_1_239' title='bbox 440 2776 545 2838; x_wconf 85' lang='lat' dir='ltr'><strong>harum</strong></span> <span class='ocrx_word' id='word_1_240' title='bbox 567 2795 724 2838; x_wconf 88' lang='lat' dir='ltr'><strong>coenarum</strong></span> <span class='ocrx_word' id='word_1_241' title='bbox 746 2785 892 2856; x_wconf 86' lang='lat' dir='ltr'><strong>sumptus,</strong></span> <span class='ocrx_word' id='word_1_242' title='bbox 915 2785 947 2838; x_wconf 93' lang='lat' dir='ltr'><strong>ut</strong></span> <span class='ocrx_word' id='word_1_243' title='bbox 967 2777 1023 2838; x_wconf 90' lang='lat' dir='ltr'><strong>soli</strong></span> <span class='ocrx_word' id='word_1_244' title='bbox 1045 2777 1153 2856; x_wconf 88' lang='lat' dir='ltr'><strong>publici</strong></span> <span class='ocrx_word' id='word_1_245' title='bbox 1170 2775 1325 2849; x_wconf 79' lang='lat' dir='ltr'><strong>tabularii,</strong></span> <span class='ocrx_word' id='word_1_246' title='bbox 1347 2789 1452 2852; x_wconf 91' lang='lat' dir='ltr'><strong>compu-</strong></span> 
     </span>
     <span class='ocr_line' id='line_1_29' title="bbox 262 2859 1453 2940; baseline -0.006 -16"><span class='ocrx_word' id='word_1_247' title='bbox 262 2862 357 2924; x_wconf 73' lang='lat' dir='ltr'><strong>tandis</strong></span> <span class='ocrx_word' id='word_1_248' title='bbox 379 2861 512 2923; x_wconf 78' lang='lat' dir='ltr'><strong>maximis</strong></span> <span class='ocrx_word' id='word_1_249' title='bbox 535 2879 728 2940; x_wconf 83' lang='lat' dir='ltr'><strong>expensarum</strong></span> <span class='ocrx_word' id='word_1_250' title='bbox 749 2862 872 2924; x_wconf 89' lang='lat' dir='ltr'><strong>summis</strong></span> <span class='ocrx_word' id='word_1_251' title='bbox 894 2861 1061 2934; x_wconf 80' lang='lat' dir='ltr'><strong>assuefacti,</strong></span> <span class='ocrx_word' id='word_1_252' title='bbox 1083 2861 1149 2922; x_wconf 90' lang='lat' dir='ltr'><strong>illos</strong></span> <span class='ocrx_word' id='word_1_253' title='bbox 1164 2879 1323 2926; x_wconf 88' lang='lat' dir='ltr'><strong>numerare</strong></span> <span class='ocrx_word' id='word_1_254' title='bbox 1336 2859 1453 2937; x_wconf 78' lang='lat' dir='ltr'><strong>sinpos-</strong></span> 
     </span>
     <span class='ocr_line' id='line_1_30' title="bbox 262 2945 1454 3025; baseline 0 -17"><span class='ocrx_word' id='word_1_255' title='bbox 262 2955 337 3008; x_wconf 85' lang='lat' dir='ltr'><strong>sent.</strong></span> <span class='ocrx_word' id='word_1_256' title='bbox 367 2946 470 3007; x_wconf 90' lang='lat' dir='ltr'><strong>Potior</strong></span> <span class='ocrx_word' id='word_1_257' title='bbox 491 2945 579 3024; x_wconf 84' lang='lat' dir='ltr'><strong>igitur</strong></span> <span class='ocrx_word' id='word_1_258' title='bbox 600 2954 645 3006; x_wconf 87' lang='lat' dir='ltr'><strong>cst</strong></span> <span class='ocrx_word' id='word_1_259' title='bbox 665 2946 737 3008; x_wconf 90' lang='lat' dir='ltr'><strong>haec</strong></span> <span class='ocrx_word' id='word_1_260' title='bbox 757 2945 854 3020; x_wconf 90' lang='lat' dir='ltr'><strong>lectio,</strong></span> <span class='ocrx_word' id='word_1_261' title='bbox 877 2963 962 3025; x_wconf 88' lang='lat' dir='ltr'><strong>quam</strong></span> <span class='ocrx_word' id='word_1_262' title='bbox 985 2946 1154 3018; x_wconf 75' lang='lat' dir='ltr'><strong>stabularii,</strong></span> <span class='ocrx_word' id='word_1_263' title='bbox 1177 2946 1237 3010; x_wconf 84' lang='lat' dir='ltr'><strong>huc</strong></span> <span class='ocrx_word' id='word_1_264' title='bbox 1258 2957 1305 3008; x_wconf 89' lang='lat' dir='ltr'><strong>est</strong></span> <span class='ocrx_word' id='word_1_265' title='bbox 1324 2957 1454 3022; x_wconf 61' lang='lat' dir='ltr'><strong>caupones</strong></span> 
     </span>
     <span class='ocr_line' id='line_1_31' title="bbox 261 3030 1454 3117; baseline -0.005 -24"><span class='ocrx_word' id='word_1_266' title='bbox 261 3039 291 3093; x_wconf 90' lang='lat' dir='ltr'><strong>et</strong></span> <span class='ocrx_word' id='word_1_267' title='bbox 312 3030 477 3105; x_wconf 86' lang='lat' dir='ltr'><strong>tabernarii,</strong></span> <span class='ocrx_word' id='word_1_268' title='bbox 511 3030 560 3109; x_wconf 89' lang='lat' dir='ltr'><strong>qui</strong></span> <span class='ocrx_word' id='word_1_269' title='bbox 592 3030 623 3092; x_wconf 90' lang='lat' dir='ltr'><strong>in</strong></span> <span class='ocrx_word' id='word_1_270' title='bbox 644 3030 784 3110; x_wconf 83' lang='lat' dir='ltr'><strong>cauponis</strong></span> <span class='ocrx_word' id='word_1_271' title='bbox 806 3031 869 3094; x_wconf 90' lang='lat' dir='ltr'><strong>suis</strong></span> <span class='ocrx_word' id='word_1_272' title='bbox 891 3041 1027 3110; x_wconf 89' lang='lat' dir='ltr'><strong>sumptus</strong></span> <span class='ocrx_word' id='word_1_273' title='bbox 1050 3031 1111 3092; x_wconf 87' lang='lat' dir='ltr'><strong>sire</strong></span> <span class='ocrx_word' id='word_1_274' title='bbox 1132 3049 1257 3117; x_wconf 66' lang='lat' dir='ltr'><strong>magnos</strong></span> <span class='ocrx_word' id='word_1_275' title='bbox 1281 3031 1342 3094; x_wconf 86' lang='lat' dir='ltr'><strong>sire</strong></span> <span class='ocrx_word' id='word_1_276' title='bbox 1362 3040 1454 3109; x_wconf 78' lang='lat' dir='ltr'><strong>parvos</strong></span> 
     </span>
     <span class='ocr_line' id='line_1_32' title="bbox 260 3114 1181 3194; baseline 0.002 -18"><span class='ocrx_word' id='word_1_277' title='bbox 260 3115 296 3177; x_wconf 84' lang='lat' dir='ltr'><strong>ab</strong></span> <span class='ocrx_word' id='word_1_278' title='bbox 319 3115 501 3193; x_wconf 88' lang='lat' dir='ltr'><strong>epulantibus</strong></span> <span class='ocrx_word' id='word_1_279' title='bbox 523 3117 615 3176; x_wconf 85' lang='lat' dir='ltr'><strong>factos</strong></span> <span class='ocrx_word' id='word_1_280' title='bbox 637 3122 805 3194; x_wconf 87' lang='lat' dir='ltr'><strong>computare</strong></span> <span class='ocrx_word' id='word_1_281' title='bbox 826 3114 938 3178; x_wconf 77' lang='lat' dir='ltr'><strong>sachius</strong></span> <span class='ocrx_word' id='word_1_282' title='bbox 960 3125 1181 3178; x_wconf 85' lang='lat' dir='ltr'><strong>consueverant</strong></span> 
     </span>
    </p>

    <p class='ocr_par' dir='ltr' id='par_1_7' title="bbox 258 3195 1461 4298">
     <span class='ocr_line' id='line_1_33' title="bbox 344 3195 1456 3280; baseline -0.004 -22"><span class='ocrx_word' id='word_1_283' title='bbox 344 3199 536 3277; x_wconf 85' lang='lat' dir='ltr'><strong>Prosequitur</strong></span> <span class='ocrx_word' id='word_1_284' title='bbox 558 3199 768 3262; x_wconf 87' lang='lat' dir='ltr'><strong>Tertullianus:</strong></span> <span class='ocrx_word' id='word_1_285' title='bbox 801 3201 966 3280; x_wconf 84' lang='lat' dir='ltr'><strong>Apaturiis,</strong></span> <span class='ocrx_word' id='word_1_286' title='bbox 994 3199 1157 3280; x_wconf 83' lang='lat' dir='ltr'><strong>Hiooysr&#39;is,</strong></span> <span class='ocrx_word' id='word_1_287' title='bbox 1185 3203 1339 3280; x_wconf 79' lang='lat' dir='ltr'><strong>mysteriis</strong></span> <span class='ocrx_word' id='word_1_288' title='bbox 1366 3195 1456 3260; x_wconf 83' lang='lat' dir='ltr'><strong>Atticis</strong></span> 
     </span>
     <span class='ocr_line' id='line_1_34' title="bbox 260 3275 1458 3364; baseline -0.003 -20"><span class='ocrx_word' id='word_1_289' title='bbox 260 3300 425 3364; x_wconf 84' lang='lat' dir='ltr'><strong>coquorum</strong></span> <span class='ocrx_word' id='word_1_290' title='bbox 445 3283 574 3346; x_wconf 82' lang='lat' dir='ltr'><strong>delectus</strong></span> <span class='ocrx_word' id='word_1_291' title='bbox 597 3285 741 3346; x_wconf 84' lang='lat' dir='ltr'><strong>indicitur</strong></span> <span class='ocrx_word' id='word_1_292' title='bbox 761 3283 894 3358; x_wconf 87' lang='lat' dir='ltr'><strong>(Tertull.</strong></span> <span class='ocrx_word' id='word_1_293' title='bbox 910 3283 1060 3364; x_wconf 77' lang='lat' dir='ltr'><strong>Apologct</strong></span> <span class='ocrx_word' id='word_1_294' title='bbox 1075 3303 1138 3364; x_wconf 89' lang='lat' dir='ltr'><strong>cap.</strong></span> <span class='ocrx_word' id='word_1_295' title='bbox 1150 3285 1225 3361; x_wconf 82' lang='grc'><strong>39.).</strong></span> <span class='ocrx_word' id='word_1_296' title='bbox 1266 3275 1458 3361; x_wconf 75' lang='grc' dir='ltr'><strong><em>Ἀπατούρια</em></strong></span> 
     </span>
     <span class='ocr_line' id='line_1_35' title="bbox 260 3366 1458 3448; baseline -0.004 -21"><span class='ocrx_word' id='word_1_297' title='bbox 260 3375 357 3428; x_wconf 88' lang='lat' dir='ltr'><strong>autem</strong></span> <span class='ocrx_word' id='word_1_298' title='bbox 380 3367 522 3428; x_wconf 89' lang='lat' dir='ltr'><strong>solemnis</strong></span> <span class='ocrx_word' id='word_1_299' title='bbox 544 3366 607 3428; x_wconf 89' lang='lat' dir='ltr'><strong>dies</strong></span> <span class='ocrx_word' id='word_1_300' title='bbox 630 3369 723 3429; x_wconf 81' lang='lat' dir='ltr'><strong>festus</strong></span> <span class='ocrx_word' id='word_1_301' title='bbox 745 3376 817 3442; x_wconf 86' lang='lat' dir='ltr'><strong>erat,</strong></span> <span class='ocrx_word' id='word_1_302' title='bbox 840 3369 889 3446; x_wconf 92' lang='lat' dir='ltr'><strong>qui</strong></span> <span class='ocrx_word' id='word_1_303' title='bbox 904 3369 940 3430; x_wconf 88' lang='lat' dir='ltr'><strong>ab</strong></span> <span class='ocrx_word' id='word_1_304' title='bbox 954 3369 1179 3435; x_wconf 77' lang='lat' dir='ltr'><strong>Atheniensibus</strong></span> <span class='ocrx_word' id='word_1_305' title='bbox 1195 3368 1354 3448; x_wconf 88' lang='lat' dir='ltr'><strong>quotannis</strong></span> <span class='ocrx_word' id='word_1_306' title='bbox 1368 3379 1458 3428; x_wconf 91' lang='lat' dir='ltr'><strong>mense</strong></span> 
     </span>
     <span class='ocr_line' id='line_1_36' title="bbox 261 3448 1459 3530; baseline -0.003 -16"><span class='ocrx_word' id='word_1_307' title='bbox 261 3449 383 3514; x_wconf 89' lang='lat' dir='ltr'><strong>Octobri</strong></span> <span class='ocrx_word' id='word_1_308' title='bbox 409 3470 463 3530; x_wconf 91' lang='lat' dir='ltr'><strong>per</strong></span> <span class='ocrx_word' id='word_1_309' title='bbox 491 3459 551 3512; x_wconf 87' lang='lat' dir='ltr'><strong>tres</strong></span> <span class='ocrx_word' id='word_1_310' title='bbox 580 3451 643 3512; x_wconf 91' lang='lat' dir='ltr'><strong>dies</strong></span> <span class='ocrx_word' id='word_1_311' title='bbox 671 3451 879 3514; x_wconf 88' lang='lat' dir='ltr'><strong>celebrabatur.</strong></span> <span class='ocrx_word' id='word_1_312' title='bbox 929 3453 1029 3516; x_wconf 89' lang='lat' dir='ltr'><strong>Primo</strong></span> <span class='ocrx_word' id='word_1_313' title='bbox 1058 3461 1156 3516; x_wconf 89' lang='lat' dir='ltr'><strong>autern</strong></span> <span class='ocrx_word' id='word_1_314' title='bbox 1183 3453 1233 3515; x_wconf 86' lang='lat' dir='ltr'><strong>die</strong></span> <span class='ocrx_word' id='word_1_315' title='bbox 1261 3453 1386 3516; x_wconf 89' lang='lat' dir='ltr'><strong>tribules</strong></span> <span class='ocrx_word' id='word_1_316' title='bbox 1406 3448 1459 3510; x_wconf 81' lang='lat' dir='ltr'><strong>sire</strong></span> 
     </span>
     <span class='ocr_line' id='line_1_37' title="bbox 260 3531 1458 3618; baseline -0.007 -20"><span class='ocrx_word' id='word_1_317' title='bbox 260 3535 377 3598; x_wconf 89' lang='lat' dir='ltr'><strong>sodales</strong></span> <span class='ocrx_word' id='word_1_318' title='bbox 404 3535 472 3596; x_wconf 93' lang='lat' dir='ltr'><strong>huic</strong></span> <span class='ocrx_word' id='word_1_319' title='bbox 499 3535 673 3597; x_wconf 89' lang='lat' dir='ltr'><strong>solemnitati</strong></span> <span class='ocrx_word' id='word_1_320' title='bbox 701 3537 840 3616; x_wconf 87' lang='lat' dir='ltr'><strong>adscripti</strong></span> <span class='ocrx_word' id='word_1_321' title='bbox 869 3537 955 3600; x_wconf 88' lang='lat' dir='ltr'><strong>simul</strong></span> <span class='ocrx_word' id='word_1_322' title='bbox 978 3538 1098 3618; x_wconf 81' lang='lat' dir='ltr'><strong>opipare</strong></span> <span class='ocrx_word' id='word_1_323' title='bbox 1120 3537 1293 3600; x_wconf 89' lang='lat' dir='ltr'><strong>coenabant.</strong></span> <span class='ocrx_word' id='word_1_324' title='bbox 1337 3531 1458 3598; x_wconf 86' lang='lat' dir='ltr'><strong>Secundo</strong></span> 
     </span>
     <span class='ocr_line' id='line_1_38' title="bbox 259 3615 1458 3701; baseline -0.004 -18"><span class='ocrx_word' id='word_1_325' title='bbox 259 3621 307 3683; x_wconf 89' lang='lat' dir='ltr'><strong>die</strong></span> <span class='ocrx_word' id='word_1_326' title='bbox 328 3619 530 3682; x_wconf 81' lang='lat' dir='ltr'><strong>sacrificabant</strong></span> <span class='ocrx_word' id='word_1_327' title='bbox 551 3619 611 3680; x_wconf 89' lang='lat' dir='ltr'><strong>lovi</strong></span> <span class='ocrx_word' id='word_1_328' title='bbox 633 3629 663 3680; x_wconf 88' lang='lat' dir='ltr'><strong>ct</strong></span> <span class='ocrx_word' id='word_1_329' title='bbox 677 3620 832 3682; x_wconf 82' lang='lat' dir='ltr'><strong>llinerrae.</strong></span> <span class='ocrx_word' id='word_1_330' title='bbox 884 3622 983 3683; x_wconf 84' lang='lat' dir='ltr'><strong>&#39;Tertia</strong></span> <span class='ocrx_word' id='word_1_331' title='bbox 1007 3622 1123 3684; x_wconf 85' lang='lat' dir='ltr'><strong>tandem</strong></span> <span class='ocrx_word' id='word_1_332' title='bbox 1145 3622 1192 3684; x_wconf 87' lang='lat' dir='ltr'><strong>die</strong></span> <span class='ocrx_word' id='word_1_333' title='bbox 1213 3641 1326 3701; x_wconf 88' lang='lat' dir='ltr'><strong>pueros</strong></span> <span class='ocrx_word' id='word_1_334' title='bbox 1341 3629 1370 3684; x_wconf 88' lang='lat' dir='ltr'><strong>et</strong></span> <span class='ocrx_word' id='word_1_335' title='bbox 1382 3615 1458 3699; x_wconf 81' lang='lat' dir='ltr'><strong>puel·</strong></span> 
     </span>
     <span class='ocr_line' id='line_1_39' title="bbox 258 3703 1458 3785; baseline -0.004 -18"><span class='ocrx_word' id='word_1_336' title='bbox 258 3706 301 3769; x_wconf 89' lang='lat' dir='ltr'><strong>las</strong></span> <span class='ocrx_word' id='word_1_337' title='bbox 322 3705 354 3768; x_wconf 92' lang='lat' dir='ltr'><strong>in</strong></span> <span class='ocrx_word' id='word_1_338' title='bbox 376 3705 464 3767; x_wconf 89' lang='lat' dir='ltr'><strong>curiis</strong></span> <span class='ocrx_word' id='word_1_339' title='bbox 486 3703 693 3767; x_wconf 85' lang='lat' dir='ltr'><strong>inscribebant.</strong></span> <span class='ocrx_word' id='word_1_340' title='bbox 722 3705 880 3768; x_wconf 87' lang='lat' dir='ltr'><strong>Memoriae</strong></span> <span class='ocrx_word' id='word_1_341' title='bbox 902 3715 999 3770; x_wconf 82' lang='lat' dir='ltr'><strong>autem</strong></span> <span class='ocrx_word' id='word_1_342' title='bbox 1016 3707 1182 3770; x_wconf 85' lang='lat' dir='ltr'><strong>Herodotus</strong></span> <span class='ocrx_word' id='word_1_343' title='bbox 1204 3706 1337 3785; x_wconf 89' lang='lat' dir='ltr'><strong>prodidit</strong></span> <span class='ocrx_word' id='word_1_344' title='bbox 1358 3705 1458 3766; x_wconf 89' lang='lat' dir='ltr'><strong>Home-</strong></span> 
     </span>
     <span class='ocr_line' id='line_1_40' title="bbox 259 3787 1459 3854; baseline -0.006 -2"><span class='ocrx_word' id='word_1_345' title='bbox 259 3811 325 3854; x_wconf 93' lang='lat' dir='ltr'><strong>rum</strong></span> <span class='ocrx_word' id='word_1_346' title='bbox 348 3790 383 3853; x_wconf 93' lang='lat' dir='ltr'><strong>ad</strong></span> <span class='ocrx_word' id='word_1_347' title='bbox 405 3789 480 3851; x_wconf 87' lang='lat' dir='ltr'><strong>hanc</strong></span> <span class='ocrx_word' id='word_1_348' title='bbox 501 3807 621 3851; x_wconf 87' lang='lat' dir='ltr'><strong>coenam</strong></span> <span class='ocrx_word' id='word_1_349' title='bbox 644 3809 660 3850; x_wconf 86' lang='lat' dir='ltr'>a</span> <span class='ocrx_word' id='word_1_350' title='bbox 682 3790 832 3853; x_wconf 89' lang='lat' dir='ltr'><strong>sodalibus</strong></span> <span class='ocrx_word' id='word_1_351' title='bbox 859 3791 1011 3854; x_wconf 83' lang='lat' dir='ltr'><strong>inritatum</strong></span> <span class='ocrx_word' id='word_1_352' title='bbox 1032 3793 1143 3854; x_wconf 89' lang='lat' dir='ltr'><strong>mensis</strong></span> <span class='ocrx_word' id='word_1_353' title='bbox 1167 3809 1272 3854; x_wconf 87' lang='lat' dir='ltr'><strong>revera</strong></span> <span class='ocrx_word' id='word_1_354' title='bbox 1287 3787 1459 3852; x_wconf 84' lang='lat' dir='ltr'><strong>accubuisse</strong></span> 
     </span>
     <span class='ocr_line' id='line_1_41' title="bbox 259 3871 1461 3948; baseline -0.007 -10"><span class='ocrx_word' id='word_1_355' title='bbox 259 3876 319 3938; x_wconf 87' lang='lat' dir='ltr'><strong>Sed</strong></span> <span class='ocrx_word' id='word_1_356' title='bbox 341 3876 410 3938; x_wconf 78' lang='lat' dir='ltr'><strong>olibi</strong></span> <span class='ocrx_word' id='word_1_357' title='bbox 431 3875 509 3936; x_wconf 91' lang='lat' dir='ltr'><strong>idem</strong></span> <span class='ocrx_word' id='word_1_358' title='bbox 530 3874 689 3936; x_wconf 89' lang='lat' dir='ltr'><strong>historicus</strong></span> <span class='ocrx_word' id='word_1_359' title='bbox 712 3875 800 3938; x_wconf 93' lang='lat' dir='ltr'><strong>huius</strong></span> <span class='ocrx_word' id='word_1_360' title='bbox 822 3875 891 3938; x_wconf 87' lang='lat' dir='ltr'><strong>festi</strong></span> <span class='ocrx_word' id='word_1_361' title='bbox 912 3875 1008 3939; x_wconf 81' lang='lat' dir='ltr'><strong>adhuc</strong></span> <span class='ocrx_word' id='word_1_362' title='bbox 1029 3876 1161 3938; x_wconf 89' lang='lat' dir='ltr'><strong>meminit</strong></span> <span class='ocrx_word' id='word_1_363' title='bbox 1182 3875 1340 3948; x_wconf 89' lang='lat' dir='ltr'><strong>(llerodot.</strong></span> <span class='ocrx_word' id='word_1_364' title='bbox 1362 3871 1461 3937; x_wconf 83' lang='lat' dir='ltr'><strong>inlita</strong></span> 
     </span>
     <span class='ocr_line' id='line_1_42' title="bbox 258 3955 1459 4041; baseline 0.002 -19"><span class='ocrx_word' id='word_1_365' title='bbox 258 3960 379 4022; x_wconf 83' lang='lat' dir='ltr'><strong>Homeri</strong></span> <span class='ocrx_word' id='word_1_366' title='bbox 401 3978 463 4039; x_wconf 89' lang='lat' dir='ltr'><strong>cap.</strong></span> <span class='ocrx_word' id='word_1_367' title='bbox 475 3962 515 4024; x_wconf 79' lang='lat'><strong>29</strong></span> <span class='ocrx_word' id='word_1_368' title='bbox 539 3967 567 4020; x_wconf 88' lang='lat' dir='ltr'><strong>et</strong></span> <span class='ocrx_word' id='word_1_369' title='bbox 582 3978 663 4038; x_wconf 89' lang='lat' dir='ltr'><strong>seqq.</strong></span> <span class='ocrx_word' id='word_1_370' title='bbox 685 3979 720 4022; x_wconf 93' lang='lat' dir='ltr'><strong>ac</strong></span> <span class='ocrx_word' id='word_1_371' title='bbox 740 3960 825 4022; x_wconf 91' lang='lat' dir='ltr'><strong>lib.l.</strong></span> <span class='ocrx_word' id='word_1_372' title='bbox 848 3979 912 4041; x_wconf 86' lang='lat' dir='ltr'><strong>cap.</strong></span> <span class='ocrx_word' id='word_1_373' title='bbox 927 3965 1020 4038; x_wconf 62' lang='lat' dir='ltr'><strong>iti),</strong></span> <span class='ocrx_word' id='word_1_374' title='bbox 1043 3960 1080 4022; x_wconf 89' lang='lat' dir='ltr'><strong>de</strong></span> <span class='ocrx_word' id='word_1_375' title='bbox 1101 3980 1161 4040; x_wconf 90' lang='lat' dir='ltr'><strong>quo</strong></span> <span class='ocrx_word' id='word_1_376' title='bbox 1182 3968 1337 4039; x_wconf 87' lang='lat' dir='ltr'><strong>praetcrea</strong></span> <span class='ocrx_word' id='word_1_377' title='bbox 1358 3955 1459 4025; x_wconf 81' lang='lat' dir='ltr'><strong>Potor.</strong></span> 
     </span>
     <span class='ocr_line' id='line_1_43' title="bbox 259 4043 1460 4124; baseline -0.009 -16"><span class='ocrx_word' id='word_1_378' title='bbox 259 4045 376 4116; x_wconf 88' lang='lat' dir='ltr'><strong>Suidas,</strong></span> <span class='ocrx_word' id='word_1_379' title='bbox 398 4044 503 4106; x_wconf 89' lang='lat' dir='ltr'><strong>Petrus</strong></span> <span class='ocrx_word' id='word_1_380' title='bbox 526 4043 714 4119; x_wconf 72' lang='lat' dir='ltr'><strong>castellanus,</strong></span> <span class='ocrx_word' id='word_1_381' title='bbox 747 4046 872 4107; x_wconf 85' lang='lat' dir='ltr'><strong>loannes</strong></span> <span class='ocrx_word' id='word_1_382' title='bbox 893 4045 1035 4108; x_wconf 85' lang='lat' dir='ltr'><strong>Tasoldus</strong></span> <span class='ocrx_word' id='word_1_383' title='bbox 1057 4057 1143 4124; x_wconf 81' lang='lat' dir='ltr'><strong>utque</strong></span> <span class='ocrx_word' id='word_1_384' title='bbox 1165 4045 1196 4106; x_wconf 92' lang='lat' dir='ltr'><strong>in</strong></span> <span class='ocrx_word' id='word_1_385' title='bbox 1217 4045 1324 4124; x_wconf 89' lang='lat' dir='ltr'><strong>primis</strong></span> <span class='ocrx_word' id='word_1_386' title='bbox 1345 4045 1460 4105; x_wconf 88' lang='lat' dir='ltr'><strong>loannes</strong></span> 
     </span>
     <span class='ocr_line' id='line_1_44' title="bbox 258 4127 1459 4202; baseline -0.003 -10"><span class='ocrx_word' id='word_1_387' title='bbox 258 4127 402 4192; x_wconf 82' lang='lat' dir='ltr'><strong>bleursius</strong></span> <span class='ocrx_word' id='word_1_388' title='bbox 425 4129 508 4202; x_wconf 88' lang='lat' dir='ltr'><strong>(Poll.</strong></span> <span class='ocrx_word' id='word_1_389' title='bbox 531 4129 582 4192; x_wconf 92' lang='lat' dir='ltr'><strong>lib.</strong></span> <span class='ocrx_word' id='word_1_390' title='bbox 605 4129 650 4190; x_wconf 86' lang='lat' dir='ltr'><strong>Vl.</strong></span> <span class='ocrx_word' id='word_1_391' title='bbox 675 4129 756 4192; x_wconf 91' lang='lat' dir='ltr'><strong>Suid.</strong></span> <span class='ocrx_word' id='word_1_392' title='bbox 780 4130 933 4192; x_wconf 76' lang='lat' dir='ltr'><strong>castellan.</strong></span> <span class='ocrx_word' id='word_1_393' title='bbox 956 4130 1072 4192; x_wconf 85' lang='lat' dir='ltr'><strong>Tesold.</strong></span> <span class='ocrx_word' id='word_1_394' title='bbox 1095 4131 1131 4192; x_wconf 88' lang='lat' dir='ltr'><strong>de</strong></span> <span class='ocrx_word' id='word_1_395' title='bbox 1146 4129 1224 4192; x_wconf 86' lang='lat' dir='ltr'><strong>Test.</strong></span> <span class='ocrx_word' id='word_1_396' title='bbox 1243 4129 1347 4192; x_wconf 88' lang='lat' dir='ltr'><strong>Graec</strong></span> <span class='ocrx_word' id='word_1_397' title='bbox 1362 4127 1459 4190; x_wconf 81' lang='lat' dir='ltr'><strong>uene.</strong></span> 
     </span>
     <span class='ocr_line' id='line_1_45' title="bbox 260 4205 866 4298; baseline 0.003 -24"><span class='ocrx_word' id='word_1_398' title='bbox 260 4212 380 4274; x_wconf 80' lang='lat' dir='ltr'><strong>Graecia</strong></span> <span class='ocrx_word' id='word_1_399' title='bbox 401 4213 513 4276; x_wconf 87' lang='lat' dir='ltr'><strong>Teriata</strong></span> <span class='ocrx_word' id='word_1_400' title='bbox 535 4215 571 4276; x_wconf 91' lang='lat' dir='ltr'><strong>ad</strong></span> <span class='ocrx_word' id='word_1_401' title='bbox 593 4235 621 4276; x_wconf 87' lang='lat' dir='ltr'><strong>v.</strong></span> <span class='ocrx_word' id='word_1_402' title='bbox 640 4205 866 4298; x_wconf 79' lang='grc' dir='ltr'><strong><em>Ἀπατούρια).</em></strong></span> 
     </span>
    </p>
   </div>
   <div class='ocr_carea' id='block_1_6' title="bbox 257 4291 1462 4632">
    <p class='ocr_par' dir='ltr' id='par_1_8' title="bbox 257 4291 1462 4632">
     <span class='ocr_line' id='line_1_46' title="bbox 342 4291 1462 4376; baseline -0.005 -18"><span class='ocrx_word' id='word_1_403' title='bbox 342 4296 479 4376; x_wconf 79' lang='lat' dir='ltr'><strong>Dionysia</strong></span> <span class='ocrx_word' id='word_1_404' title='bbox 511 4319 564 4362; x_wconf 87' lang='lat' dir='ltr'><strong>seu</strong></span> <span class='ocrx_word' id='word_1_405' title='bbox 584 4295 746 4364; x_wconf 73' lang='grc' dir='ltr'><em>Διονύσια</em></span> <span class='ocrx_word' id='word_1_406' title='bbox 778 4303 851 4362; x_wconf 83' lang='lat' dir='ltr'><strong>leste</strong></span> <span class='ocrx_word' id='word_1_407' title='bbox 879 4309 961 4362; x_wconf 89' lang='lat' dir='ltr'><strong>erant</strong></span> <span class='ocrx_word' id='word_1_408' title='bbox 992 4299 1029 4360; x_wconf 90' lang='lat' dir='ltr'><strong>ab</strong></span> <span class='ocrx_word' id='word_1_409' title='bbox 1049 4299 1150 4362; x_wconf 92' lang='lat' dir='ltr'><strong>Atticis</strong></span> <span class='ocrx_word' id='word_1_410' title='bbox 1177 4317 1281 4360; x_wconf 88' lang='lat' dir='ltr'><strong>mense</strong></span> <span class='ocrx_word' id='word_1_411' title='bbox 1310 4305 1409 4358; x_wconf 85' lang='lat' dir='ltr'><strong>octavo</strong></span> <span class='ocrx_word' id='word_1_412' title='bbox 1436 4291 1462 4352; x_wconf 92' lang='lat' dir='ltr'><strong>in</strong></span> 
     </span>
     <span class='ocr_line' id='line_1_47' title="bbox 259 4377 1460 4463; baseline 0 -22"><span class='ocrx_word' id='word_1_413' title='bbox 259 4381 379 4460; x_wconf 81' lang='lat' dir='ltr'><strong>Dionysi</strong></span> <span class='ocrx_word' id='word_1_414' title='bbox 411 4401 463 4444; x_wconf 89' lang='lat' dir='ltr'><strong>seu</strong></span> <span class='ocrx_word' id='word_1_415' title='bbox 483 4382 587 4446; x_wconf 90' lang='lat' dir='ltr'><strong>Bacchi</strong></span> <span class='ocrx_word' id='word_1_416' title='bbox 608 4385 751 4448; x_wconf 90' lang='lat' dir='ltr'><strong>honorem</strong></span> <span class='ocrx_word' id='word_1_417' title='bbox 775 4385 928 4459; x_wconf 88' lang='lat' dir='ltr'><strong>celebrata,</strong></span> <span class='ocrx_word' id='word_1_418' title='bbox 962 4403 1036 4463; x_wconf 86' lang='lat' dir='ltr'><strong>quae</strong></span> <span class='ocrx_word' id='word_1_419' title='bbox 1057 4392 1086 4444; x_wconf 89' lang='lat' dir='ltr'><strong>et</strong></span> <span class='ocrx_word' id='word_1_420' title='bbox 1103 4382 1291 4446; x_wconf 85' lang='lat' dir='ltr'><strong>Bacchanalia</strong></span> <span class='ocrx_word' id='word_1_421' title='bbox 1314 4377 1460 4460; x_wconf 78' lang='lat' dir='ltr'><strong>cognomi·</strong></span> 
     </span>
     <span class='ocr_line' id='line_1_48' title="bbox 258 4461 1460 4550; baseline -0.005 -22"><span class='ocrx_word' id='word_1_422' title='bbox 258 4465 410 4528; x_wconf 85' lang='lat' dir='ltr'><strong>nabantur.</strong></span> <span class='ocrx_word' id='word_1_423' title='bbox 454 4466 532 4529; x_wconf 81' lang='lat' dir='ltr'><strong>Haec</strong></span> <span class='ocrx_word' id='word_1_424' title='bbox 552 4478 647 4532; x_wconf 88' lang='lat' dir='ltr'><strong>eutem</strong></span> <span class='ocrx_word' id='word_1_425' title='bbox 669 4471 808 4550; x_wconf 72' lang='lat' dir='ltr'><strong>Dionysia</strong></span> <span class='ocrx_word' id='word_1_426' title='bbox 830 4478 859 4530; x_wconf 84' lang='lat' dir='ltr'><strong>et</strong></span> <span class='ocrx_word' id='word_1_427' title='bbox 879 4469 971 4530; x_wconf 88' lang='lat' dir='ltr'><strong>Attica</strong></span> <span class='ocrx_word' id='word_1_428' title='bbox 994 4471 1130 4548; x_wconf 83' lang='lat' dir='ltr'><strong>mysteria</strong></span> <span class='ocrx_word' id='word_1_429' title='bbox 1152 4467 1330 4546; x_wconf 84' lang='lat' dir='ltr'><strong>nuncuparit</strong></span> <span class='ocrx_word' id='word_1_430' title='bbox 1349 4461 1460 4530; x_wconf 90' lang='lat' dir='ltr'><strong>Tertul-</strong></span> 
     </span>
     <span class='ocr_line' id='line_1_49' title="bbox 257 4550 1459 4632; baseline -0.002 -16"><span class='ocrx_word' id='word_1_431' title='bbox 257 4550 363 4628; x_wconf 87' lang='lat' dir='ltr'><strong>lianus,</strong></span> <span class='ocrx_word' id='word_1_432' title='bbox 385 4559 418 4614; x_wconf 92' lang='lat' dir='ltr'><strong>ut</strong></span> <span class='ocrx_word' id='word_1_433' title='bbox 439 4551 616 4632; x_wconf 82' lang='lat' dir='ltr'><strong>signiticaret</strong></span> <span class='ocrx_word' id='word_1_434' title='bbox 637 4556 739 4618; x_wconf 85' lang='lat' dir='ltr'><strong>eadem</strong></span> <span class='ocrx_word' id='word_1_435' title='bbox 763 4573 830 4618; x_wconf 87' lang='lat' dir='ltr'><strong>csse</strong></span> <span class='ocrx_word' id='word_1_436' title='bbox 851 4557 926 4618; x_wconf 87' lang='lat' dir='ltr'><strong>lesta</strong></span> <span class='ocrx_word' id='word_1_437' title='bbox 948 4553 1052 4632; x_wconf 91' lang='lat' dir='ltr'><strong>quibus</strong></span> <span class='ocrx_word' id='word_1_438' title='bbox 1067 4553 1259 4616; x_wconf 78' lang='lat' dir='ltr'><strong>Athenienses</strong></span> <span class='ocrx_word' id='word_1_439' title='bbox 1283 4569 1391 4624; x_wconf 86' lang='lat' dir='ltr'><strong>coenas</strong></span> <span class='ocrx_word' id='word_1_440' title='bbox 1411 4565 1459 4627; x_wconf 83' lang='lat' dir='ltr'><strong>up-</strong></span> 
     </span>
    </p>
   </div>
   <div class='ocr_carea' id='block_1_7' title="bbox 0 0 1568 5250">
    <p class='ocr_par' dir='ltr' id='par_1_9' title="bbox 0 0 1568 5250">
     <span class='ocr_line' id='line_1_50' title="bbox 0 0 1568 5250; baseline 0 0"><span class='ocrx_word' id='word_1_441' title='bbox 0 0 1568 5250; x_wconf 95' lang='lat' dir='ltr'><strong> </strong></span> 
     </span>
    </p>
   </div>
  </div>
 </body>
</html>
