3166 5250
279 312 341 376 tte
377 325 567 371 mssanrarro
583 325 613 368 m
628 325 676 376 oo.
692 323 776 368 serr.
791 323 877 368 roos.
893 323 1086 368 economum
1100 323 1324 368 arosocsrromr
1339 322 1425 366 cerr.

365 475 465 538 Tertia
486 493 576 555 porro
598 475 668 548 dea,
702 474 786 537 onius
807 474 908 536 currui
930 473 1045 536 iunctae
1067 481 1151 536 erant
1169 472 1300 547 bestiae,
1330 471 1494 536 eTerbd·

240 574 243 580 ’
279 563 356 625 bano
379 569 498 622 vocatur
522 559 680 632 Caelestis,
709 558 751 622 uti
773 559 804 620 in
826 558 976 622 codicibus
998 559 1110 622 nostris
1131 559 1289 638 scriptum,
1311 558 1342 619 in
1363 556 1493 636 quibus-

280 648 346 709 dam
373 657 445 706 vero
472 643 537 706 aliis
562 644 666 707 Cereri
690 643 805 723 legitm.
847 644 885 705 bt
912 643 985 706 boec
1011 643 1129 724 quidem
1155 643 1313 706 vorabatur
1335 640 1492 714 Caelestis,

279 732 402 810 eiusque
424 747 528 792 currus
548 729 708 791 rebebatur
729 727 882 808 anguibus,
905 729 1149 808 quemadmodum
1171 727 1218 790 bis
1234 727 1355 790 Ovidius
1377 727 1494 788 contir-

280 824 341 878 mat
360 814 510 877 versibus:

430 949 470 960 -
494 947 537 958 —
558 945 598 958 -··
622 913 760 977 Geminos
783 915 837 977 deo
859 913 974 994 fertilis
996 919 1108 995 onpoe'e

431 1001 579 1062 Curribus
601 999 732 1062 admovit
752 1000 926 1080 securisque
948 1001 1080 1061 retranit
1102 1015 1167 1069 oro,

430 1085 469 1148 lit
488 1085 616 1146 medinm
638 1083 715 1146 eceli
735 1095 891 1164 terraeque
909 1101 969 1163 per
989 1089 1063 1145 ciro
1084 1095 1169 1146 verto
1191 1092 1244 1144 est.

884 1167 981 1242 (ovid.
1003 1167 1053 1228 lib.
1069 1168 1102 1228 V.
1121 1167 1236 1229 blatam.
1259 1166 1315 1228 lab.
1339 1166 1403 1245 ult.)

279 1290 345 1352 Non
373 1287 437 1350 sola
464 1295 561 1350 umen
591 1285 698 1360 Ceres,
732 1286 786 1347 sed
807 1285 904 1346 Venus
935 1284 1021 1347 eiiam
1049 1269 1310 1365 cognominabatur
1335 1283 1495 1356 Caelestis,

279 1391 457 1452 currumque
479 1371 557 1434 illius
581 1369 711 1432 oloribus
735 1379 764 1432 et
785 1369 927 1432 columbis
949 1369 1023 1432 trabi
1046 1369 1221 1452 garriebant.
1253 1369 1285 1432 Si
1307 1377 1415 1432 testem
1438 1388 1495 1452 pe·

281 1469 334 1533 tas,
357 1459 440 1520 adest
461 1456 556 1519 adhue
578 1455 713 1518 Ovidius:

434 1558 520 1624 Verto
542 1557 603 1620 levi
624 1575 720 1621 meru
741 1558 852 1620 medios
877 1556 1022 1636 Cptdereo
1040 1576 1099 1638 per
1120 1575 1224 1629 curor,

434 1643 554 1723 Cypron
577 1641 706 1706 olorinis
727 1643 860 1704 nondum
878 1654 1061 1722 peruenerat
1081 1641 1149 1702 olis.

349 1777 353 1790 ,
1051 1723 1135 1802 (ibid.
1157 1723 1207 1786 lib.
1231 1723 1267 1786 ll.
1289 1727 1319 1802 ὅ.
1342 1722 1408 1800 ult.)

278 1814 388 1876 Postea
410 1829 495 1874 vero:

431 1911 547 1994 Perque
569 1911 648 1974 leoee
670 1929 763 1974 curos
785 1915 896 1975 intectis
917 1914 1036 1974 irruenter
1058 1909 1209 1974 columbis

278 2030 410 2109 lienique
432 2029 567 2102 lunonis,
600 2047 674 2108 quae
697 2027 836 2090 Caelestis
859 2046 975 2108 quoqne
1002 2025 1237 2108 nuncupabatur,
1270 2045 1390 2090 currum
1416 2029 1497 2110 equi.
1542 2061 1543 2070 =

279 2115 357 2177 sicut
377 2114 541 2190 Homerus,
575 2112 729 2192 Virgilius,
754 2120 782 2174 et
803 2130 948 2192 pavones,
980 2121 1014 2175 ut
1035 2113 1083 2175 alii
1104 2113 1313 2190 testificantur,
1337 2113 1498 2176 ducebant

280 2199 354 2261 Nam
375 2215 494 2260 rursum
517 2197 622 2259 cecinit
644 2196 783 2258 Ovidius:
1033 2215 1037 2222 “

431 2329 787 2344 ------
809 2297 914 2362 Habili
934 2297 1081 2362 Saturnio
1104 2318 1200 2361 curru

432 2383 608 2464 ingreditur
632 2383 773 2464 liquidum
794 2383 961 2463 pavonibus
984 2383 1107 2446 aetdero
1124 2387 1224 2465 pictis.

707 2466 804 2542 (Ovid.
827 2467 877 2528 bb.
900 2467 938 2530 ll.
960 2467 1076 2528 biotam.
1098 2467 1184 2548 paulo
1207 2475 1273 2529 ante
1295 2467 1412 2546 smem.)

281 2587 353 2650 Tam
376 2605 445 2666 ergo
468 2585 584 2648 difficile
607 2585 685 2648 dictu
706 2585 774 2664 qnid
798 2585 939 2647 Caelestis
961 2585 1081 2648 nomine
1101 2605 1119 2647 a
1141 2585 1319 2648 Tertulliano
1341 2586 1496 2666 significe-

280 2679 329 2734 tur
361 2689 447 2752 quem
474 2669 599 2750 probatu
627 2670 710 2732 focile
731 2669 842 2732 bestias
864 2690 881 2732 a
902 2670 1076 2749 gentilibus,
1109 2669 1185 2732 sicut
1215 2669 1257 2732 ait
1283 2669 1498 2744 Tertullianus,

279 2756 418 2836 applicari
445 2755 503 2817 diis
530 2754 593 2818 suis
624 2755 686 2816 sive
716 2755 832 2816 illorum
860 2753 1034 2828 simulacris.
1077 2755 1113 2816 tt
1147 2773 1235 2818 nemo
1269 2773 1359 2818 sanae
1387 2759 1498 2820 mentis

280 2841 371 2904 bomo
393 2858 521 2922 unquam
543 2839 660 2920 negabit
681 2839 755 2901 nibil
778 2859 845 2901 esso
867 2839 1023 2902 absurdius
1045 2857 1130 2920 quam
1154 2839 1321 2902 huiusmodi
1336 2841 1497 2904 simulam

280 2935 416 3006 tanquam
449 2945 535 2986 veros
569 2925 641 2988 deos
672 2933 722 2986 aut
755 2923 851 2986 divina
884 2925 990 2986 virtuta
1016 2924 1165 3004 praeditos
1194 2924 1273 2986 serio
1303 2927 1445 2989 venerari
1473 2937 1499 2990 et

280 3010 414 3074 adorare.

779 3178 946 3230 saliculos
965 3177 995 3227 ll.

283 3283 354 3334 Quam
372 3281 468 3324 absurde
486 3281 567 3325 eunici
590 3281 817 3326 moderaturum
841 3293 895 3326 euos
913 3293 963 3325 osse
981 3281 1036 3324 deos
1053 3281 1140 3324 temoni
1157 3280 1243 3336 plurimi
1266 3283 1377 3336 quosdam
1397 3286 1453 3329 abis
1470 3287 1499 3328 ir·

283 3349 384 3404 oogoinn
402 3355 424 3392 et
441 3360 454 3391 o
472 3360 497 3392 ee
514 3350 630 3405 adoptatos
648 3349 747 3394 colerent
765 3357 802 3394 aot
819 3350 952 3394 domesticos
970 3349 1124 3404 piguererent,
1148 3349 1286 3394 venditarent
1309 3357 1376 3406 atque
1396 3353 1423 3396 ln
1443 3355 1499 3397 rilia-

282 3416 339 3462 sima
357 3423 515 3462 commutorent
531 3428 593 3469 rosa,
610 3423 647 3460 aut
664 3417 766 3472 publicos
783 3418 806 3460 iu
824 3417 919 3462 hastario
937 3416 1028 3459 renatos
1046 3415 1153 3460 baberent
1171 3427 1255 3471 eosque
1281 3419 1409 3464 sanctiores
1431 3423 1499 3466 existi

495 3491 581 3528 merent
597 3483 634 3539 qui
651 3483 721 3538 magis
739 3483 844 3528 tributarii
862 3491 923 3528 erant
947 3484 1064 3538 canusque
1082 3485 1278 3528 venumdabantur.

366 3599 432 3662 Nou
453 3598 549 3678 ponunt
569 3597 763 3660 Tertullianus
782 3598 927 3677 patienter
947 3600 1023 3660 ferre
1046 3598 1188 3670 ethnicos,
1210 3599 1259 3680 qui
1281 3607 1380 3663 rectae
1405 3605 1500 3666 ratio-

281 3685 328 3748 nis
343 3683 445 3746 lumioi
467 3682 529 3746 sole
552 3683 713 3744 meridiano
736 3683 841 3746 clarius
863 3683 984 3762 fulgenti
1006 3683 1106 3745 cordos
1131 3685 1208 3747 nitro
1234 3684 1409 3748 claudentes
1427 3689 1500 3750 mira

281 3769 443 3850 pervicacia
465 3767 617 3847 imagines,
640 3776 762 3842 statuas,
784 3768 937 3830 simulacra
958 3767 1098 3830 salsorum
1121 3768 1244 3830 deorum
1265 3769 1427 3834 retinenda
1450 3793 1499 3834 co-

281 3854 426 3935 lendaque
448 3872 516 3916 esse
538 3853 760 3922 contendebant.
803 3853 863 3916 Pro
885 3853 999 3916 rationo
1026 3853 1119 3927 anim,
1155 3853 1250 3933 introit
1281 3853 1344 3928 ibe,
1381 3857 1500 3920 insulsa

283 3939 432 4002 dumtaxat
453 3946 514 4000 erat
529 3937 589 4004 ‚illa
617 3937 803 4001 vociferatio:
836 3938 915 4001 llaec
945 3937 1032 4034 nobie
1054 3938 1189 4035 (liberem
1216 3937 1350 4011 (Tertull.
1371 3941 1499 4022 Apolog.

283 4024 581 4169 disidodi&
602 4021 1119 4187 institituidiitiii
1140 4032 1258 4170 ibid
1278 4023 1499 4174 iiiiii

284 4191 504 4271 approbatione,
527 4200 670 4273 utsupra
691 4191 816 4254 vidimus
838 4195 913 4271 (cop.
931 4191 1056 4257 lii-brt
1071 4194 1126 4268 9.),
1149 4191 1236 4256 deum
1256 4193 1396 4273 potuisse
1421 4215 1499 4258 nun·

284 4275 385 4354 cupari
406 4284 436 4338 et
455 4277 605 4340 honorari.
649 4277 857 4340 Verumtamen
878 4277 908 4338 in
931 4275 1038 4338 ethnici
1059 4276 1215 4340 cuiuslibet
1235 4285 1383 4358 potestate
1410 4281 1501 4344 situm

283 4359 339 4421 luit
366 4377 453 4438 quem
474 4359 616 4423 voluisset
637 4362 724 4424 deum
752 4362 814 4424 sira
840 4362 1034 4442 quodomque
1061 4361 1119 4422 sibi
1140 4361 1297 4441 pbmisset
1318 4361 1367 4425 dei
1390 4365 1520 4433 simul-i

283 4461 383 4506 auum
404 4452 454 4505 aut
475 4444 582 4524 eligere
603 4454 654 4508 eut
673 4447 842 4526 reprobare.
887 4445 1063 4524 Susceptun
1079 4445 1188 4526 'imque
1215 4447 1252 4510 ab
1279 4446 1376 4528 aliquo
1412 4451 1519 4514 deum

282 4528 355 4593 alius
376 4547 432 4612 pro
453 4526 535 4592 libito
558 4530 776 4610 aspernabatm.
818 4530 856 4595 bt
876 4529 947 4596 illud
968 4531 1033 4596 sine
1053 4531 1203 4614 reprobati
1224 4531 1330 4596 iniuria
1351 4533 1425 4600 lieri
1440 4553 1518 4600 noni
