3126 5250
481 374 614 446 sacrorn
636 375 695 420 erc.
717 376 753 420 nu
775 363 901 420 eoumr'.
1237 361 1300 426 265

92 527 140 588 bat
166 524 273 605 ltaque
295 525 391 588 donec
412 543 476 588 eam
497 527 656 606 proterant,
679 544 739 588 non
760 525 893 588 ridemus
914 525 984 606 quid
1005 525 1159 606 prohibeat
1180 528 1300 606 quomi-

96 631 139 672 nn
158 609 362 672 Tertullianus
385 609 466 672 illurn
487 610 634 672 vocaverit
654 613 773 674 divinae
793 615 982 674 amoenitatis
1004 609 1111 685 locam,
1133 612 1181 691 qui
1203 613 1308 676 ababa

95 697 238 758 Gmoeeos
259 695 358 758 rubis
377 695 532 775 paradisus
553 696 709 776 voluptatis
731 696 901 776 appellatur.
946 695 1024 769 Qtdd
1046 696 1122 758 enim
1144 705 1298 776 repugnat,

93 781 113 842 si
130 780 219 859 igneo
243 779 340 859 gladio
361 798 466 842 aonam
497 780 613 860 igneam
634 780 791 860 significari
813 781 970 844 arbitratus
992 779 1062 844 est?
1105 781 1164 844 Sed
1185 781 1222 844 de
1243 783 1301 846 hoo

92 863 256 926 Tertulliani
277 864 343 926 loco
365 863 472 944 aliquid
494 864 525 926 in
540 865 687 945 superiori
702 865 910 928 dissertatione
924 865 1201 946 praeoccupavimus
1216 867 1299 942 (llis-

90 957 183 1012 sertat.
206 947 239 1009 in
259 948 390 1012 Lactant.
412 968 475 1030 rap.
498 952 550 1014 22.
572 951 633 1012 brt.
657 952 710 1026 6.).
824 983 826 996 ·

162 1032 285 1096 Certius
312 1043 409 1096 autem
438 1053 472 1097 ea
500 1035 537 1096 de
563 1053 596 1098 re
623 1034 693 1098 lerri
721 1043 827 1115 posset
856 1033 1005 1107 iudicium,
1034 1035 1060 1096 si
1088 1042 1202 1097 extaret
1221 1034 1299 1098 illius

88 1118 118 1179 de
140 1117 288 1181 Paradiso
319 1113 445 1192 libellus,
478 1137 566 1199 quem
598 1139 615 1181 a
647 1138 680 1182 se
712 1118 909 1198 compositum
936 1119 1116 1182 testificatur.
1160 1119 1202 1180 td
1232 1139 1300 1184 eum

87 1204 191 1283 quippe
212 1202 257 1264 sic
277 1221 333 1265 nas
353 1202 419 1284 ipse
440 1204 537 1266 misit:
559 1204 657 1266 Habea
680 1209 768 1267 etrhrn
790 1206 824 1266 de
841 1206 988 1284 paradiso
1009 1225 1029 1267 a
1050 1206 1137 1268 nobr'r
1155 1204 1299 1282 libellaria,

85 1307 135 1368 qao
165 1291 379 1352 constiterimus
407 1307 521 1352 omnem
549 1294 679 1352 annnam
706 1290 788 1370 apud
817 1291 934 1368 rnsnoe
963 1295 1151 1370 sequestrari
1169 1293 1202 1351 in
1224 1291 1300 1352 diem

86 1371 208 1436 bonini
226 1369 361 1446 (Tertull.
383 1372 434 1434 lib.
457 1373 494 1435 de
515 1372 618 1436 Anima
640 1391 702 1454 cap.
725 1377 802 1450 55.),
832 1373 861 1435 id
890 1382 936 1436 est
957 1373 1092 1452 generale
1115 1382 1145 1436 et
1165 1373 1301 1437 ultimum

85 1457 232 1519 iudicium.
276 1457 334 1519 Sed
357 1476 392 1520 ex
414 1458 461 1520 his
482 1457 551 1519 licet
570 1457 758 1537 paucissimis
781 1457 879 1520 verbis
911 1477 972 1520 non
993 1458 1113 1520 minima
1134 1467 1214 1521 certe
1235 1459 1298 1520 ori-

85 1550 127 1602 tur
145 1541 315 1604 dillicultas.
346 1541 420 1604 Nam
441 1542 558 1604 tametsi
580 1543 746 1623 paradisum
768 1542 805 1604 ab
827 1542 928 1604 inieris
950 1541 1120 1606 distinxisse
1141 1543 1299 1617 diceretur,

83 1626 271 1706 apertissime
298 1625 489 1688 nihilominus
517 1627 604 1690 docet
631 1645 747 1689 omnem
770 1627 896 1689 animam
918 1635 977 1688 tam
997 1626 1144 1689 iustorum
1164 1627 1300 1690 videlicet

84 1730 167 1789 quam
191 1711 350 1790 impiorum
370 1711 403 1772 in
423 1711 504 1774 bisce
526 1711 628 1774 irrierie
650 1711 687 1772 ad
708 1710 840 1774 ultimum
855 1729 949 1790 usque
963 1710 1103 1773 iudicium
1119 1711 1300 1791 sequestrari

82 1803 111 1856 et
130 1796 291 1858 reservam.
320 1795 380 1858 Sed
401 1796 474 1858 haec
494 1795 628 1875 pluribus
649 1795 726 1857 haud
748 1795 837 1859 dubie
859 1794 984 1858 obscura
1005 1814 1061 1858 neo
1081 1796 1230 1858 intellectu
1252 1797 1298 1858 ia-

82 1880 148 1943 cilia
171 1878 356 1942 ridebuntur.
401 1879 598 1953 Quamobrem
620 1879 690 1960 quid
711 1879 742 1942 in
764 1880 838 1954 aliis,
861 1899 936 1960 quae
957 1889 1079 1956 restant,
1101 1881 1180 1944 illius
1196 1880 1299 1962 operi-

81 1963 138 2026 bus
162 1963 203 2025 de
223 1964 267 2026 bis
288 1964 434 2039 samarit,
456 1965 689 2044 investigandum
711 1973 766 2027 est.

165 2049 201 2110 ln
229 2067 284 2110 suo
312 2057 410 2112 autern
430 2049 468 2112 de
489 2049 591 2112 Anima
612 2049 688 2110 libro
710 2051 783 2112 haec
804 2067 839 2111 ex
859 2049 1016 2129 Evangelio
1038 2049 1172 2112 tradidit:
1208 2049 1299 2112 Dolet
1320 2117 1323 2124 ,

84 2136 161 2213 aprtd
178 2135 299 2214 referor
327 2139 429 2208 anina
455 2135 619 2206 caiaedcnr,
648 2135 754 2196 famosi
776 2133 920 2206 videlicet,
943 2136 1043 2197 dicitis
1067 2147 1095 2198 et
1113 2139 1245 2216 panitae
1266 2139 1300 2198 eit

86 2221 213 2296 tiemo,
245 2223 403 2282 cruciatae
430 2224 462 2282 in
491 2219 595 2300 linqua
622 2228 650 2280 et
678 2221 712 2282 rte
735 2221 825 2299 diqr'to
848 2224 963 2282 aniam
985 2219 1132 2299 felicioris
1155 2218 1301 2301 r'rnplorat

89 2305 233 2366 emiliam
255 2303 341 2376 (lbid.
363 2321 426 2383 cap.
443 2307 497 2380 7.),
519 2321 625 2384 nempe
646 2303 784 2384 pauperis
805 2303 917 2366 Lazari.
959 2303 1021 2366 Nee
1041 2305 1112 2366 sinit
1132 2304 1187 2367 sihi
1210 2303 1299 2366 obiici

90 2385 154 2450 banc
179 2406 252 2450 esse
279 2387 457 2467 parabolam.
499 2387 637 2450 Additum
664 2387 813 2450 enimvero
846 2406 954 2450 nomen
984 2388 1087 2450 Lazari
1114 2407 1177 2450 rein
1198 2407 1298 2450 veram

95 2471 189 2535 indicat
220 2479 253 2533 et
275 2473 406 2551 quamvis
428 2472 566 2552 parabola
587 2480 676 2541 esset,
697 2473 763 2550 ipsa
784 2472 913 2536 veritatis
928 2481 974 2536 est
987 2474 1199 2536 testimonium.
1223 2473 1300 2534 Turn

96 2553 187 2620 deiude
213 2557 339 2620 adiecit:
379 2557 459 2630 Qaid
487 2569 531 2620 eet
559 2569 659 2620 caten
680 2557 766 2627 r'llad,
799 2557 878 2638 qaod
899 2559 939 2619 od
959 2560 1083 2637 inferna
1105 2559 1300 2636 transfertur

92 2653 156 2717 pret
172 2643 339 2705 divortiarn
361 2647 508 2722 corporis,
532 2642 610 2722 qaod
632 2643 791 2712 detinetur,
821 2643 900 2723 qaod
920 2646 953 2704 r'rr
974 2645 1050 2705 diem
1071 2643 1176 2704 ritriicr'r'
1195 2660 1301 2704 reser-

92 2737 180 2798 ocnrr,
210 2727 253 2790 cd
282 2728 361 2807 qaod
387 2737 415 2790 et
445 2727 583 2790 Christus
610 2727 764 2789 moriendo
794 2724 968 2790 deseendit?
1009 2726 1088 2790 Puto
1116 2727 1156 2788 ad
1183 2731 1299 2788 carnae

86 2813 349 2888 patriarcharum:
378 2812 430 2874 red
452 2811 651 2893 quamobrem,
675 2815 703 2873 er'
723 2810 801 2872 nibil
821 2815 926 2874 arrrina
944 2812 999 2874 enb
1023 2808 1141 2873 terrie?
1163 2854 1299 2872 ......

87 2899 116 2954 ia
142 2913 265 2958 carcerc
295 2896 350 2958 ereb
380 2897 549 2959 &versoria
581 2897 725 2974 inseram,
759 2900 791 2956 in
818 2899 890 2974 r'an',
923 2895 972 2958 ael
998 2899 1030 2956 in
1059 2899 1129 2956 n'nrr
1161 2893 1300 2956 Abrabae

86 2978 188 3058 (ibid).
232 2979 326 3040 Docet
346 2980 433 3059 igitur
454 2980 567 3042 interos
590 2997 659 3042 esse
681 2979 903 3040 subterraneum
926 2978 1022 3040 locum
1045 2988 1075 3040 et
1096 2978 1193 3040 sinum
1204 2978 1298 3039 Abra-

85 3061 146 3137 lue,
172 3064 224 3127 ubi
253 3063 351 3126 divitis
380 3065 507 3144 improbi
532 3063 628 3125 eninm
655 3063 862 3142 torquebatur,
891 3063 922 3123 in
949 3081 1037 3141 quem
1065 3061 1201 3124 Christus
1229 3067 1301 3141 past

84 3157 206 3212 martem
234 3149 388 3212 descendit
416 3157 445 3210 et
466 3149 516 3212 uhi
537 3148 719 3228 patriarchae
742 3147 824 3209 illum
845 3147 1044 3227 expectabant.
1088 3147 1194 3208 Postea
1216 3165 1299 3222 vero,

84 3237 123 3294 n'r
145 3247 173 3298 et
195 3235 291 3306 diar'n',
314 3233 419 3312 inquit,
441 3234 522 3314 apud
542 3234 660 3312 inferos
684 3232 786 3311 linqrm
808 3242 853 3294 cet
874 3244 903 3294 et
922 3236 1054 3313 pauperi
1074 3233 1182 3311 diqr'tae
1205 3244 1235 3295 et
1255 3235 1301 3294 er·-

81 3336 138 3380 rnre
160 3319 309 3383 Abrabae.
353 3317 413 3380 Per
435 3319 488 3380 bae
513 3318 606 3380 linear
630 3328 659 3380 ct
686 3320 803 3379 animae
823 3328 993 3395 rnartqrrnn
1014 3319 1069 3380 aab
1091 3317 1188 3380 altari
1206 3317 1300 3380 r'ntel-

83 3401 218 3480 liqnntar
246 3402 334 3479 (lhid.
357 3421 418 3482 cap.
441 3405 495 3478 9.).
538 3401 685 3480 Numquid
713 3420 783 3481 ergo
811 3401 852 3462 ibi
882 3402 968 3464 etiam
997 3409 1027 3463 et
1057 3401 1163 3464 iisdem
1195 3401 1298 3464 inieris

82 3486 139 3548 sub
169 3488 253 3552 altari
275 3487 388 3566 degtrnt
407 3487 522 3550 animae
542 3485 726 3566 martyrum?
770 3486 828 3548 Sed
849 3486 879 3548 id
900 3486 1091 3566 postmodum
1112 3486 1199 3566 paulo
1221 3504 1297 3547 enu-

82 3571 201 3636 deatius
223 3571 424 3652 explicabitur.

166 3657 287 3719 interim
308 3655 389 3718 illum
404 3655 562 3718 audiamus
583 3655 679 3717 adhuc
698 3654 877 3733 loquentem.
911 3654 958 3716 tir
978 3663 1076 3718 autem
1098 3654 1246 3716 Christum
1268 3653 1300 3714 in

85 3739 221 3804 interiora
242 3751 390 3803 terrarum
411 3741 612 3814 descendisse,
635 3751 669 3801 nt
690 3739 754 3802 r'llt'c
773 3741 968 3820 patriarchae
990 3753 1019 3804 ct
1031 3739 1196 3819 prophetae
1220 3755 1300 3798 corn-

80 3836 167 3904 poter
187 3832 237 3890 sae·
255 3827 381 3906 faceret.
424 3825 523 3888 Habea
545 3837 573 3887 et
594 3829 743 3905 reqr'onenr
764 3826 899 3903 inserant
925 3825 1154 3888 subterraneam
1179 3821 1301 3883 credere

84 3920 111 3968 et
133 3909 202 3972 r‘lloe
225 3913 325 3974 cubito
345 3909 471 3990 pellere,
500 3915 553 3992 qrn'
571 3914 647 3972 rotie
669 3909 797 3988 raperbc
818 3926 881 3969 non
899 3920 1011 3988 patant
1032 3911 1147 3970 annom
1168 3905 1302 3985 fidelr'nrn

85 3995 193 4071 iasone
221 3999 348 4075 dr'qnce5
386 3999 469 4057 eeroi
494 4013 588 4074 saper
617 3997 766 4056 dominam
793 4004 820 4054 et
843 3993 982 4074 discipali
1001 4010 1093 4072 saper
1113 3994 1298 4070 moqr'etrnm,

83 4085 247 4156 aspernati,
269 4084 301 4142 ei
319 4081 410 4157 sorte,
432 4083 466 4140 r'n
486 4079 624 4142 Abrabae
645 4081 716 4140 etna
738 4079 939 4157 expectandae
960 4078 1193 4139 resarrecn'onr's
1216 4073 1301 4137 eola-

85 4165 164 4223 tiarae
192 4183 297 4246 aspere
325 4163 410 4236 (ibid.
438 4182 463 4226 a
487 4167 561 4238 55.).
604 4161 746 4224 Ceruisne
776 4161 871 4223 adbuc
903 4161 1024 4224 eosdem
1055 4159 1168 4220 inieras
1200 4159 1301 4221 sinum

83 4243 214 4310 Abrabae
234 4248 335 4312 vocari
356 4257 386 4309 et
398 4247 627 4328 patriarcharum
647 4248 916 4327 prophetarumque
929 4243 1147 4318 habitationem,
1169 4243 1221 4306 ubl
1233 4243 1300 4306 ani·

85 4349 156 4392 mae
173 4351 224 4412 spe
245 4333 473 4396 resurrectionis
497 4331 633 4394 solatium
654 4328 798 4410 capiunt?

172 4416 228 4480 Sub
261 4417 393 4480 eiusdem
424 4417 544 4480 demum
569 4415 636 4488 libri
664 4416 753 4478 linem
779 4414 924 4494 quendam
952 4411 1010 4474 sibi
1042 4411 1228 4476 obiicientem
1250 4413 1300 4474 in-

88 4496 183 4560 ducit:
217 4503 325 4566 Onnes
358 4521 430 4582 erqo
463 4507 579 4565 anemae
607 4521 700 4583 panea
733 4500 861 4579 inseras.
917 4496 971 4560 Cui
1002 4497 1099 4560 statim
1122 4498 1299 4577 respondet:

93 4579 171 4646 Velie
194 4606 227 4650 ac
244 4587 334 4662 nolis,
357 4599 386 4652 ct
406 4585 558 4670 supplicia
585 4591 644 4649 r‘crn
666 4585 729 4648 illr'c
750 4594 779 4648 ct
800 4585 974 4665 resriqerr'a.
1017 4583 1114 4646 llcber
1133 4600 1302 4664 pauperem
