3078 5248
426 402 600 448 suessanum
624 405 750 448 sonora.
772 405 956 451 oaurnnnus.
1150 413 1153 426 ι
1238 391 1298 454 521

82 562 143 620 lom
175 564 244 616 onte
280 555 359 633 sevit
396 553 481 617 homo
519 554 565 616 liic
601 574 697 634 supro
727 555 848 618 niodum
870 559 967 620 tristia
991 566 1020 618 et
1040 575 1175 628 seuerus,
1212 575 1300 637 quom

86 641 249 704 Montanus
282 657 331 700 ros
359 657 455 702 novos
483 642 564 701 inter
606 640 793 702 Christianos
821 641 992 702 moliretur.
1046 640 1108 720 Ego
1141 641 1298 704 Tertullia-

84 743 156 788 num
190 741 243 802 per
279 723 411 784 tetricam
445 731 475 784 et
508 731 655 784 austeram
682 723 810 786 indolem
840 724 870 784 in
900 724 1019 786 eosdem
1055 743 1187 798 errorest
1223 744 1298 804 quos

82 818 190 890 postea
211 808 365 868 Montanus
386 807 558 888 propalavit,
586 809 701 870 tametsi
728 827 765 870 ue
794 808 911 887 quidem
939 809 1192 888 disputavisset,
1222 809 1298 872 inci-

82 895 155 956 dere
186 891 331 972 potuisse,
361 910 421 952 non
453 892 650 964 concesserim
681 902 804 966 tantum,
836 912 934 956 rerum
969 894 1056 956 etiam
1087 894 1299 957 contenderim.

80 980 138 1042 Est
169 980 245 1038 inter
276 977 365 1037 unius
398 984 495 1038 sectae
522 977 659 1038 homines
687 979 828 1056 quaedam
857 977 1040 1058 ingeniorum
1069 979 1246 1058 conspiratio
1271 987 1301 1040 et

83 1061 261 1135 similitudo,
284 1069 398 1140 tamque
427 1059 614 1141 peregrinum
640 1063 734 1136 foret,
763 1071 796 1124 ut
815 1062 997 1143 Aristippum
1020 1062 1091 1126 Cato
1114 1072 1298 1142 sequeretur,

83 1167 173 1228 quam
194 1148 348 1226 frequens,
380 1153 412 1220 pt
434 1145 554 1208 Catonis
576 1147 688 1208 similes
716 1147 832 1209 fortiter
861 1157 890 1209 et
917 1154 1086 1210 constanter
1113 1167 1175 1210 rent
1203 1157 1301 1227 agant,

84 1232 202 1295 etiamsi
224 1230 369 1311 porticum
392 1249 539 1310 nunquam
562 1231 819 1310 frequentaverint.
864 1232 964 1312 ltaque
979 1232 1160 1294 'Tertulliano
1183 1234 1298 1294 Monta-

82 1317 213 1379 nismum
234 1315 379 1394 quendam
401 1325 469 1376 ante
490 1315 661 1378 Montanum
684 1316 827 1395 obrepere
847 1317 996 1396 potuisse,
1029 1334 1134 1390 nemo,
1169 1317 1226 1379 nisi
1250 1317 1300 1396 qui

82 1402 237 1463 hominum
260 1400 374 1477 ingenia
396 1400 499 1474 nescit,
521 1401 679 1479 negaverit.
722 1402 766 1462 dn
789 1418 892 1481 reapse
914 1402 975 1462 viro
998 1402 1136 1476 haeserit,
1166 1401 1301 1481 quaesu'o

84 1495 143 1555 est,
172 1494 202 1548 ut
225 1484 358 1558 dicimus,
387 1485 463 1558 lacti,
492 1484 528 1546 ad
551 1485 634 1547 cuius
658 1485 819 1548 finitionem
842 1486 1027 1548 coniecturae
1050 1487 1085 1546 de
1107 1486 1301 1550 similitudino

1 1609 2 1614 κ
84 1570 272 1650 ingeniorum
295 1587 354 1629 non
377 1569 533 1630 sufficione
579 1570 609 1631 Si
624 1569 753 1632 Eusebio
769 1570 925 1644 eredimus,
948 1572 1104 1633 Montanus
1126 1571 1299 1667 prophetias

1 1714 2 1719 ,
84 1673 156 1717 suas
179 1662 209 1716 et
230 1672 349 1716 errores
372 1671 509 1732 spargere
532 1655 630 1733 coepit
650 1655 724 1716 circa
747 1673 854 1716 annum
877 1617 1001 1717 ct'xxt
1043 1656 1142 1734 ltaque
1165 1657 1191 1716 si
1215 1655 1301 1751 plena

85 1740 230 1800 securitas
253 1738 283 1800 in
306 1757 338 1798 ea
361 1757 394 1798 re
416 1739 579 1800 definienda
601 1747 801 1818 quaereretur,
833 1740 1017 1836 quaerendus
1040 1749 1119 1801 esset
1141 1760 1177 1800 ex
1198 1739 1300 1820 operi-

1 1855 3 1890 ι
85 1825 144 1884 hus
166 1822 336 1884 Tertulliani
348 1815 447 1896 liber,
480 1824 529 1902 qui
553 1843 602 1886 ex
599 1824 698 1884 certis
721 1833 887 1903 temporum
915 1824 993 1884 notis
1021 1832 1090 1885 anta
1111 1825 1300 1886 Montanismi

1 1938 2 1941 ¹
87 1907 248 1988 primordia
269 1908 396 1986 scriptus
419 1909 597 1969 crederetur.
641 1908 699 1980 Qut
722 1909 747 1978 si
770 1908 917 1970 doctrinas
940 1909 1120 1982 contineret,
1149 1927 1222 1988 quas
1245 1908 1299 1970 de·

1 2027 3 2063 ;
87 2012 169 2054 mum
192 2013 226 2053 ex
248 1993 362 2053 officina
384 1992 513 2052 Montani
534 1992 682 2071 prodiisse
703 2001 733 2052 et
753 1993 821 2054 iude
843 1993 879 2053 ad
897 1993 1107 2054 Tertullianum
1128 1993 1299 2072 pervenisse

87 2077 314 2148 credideramus,
338 2087 494 2155 utrumque
510 2077 700 2151 evincerctur,
725 2085 785 2138 tum
808 2078 886 2156 quod
898 2077 1094 2140 Tertullianus
1111 2079 1198 2139 etiam
1220 2096 1299 2138 non-

86 2163 156 2223 dum
178 2161 353 2222 Montanista
376 2161 507 2234 eosdem,
529 2173 608 2240 quos'
627 2180 642 2221 a
663 2162 801 2223 Montano
824 2163 941 2222 demum
964 2163 1112 2241 accepisse
1134 2163 1219 2241 vulgo
1242 2180 1299 2241 pu-

1 2309 3 2319 ,
85 2256 173 2320 tatur,
196 2265 313 2308 errores
335 2246 450 2318 foverit,
479 2255 541 2306 tum
563 2246 642 2325 quod
664 2247 746 2307 valde
767 2245 909 2308 lubricum
932 2249 1019 2319 foret,
1043 2267 1078 2307 ex
1100 2247 1221 2308 maculis
1243 2247 1299 2307 do-

85 2331 196 2392 ctrinae
218 2351 252 2391 ac
273 2329 443 2409 disciplinae
465 2331 501 2392 de
523 2330 691 2392 discrimine
719 2331 861 2394 librorum
889 2331 1155 2393 Tertullianeorum
1189 2332 1296 2392 suffra-

86 2417 164 2496 gium
192 2417 280 2476 ferre.
322 2415 382 2475 lam
416 2434 482 2475 cum
510 2416 641 2477 nondum
670 2416 838 2494 designatus
869 2415 908 2477 sit
934 2417 996 2477 eius
1022 2416 1110 2489 liber,
1144 2417 1194 2496 qui
1223 2433 1299 2476 anno

1 2549 2 2560 ,
86 2501 210 2564 ctxxt.
234 2499 381 2578 antiquior
402 2518 437 2560 ex
458 2501 543 2561 iustis
567 2500 663 2562 causis
684 2500 789 2568 haberi,
809 2501 922 2566 debeat.
946 2501 1069 2562 multum
1092 2501 1127 2561 ab
1151 2501 1198 2562 illa
1213 2499 1300 2560 Mon-

1 2643 3 2650 ,
87 2585 246 2646 tanismum
280 2583 448 2645 Tertulliani
475 2593 546 2646 ’ante
579 2585 748 2646 Montanum
779 2585 924 2647 statuendi
959 2586 1114 2646 securitate
1147 2584 1299 2646 decrescit.

10 2731 17 2740 ,
87 2671 170 2731 Haud
192 2669 327 2748 equidem
350 2669 572 2742 contenderem,
608 2669 669 2729 lieri
697 2687 757 2729 non
784 2689 892 2748 posse,
925 2679 957 2730 ut
986 2669 1108 2747 singulis
1130 2667 1302 2730 Tertulliani

84 2755 169 2816 libris
193 2753 240 2815 sui
263 2752 374 2814 natales
397 2753 465 2814 anni
487 2753 734 2826 adscriberentur,
759 2753 907 2832 quonium,
936 2762 968 2814 ut
990 2761 1072 2814 antea
1095 2752 1234 2824 diximus,
1263 2753 1300 2814 de

85 2840 179 2902 aliena
203 2839 360 2917 sagacitate
383 2839 539 2916 desperare
562 2836 742 2898 conscientia
764 2838 972 2898 mediocritatis
994 2847 1114 2898 nostrae
1135 2855 1191 2897 nos
1214 2835 1299 2897 cohi-

86 2925 146 2986 bet.
191 2923 249 2984 Sed
277 2933 394 2984 utamur
422 2923 538 2984 iuterim
560 2922 615 2982 hac
636 2922 806 3002 exceptione
840 2930 987 3000 notosque
1016 2921 1081 2981 illos
1104 2919 1298 2981 Montanistici

89 3008 185 3088 gregis
218 3027 336 3068 errores
365 3007 546 3068 Tertulliano
578 3007 635 3066 iam
668 3016 735 3067 ante
764 3007 892 3067 Montani
922 3013 1052 3086 tempora
1082 3005 1166 3085 quasi
1189 3025 1222 3066 ex
1246 3024 1300 3066 suo

88 3093 179 3154 tundo
200 3101 285 3153 natos
307 3101 337 3154 et
359 3091 394 3152 ah
418 3111 453 3152 eo
476 3091 647 3170 propositos
670 3109 736 3152 esse
768 3091 856 3171 prius·
881 3107 940 3152 non
971 3091 1175 3164 admittamus,
1216 3107 1302 3170 quam

89 3177 166 3238 liber
187 3176 373 3250 Tertulliani,
411 3176 461 3255 qui
492 3195 527 3236 ex
555 3175 682 3238 indubiis
710 3175 888 3253 argumentis
911 3175 1041 3236 Montani
1069 3183 1193 3236 aetatem
1216 3182 1301 3235 ante-

91 3262 178 3336 cedit,
201 3261 367 3340 designatus
391 3261 430 3322 sit
467 3260 552 3333 Quod
576 3260 601 3321 si
623 3261 682 3334 fiat,
704 3260 790 3340 plane
812 3259 977 3333 fatebimur,
999 3260 1143 3322 lubricum
1166 3279 1243 3332 esse,
1266 3259 1303 3321 de

88 3346 258 3408 discrimine
279 3347 431 3420 librorum,
454 3365 530 3424 quos
552 3345 600 3405 ille
623 3344 667 3406 vir
688 3345 733 3405 vel
756 3364 821 3406 cum
843 3345 938 3406 adhuc
962 3364 1027 3406 cum
1043 3345 1199 3406 Catholicis
1222 3345 1301 3406 lace·
1323 3421 1328 3432 ι

88 3441 136 3494 ret
172 3431 216 3492 vel
248 3441 402 3510 postquam
431 3430 467 3490 ad
496 3425 665 3492 Montanum
693 3429 868 3504 desciverat,
907 3429 1077 3508 scripsisset
1103 3450 1139 3492 cx
1167 3447 1303 3491 errorum

87 3515 360 3579 Montanisticorum
390 3525 498 3594 sapore
526 3516 664 3576 iudicare.
709 3514 845 3576 Ceterum
872 3534 928 3578 uec
954 3515 1029 3576 hanc
1052 3515 1191 3595 graduum
1215 3512 1302 3575 veluti

1 3673 2 3678 η
87 3603 197 3664 scalam
218 3599 398 3673 admiserim,
421 3620 477 3680 qua
499 3600 657 3662 nonnullos
680 3619 752 3661 usos
775 3619 842 3662 csse
864 3600 948 3660 video
971 3601 1002 3660 in
1025 3599 1240 3680 distinguendis
1263 3597 1301 3657 li-

88 3687 151 3748 bris
180 3685 399 3747 aTertulliano
427 3694 506 3745 recte
534 3685 695 3758 sentiente,
717 3685 942 3757 Montaaizante,
973 3692 1002 3744 et
1024 3685 1200 3746 Montanista
1230 3699 1303 3741 con-

88 3772 246 3850 scriptisss,
283 3769 328 3830 vel
351 3778 383 3830 ut
402 3768 583 3830 Pearsonius
606 3769 687 3847 loqui
709 3769 795 3842 solet,
825 3769 874 3848 qui
896 3769 973 3830 inter
995 3768 1166 3829 Tertulliani
1188 3767 1304 3826 Monta·

1 3839 2 3864 ³
89 3857 220 3917 nismum
241 3863 409 3914 nascentem
433 3862 462 3914 et
484 3853 614 3918 adultum
636 3853 793 3914 discrimen
817 3853 947 3913 statuitl.
977 3853 1083 3914 Carent
1104 3853 1175 3912 haec
1197 3846 1304 3910 fiinibus

89 3940 180 4006 certis
203 3957 257 3999 nec
277 3939 374 4000 minus
396 3938 550 4016 ambiguus
574 3937 670 3997 vultus
693 3946 773 3998 essct
794 3937 1017 3998 Montanizantis
1040 3944 1069 3996 et
1099 3933 1303 4006 Montanistae,

92 4042 181 4104 quam
203 4023 281 4096 aius,
304 4024 354 4103 qui
377 4030 528 4102 aegrotare
550 4022 653 4102 incipit
685 4029 714 4082 et
735 4021 924 4100 aegrotantis.
969 4021 1031 4082 Nisi
1064 4022 1140 4080 forte
1163 4017 1304 4089 dicamus,

92 4107 317 4171 Montanizantis
337 4107 430 4169 libros
453 4126 530 4179 esse,
553 4107 603 4186 qui
626 4106 742 4185 quidem
759 4105 887 4166 Montani
909 4105 1095 4198 dogmatibus
1113 4101 1210 4164 infecti
1226 4108 1305 4176 sunt,

91 4194 147 4256 sed
169 4201 248 4254 recte
270 4192 431 4253 sentientes
460 4210 519 4252 non
549 4191 709 4288 exagitant,
745 4181 938 4251 Montanistae
970 4207 1055 4262 vero,
1089 4187 1138 4267 qui
1171 4185 1307 4248 haeresin

90 4297 154 4340 non
176 4277 272 4338 solum
299 4277 467 4347 continent,
504 4294 605 4337 verum
632 4277 719 4337 etiam
744 4283 846 4336 contra
868 4273 1033 4335 Catholicos
1061 4291 1109 4346 ea,
1146 4290 1202 4351 qua
1231 4270 1309 4331 solet

90 4361 308 4434 Tertullianus,
344 4380 411 4440 erga
440 4369 539 4440 partes
569 4361 707 4421 adversas
735 4359 891 4420 acerbitate
920 4357 1087 4418 defendunt
1130 4357 1172 4418 lta
1194 4365 1307 4417 certum

89 4449 268 4510 haberemus
290 4445 586 4524 vocum‘ceteroquin
608 4445 808 4524 ambiguarum
831 4441 1004 4514 discrimen,
1035 4443 1112 4520 quod
1135 4450 1231 4502 mmcn
1252 4458 1308 4502 nec

126 4581 148 4628 g.
168 4568 291 4630 Zcutgrar.
310 4565 364 4616 loco
383 4566 421 4616 cit.
441 4565 540 4614 [iissent.
559 4565 593 4614 ll.
612 4560 637 4628 §-
650 4564 674 4614 x.
762 4563 785 4612 h.
799 4562 835 4680 ¹lq.
853 4562 975 4612 Pearscnii
995 4561 1082 4612 lindie.
1102 4562 1215 4624 lgnatian.
1235 4560 1259 4609 P.
1277 4559 1307 4609 ll.

90 4651 161 4700 seqq.
727 4645 779 4695 cap.
831 4665 837 4679 .
