3122 5250
270 349 336 414 356
371 365 562 410 ntsssnrstto
577 365 608 407 tn
623 365 670 416 011.
687 363 771 407 SRPT.
786 363 872 406 FLOR.
889 363 1081 408 TEBTULHAM
1095 363 1317 408 APOLOGE'l‘lCU!
1331 363 1409 406 CET'l'.

269 509 339 580 int
368 515 432 580 τῶν
460 513 604 598 τιμητῶν
633 505 756 595 ὀμόσαι
781 516 900 578 τέκνων
922 511 1014 578 ἕνεκα
1034 514 1160 597 γυναικὶ
1180 512 1224 598 μὴ
1246 521 1412 578 συνοικεῖν·
1430 499 1462 596 ἦν

271 591 304 664 si’
329 591 416 684 nisui
438 602 551 682 οτοὶρα
570 591 591 681 ἦ
612 595 700 684 γυνὴ,
724 593 760 674 ὃς
782 594 839 662 ἐπὶ
860 598 907 700 sq'i
923 595 1004 682 ipsu
1019 595 1134 683 τούτῳ,
1156 602 1264 664 καίτοι
1278 590 1322 662 δι’
1342 591 1461 682 ἀνάγκην

269 685 438 768 γινομένῳ,
471 680 669 765 μισούμενος
688 677 756 747 ὕπὸ
777 683 837 746 τοῦ
858 681 961 770 δημον
984 681 1179 748 desedissent
1203 685 1325 748 Cosutot
1342 701 1398 765 per
1415 701 1462 743 on-

269 789 327 834 nus
348 769 442 832 libili.
463 769 582 831 nullum
603 770 745 832 occidisse
767 770 940 832 divortium.
976 769 1109 849 Septimo
1130 771 1245 832 desuem
1266 787 1360 849 supro
1380 777 1462 830 mute

269 859 376 918 scum
396 866 424 917 st
441 857 624 918 tricesimum
646 853 819 934 Olympiade
842 853 945 916 Murco
966 852 1129 935 Pomponio
1149 865 1180 916 et
1202 855 1233 919 u.
1255 852 1383 935 Popprio
1404 871 1463 914 con

270 940 387 1002 solibus
417 943 537 1020 poiseus
559 939 669 1003 dicitur
689 956 819 1000 umorem
841 940 988 1000 demisisse
1009 937 1060 1020 Sp.
1086 938 1245 1010 Corollsus,
1275 944 1324 1000 oir
1344 955 1402 1000 uon
1420 935 1463 998 ob-

182 1077 187 1096 ,
270 1042 391 1096 seusus,
422 1033 541 1085 coortus
570 1042 589 1084 o
619 1024 793 1086 censoribus
823 1027 928 1086 lurore
957 1023 1125 1086 liberorum
1153 1042 1246 1086 couso
1272 1042 1303 1085 se
1331 1027 1465 1101 coniupen

268 1127 332 1172 uon
354 1113 503 1180 renutu·
527 1117 594 1170 erut
614 1110 690 1168 enisu
713 1107 844 1170 sterilis:
873 1113 925 1188 qui
944 1108 980 1170 ob
1003 1107 1058 1170 bos
1078 1108 1202 1187 suctum,
1225 1112 1358 1190 quemuis
1377 1123 1463 1168 neces·

214 1229 219 1245 ,
269 1199 360 1256 situle
382 1192 569 1273 conpulsus,
584 1195 619 1253 iss
636 1203 818 1273 perpetuum
838 1211 950 1255 emotus
971 1194 1035 1270 [uit
1052 1193 1166 1272 populo
1190 1191 1321 1272 (Dionys.
1336 1191 1462 1254 liabssm.

218 1345 223 1352 ,
270 1277 321 1340 lib.
342 1277 379 1339 11.
401 1276 541 1356 entiquis
564 1275 650 1338 Rom.
673 1297 702 1358 p.
724 1280 798 1352 96.)
918 1323 925 1334 ,

352 1361 447 1424 Leuni
469 1379 539 1422 vero
561 1362 721 1440 scriptores
743 1361 874 1424 Valerius
894 1361 1035 1422 Maximus
1058 1371 1087 1422 st
1108 1379 1123 1422 a
1147 1361 1264 1424 Gellius*
1279 1361 1378 1424 eadem
1397 1359 1463 1420 litte-

269 1447 312 1508 ris
340 1447 551 1508 mandaverunt
576 1445 649 1520 (Vel.
673 1447 746 1507 blas.
768 1446 818 1507 tib.
841 1446 877 1506 11.
901 1463 963 1526 cap.
988 1450 1016 1508 1.
1038 1449 1068 1524 ξ.
1090 1450 1144 1523 4.),
1172 1447 1231 1508 nisi
1260 1446 1338 1525 quod
1359 1444 1463 1513 Gellius,

269 1533 358 1594 oitsto
380 1541 501 1594 auctore
520 1531 624 1592 Servio
647 1530 788 1611 Sulpicio,
811 1539 909 1592 narrat
930 1529 959 1591 id
977 1530 1138 1610 contigisse
1152 1549 1230 1592 anno
1246 1531 1334 1592 Urbis
1349 1528 1464 1590 condisse

268 1615 396 1678 Dxxtn.
419 1617 457 1677 Μ.
479 1615 567 1676 Attilo
590 1625 620 1676 et
640 1615 672 1676 P.
695 1613 809 1677 Valerio
832 1615 1001 1678 consulibus
1024 1615 1069 1686 (Α.
1085 1615 1157 1676 Geli.
1172 1615 1223 1676 lib.
1238 1616 1286 1677 111.
1302 1613 1462 1676 Noctlttic

270 1719 332 1779 cap.
356 1703 408 1776 3.).
452 1699 512 1761 Sed
535 1699 575 1760 ibi
597 1707 676 1761 certe
697 1709 749 1762 aut
769 1709 873 1780 postea
894 1700 998 1762 subest
1018 1699 1123 1778 aliquis
1145 1700 1223 1762 illius
1246 1701 1402 1762 memoriae
1429 1693 1463 1756 rel

268 1785 380 1846 librarii
407 1801 501 1846 error.
544 1785 617 1846 Nam
645 1784 702 1845 alio
729 1786 760 1846 in
785 1785 861 1846 libro
891 1785 993 1846 scribit
1019 1785 1089 1846 illud
1118 1795 1213 1846 actum
1242 1783 1382 1852 annoab
1401 1781 1465 1844 Urbe

270 1868 388 1932 condita
415 1867 651 1948 quingentesimo
683 1868 912 1940 undevicesimo,
940 1887 998 1947 quo
1026 1869 1074 1930 alii
1101 1869 1227 1949 proinde
1257 1869 1391 1932 consules
1411 1883 1463 1927 esse

243 1953 415 2040 ,debebant
442 1953 520 2032 iique
549 1954 671 2014 forsitan
704 1955 755 2034 qui
776 1973 791 2014 a
814 1953 955 2032 Dionysio
979 1954 1200 2015 Halicarnasseo
1223 1963 1362 2016 nonnum
1388 1952 1464 2024 (iden

268 2038 319 2100 lib.
341 2039 428 2100 111111.
451 2055 514 2118 cap.
535 2041 610 2116 21).
1532 2099 1533 2106 ,

353 2123 396 2184 Ab
419 2123 465 2184 bis
488 2123 586 2201 itaque
607 2131 666 2184 tarn
689 2123 790 2202 aequis
813 2130 842 2184 et
863 2122 995 2184 moribus
1018 2131 1047 2183 et
1068 2123 1180 2201 legibus
1201 2123 1289 2202 plsne
1310 2124 1466 2204 penitusque

158 2281 159 2284 Ἴ
269 2208 451 2270 desciverant
477 2207 595 2278 ethnici,
625 2207 730 2288 quibus
759 2209 926 2288 repudium,
955 2208 995 2268 ait
1016 2207 1221 2280 Tertullianus,
1250 2213 1311 2271 ium
1332 2217 1360 2270 et
1380 2215 1465 2268 cotun
1530 2214 1534 2279 ξ

269 2303 317 2355 est
343 2304 371 2354 st
392 2297 480 2374 quusi
498 2293 622 2371 [nctus
643 2297 828 2354 matrimonii
854 2292 1036 2364 (Tertullian.
1060 2291 1153 2368 ibid).
1197 2292 1300 2372 Neque
1322 2288 1465 2370 suspiceris
1533 2295 1535 2360 ζ

269 2377 395 2457 aliquam
423 2377 472 2450 liic
497 2377 621 2438 subesse
642 2376 719 2437 illius
741 2376 1005 2454 amplificationem.
1048 2377 1222 2456 Suspectum
1244 2379 1324 2439 enim
1346 2395 1401 2437 non
1421 2375 1465 2434 bs·

268 2461 353 2523 bebis
376 2463 526 2532 Senecam,
555 2461 638 2522 cuius
666 2461 738 2522 baec
765 2460 801 2522 de
823 2460 946 2540 repudio
968 2461 1091 2539 legimus
1114 2461 1215 2523 verba:
1254 2463 1401 2543 Numquid
1419 2464 1467 2520 tm
1533 2517 1534 2520 ,

269 2547 335 2608 ο11ο
364 2547 489 2627 repudio
512 2547 669 2617 erubescit,
694 2557 855 2626 postquam
875 2545 1015 2608 illustres
1038 2549 1181 2628 quosdam
1203 2565 1239 2608 us
1259 2548 1372 2611 nobiles
1392 2545 1466 2626 senu-
1533 2537 1534 2578 ³

268 2650 326 2692 noe
348 2650 408 2692 non
431 2630 744 2702 consulumnumero,
767 2632 818 2691 sod
839 2636 1019 2692 snoritorum
1042 2649 1169 2693 suorum
1190 2651 1288 2694 onnus
1312 2637 1468 2711 computent

269 2726 297 2777 et
318 2727 429 2777 meunt
449 2719 637 2776 matrimonii
657 2733 756 2786 conso,
780 2715 898 2776 nubunt
919 2717 1048 2795 repssdii.
1082 2715 1202 2777 Tamdiu
1219 2717 1304 2779 illud
1316 2717 1466 2790 tenebatur.

267 2801 408 2880 quamdiu
429 2818 535 2882 sanun
557 2810 639 2872 erot,·
669 2803 738 2879 quio
760 2817 833 2860 vero
856 2799 942 2860 usello
963 2804 1027 2861 sine
1049 2801 1178 2862 diuortio
1201 2813 1270 2862 octo
1290 2813 1369 2872 susat,
1396 2797 1466 2858 side-

267 2884 336 2946 licet
362 2904 378 2945 a
405 2883 530 2963 publicis
552 2884 674 2944 notariis
704 2883 859 2962 descripta,
882 2885 961 2965 quod
987 2903 1074 2964 soepe
1099 2885 1260 2948 audiebant
1282 2889 1383 2966 secere
1398 2883 1467 2946 slidi-

271 2981 376 3031 cerunt
398 2969 515 3044 (Senes.
537 2967 588 3028 lib.
611 2968 661 3029 111.
684 2968 719 3027 de
741 2968 841 3028 Benel'.
864 2987 926 3046 cap.
953 2971 1024 3045 16.)
1069 2969 1133 3030 Huc
1154 2987 1273 3049 quoque
1296 2970 1407 3032 accedat
1425 2965 1467 3026 lu-

268 3053 395 3126 venalis,
430 3053 480 3132 qui
513 3053 586 3114 haec
613 3052 849 3131 frequentissimo
877 3071 1001 3114 uxorum
1030 3053 1153 3114 divortia
1185 3054 1233 3114 his
1268 3056 1399 3118 versibus
1428 3050 1466 3109 in-

269 3146 413 3198 sectatur:
474 3179 478 3190 .

420 3237 554 3318 imperet
577 3256 646 3318 erqo
668 3243 745 3310 siro,
769 3239 821 3300 sed
842 3257 913 3300 mon
937 3239 1006 3299 boec
1029 3259 1122 3318 repno
1139 3239 1283 3324 relinquit
1326 3269 1331 3278 ·

419 3321 631 3403 Permutntque
654 3323 764 3394 domos,
789 3333 818 3385 et
839 3325 976 3402 flammeo
999 3329 1143 3396 censorin
1170 3327 1239 3386 inde
1371 3317 1375 3324 ’

422 3407 550 3468 Aduolat
572 3419 601 3469 et
622 3413 720 3486 spreti
741 3413 850 3488 repetit
871 3411 995 3488 vestiqiu
1018 3408 1094 3470 lecti.

423 3491 556 3551 Ornatus
576 3491 668 3569 pusulo
690 3503 760 3552 onte
781 3493 867 3570 sores
886 3493 1047 3572 pendentia
1068 3493 1177 3573 linquit
1218 3497 1219 3500 ’

423 3573 492 3635 Vela
514 3575 617 3636 domus
640 3585 668 3636 et
688 3576 784 3636 odbuc
804 3579 916 3638 uirides
937 3581 970 3638 in
993 3577 1092 3639 limine
1113 3597 1225 3640 nomos.

419 3659 469 3721 Sic
492 3664 599 3721 crescit
619 3679 772 3731 nosmerus,
795 3665 838 3722 sic
858 3662 938 3742 fiunt
961 3675 1025 3725 octo
1047 3667 1153 3723 moniti

372 3795 375 3798 ,
419 3745 556 3826 Quinque
573 3761 631 3824 per
652 3756 822 3816 nuncnunc,
846 3745 935 3808 tinulo
958 3765 1008 3808 css
1031 3747 1118 3826 dipem
1133 3747 1276 3826 sepulcri.

941 3831 1079 3906 (luvenal.
1102 3831 1188 3891 Satir.
1212 3831 1258 3892 Vl.
1282 3849 1309 3891 v.
1333 3831 1412 3902 223.)

352 3945 443 4010 Audis
472 3965 543 4008 sanc
571 3965 657 4026 qnam
685 3947 842 4026 perspicue
871 3948 975 4012 dixerit
1001 3968 1090 4014 unmn
1112 3969 1233 4012 uxorem
1256 3951 1332 4012 intra
1353 3945 1467 4028 quinquo

268 4039 436 4106 autumnos
459 4029 489 4094 id
511 4039 558 4093 est
579 4031 706 4112 quinque
728 4051 833 4106 annos,
855 4031 995 4096 lsabuisse
1018 4035 1227 4098 octomoritos.
1256 4033 1392 4098 Martialis
1406 4042 1465 4088 vtr⁰

269 4114 433 4178 Telesinam
464 4115 608 4198 quandem
629 4116 735 4178 acriter
756 4117 889 4198 corripit,
921 4137 995 4198 quae
1015 4119 1092 4184 intro
1115 4139 1204 4182 unum
1226 4138 1359 4184 mensem
1379 4111 1466 4178 decies

267 4207 369 4261 conus
390 4200 468 4280 leges
490 4201 564 4264 latas
584 4200 703 4282 irnpune
728 4211 880 4284 nupserat:

419 4317 500 4380 lulio
521 4320 572 4382 len
588 4320 711 4400 populis
733 4339 772 4383 en
793 4335 860 4402 quo,
883 4321 1034 4395 Fousn'ne,
1058 4334 1166 4385 renato
1186 4337 1239 4395 est,

484 4405 578 4485 itque
598 4410 719 4468 intense
741 4407 844 4468 domos
866 4411 950 4468 iusso
968 4409 1115 4488 pudicitia
1139 4419 1192 4480 est,

420 4485 479 4548 dut
500 4492 598 4551 miuus
621 4503 675 4553 usos
697 4503 776 4555 certe
797 4509 860 4552 non
878 4489 949 4570 plus
973 4496 1125 4556 tricesimu
1148 4493 1207 4556 lun·
1222 4503 1274 4564 est,

484 4569 523 4632 ltt
543 4573 630 4640 nubit
650 4576 760 4638 decemo
782 4578 842 4638 ium
865 4574 999 4643 Telesiam
1019 4581 1098 4644 ciro.
