3114 5240
475 393 608 440 torreas
629 393 688 438 mc.
710 393 748 438 us
768 393 894 439 soom.
1225 381 1285 446 1³9

84 561 118 605 aa
144 560 204 605 noo
229 543 401 624 urgebimus
432 562 506 623 quae
538 543 742 619 Tertullianus,
770 541 925 625 postqrxam'
951 545 1086 625 probarit
1106 545 1286 612 Christianos

85 628 121 690 ob
143 645 230 690 sunm
251 629 399 690 dumtaxat
418 646 527 691 nomen
547 628 655 704 vexari,
683 630 867 692 continenter
887 629 1010 694 addidit:
1047 630 1106 694 Sed
1125 633 1196 696 dom
1216 633 1288 696 iaec

86 717 163 775 ratio
189 731 245 776 suo
274 713 340 778 loco
369 715 547 788 ostenditur,
575 732 629 777 cos
719 733 749 776 on
769 719 961 798 insequimini
980 718 1019 779 od
1040 721 1287 798 repugnatorem

84 801 211 860 mnu
242 799 318 861 ediis
339 803 487 862 rationem
512 797 646 873 (Tertrdl.
680 799 762 862 '.1.
785 800 821 861 ad
843 799 907 862 Nat.
929 818 992 881 cap.
1014 803 1067 878 3.).
1110 799 1187 864 Nihil
1208 801 1287 864 enim

84 881 120 942 ibi
143 881 254 944 diserte
275 881 427 962 pollicetur
449 903 465 945 a
487 902 521 945 se
541 883 680 963 deinceps
701 884 855 964 agendum,
878 885 932 948 sed
952 903 1017 948 rem
1040 885 1134 966 ipsam
1155 905 1220 948 ase
1235 905 1286 948 sa-

85 966 118 1026 tis
140 966 312 1047 explicatam
334 967 515 1048 significasse
536 967 621 1030 nobis
642 967 767 1031 ridetur.

163 1051 201 1112 nt
223 1051 395 1114 clarioribus
415 1053 548 1133 prolecto
569 1051 666 1114 verbis
689 1052 816 1133 spondet
835 1053 910 1125 iore,
932 1061 966 1115 ut
974 1053 1042 1116 alibi
1059 1054 1223 1134 longiorem
1237 1055 1285 1116 in-

84 1135 181 1197 stituat
210 1135 248 1197 de
276 1137 373 1198 brtura
399 1155 555 1218 corporum
583 1138 798 1199 resurrectione
830 1139 1013 1218 aeternisque
1045 1138 1197 1201 hominum
1218 1148 1289 1219 post

84 1227 207 1281 mortem
228 1228 281 1281 aut
298 1221 436 1300 praemiis
458 1231 507 1284 aut
527 1221 632 1302 poenis
655 1221 892 1302 disputationem.
915 1221 1006 1284 ,Hunc
1026 1223 1104 1284 enim
1126 1223 1175 1285 ille
1188 1222 1286 1302 loqui-

84 1313 127 1364 tur
148 1305 178 1365 in
200 1305 338 1366 modum:
374 1305 536 1369 Viderimus
559 1307 593 1369 de
613 1305 672 1387 fide
693 1310 831 1384 istorum,
855 1307 924 1370 dom
944 1325 999 1370 sao
1021 1307 1086 1371 loco
1108 1309 1288 1388 digemnter

84 1387 164 1460 (ibid.
186 1406 251 1468 cap.
276 1393 328 1466 7.),
356 1388 385 1451 id
412 1397 468 1464 est,
495 1389 613 1469 scriptis
641 1391 779 1454 tradenda
800 1392 998 1470 disponuntur
1018 1399 1048 1454 et
1067 1401 1286 1472 praeparantur.

83 1471 205 1536 libioam
236 1491 308 1535 vero
339 1474 397 1538 boe
417 1475 466 1538 ille
486 1475 625 1538 adversus
647 1475 830 1538 ethnicorum
852 1475 975 1555 ineptias
997 1476 1120 1556 digessit
1140 1495 1173 1538 ac
1193 1476 1286 1537 tradi-

86 1556 148 1619 dit?
176 1558 244 1619 Non
266 1558 296 1620 in
318 1557 365 1620 bis
386 1560 502 1640 quidem
524 1560 560 1621 ad
581 1560 721 1622 Nationes
742 1561 835 1634 libris,
857 1561 910 1622 sed
931 1558 987 1622 sub
1008 1560 1097 1621 linem
1107 1559 1287 1640 Apolcgetici

85 1641 136 1716 sui,
158 1661 247 1722 quem
268 1643 369 1722 potius
390 1661 475 1723 qnam
496 1645 584 1706 alium
605 1643 712 1706 librum
734 1643 905 1726 designasse
926 1644 1003 1706 baud
1017 1645 1164 1707 immerito
1179 1645 1287 1708 dixeris

84 1725 172 1801 (idem
192 1726 347 1806 apologet.
369 1745 451 1809 capp.
472 1731 525 1794 ts.
547 1737 577 1790 et
597 1731 672 1806 tn).

166 1811 240 1872 'lum
268 1811 385 1886 deiude,
417 1813 467 1874 nbi
494 1813 565 1875 alias
592 1813 785 1886 ethnicorum,
818 1812 1000 1876 Christianos
1028 1813 1123 1876 omnis
1153 1813 1287 1894 publicae

87 1895 177 1955 cladis
198 1915 312 1958 musam
334 1913 404 1959 esse
424 1897 639 1970 clamitantium,
670 1897 829 1960 calumnias
849 1897 969 1960 retollit:
1005 1897 1207 1973 Postmodum,
1235 1899 1285 1972 ait,

87 1980 286 2043 commater
313 1987 500 2062 emporiticae
526 1987 619 2046 totius
646 1993 771 2046 nostroe
798 1981 972 2063 disciplinae
1004 1981 1097 2058 (idem
1117 1983 1184 2045 libr.
1204 1983 1227 2044 i.
1249 1984 1286 2046 ad

83 2063 197 2125 Nation.
219 2085 280 2146 cap.
305 2070 378 2144 tc).
407 2065 459 2128 llic
480 2075 585 2141 autem,
608 2066 745 2139 obsecro,
765 2066 882 2130 ubinam
904 2067 953 2129 ille
973 2067 1009 2128 ad
1030 2067 1182 2130 diluendas
1197 2068 1286 2130 hasco

85 2148 231 2228 gentilium
253 2151 472 2213 criminationes
493 2152 569 2214 bano
590 2152 775 2216 christianam
797 2147 961 2214 doctrinam
982 2151 1126 2232 exposuit
1169 2151 1235 2214 Non
1255 2152 1286 2214 in

84 2233 128 2294 his
149 2242 229 2295 certe
251 2235 286 2296 ad
309 2235 449 2298 Nationes
470 2235 563 2310 libris,
595 2236 647 2298 sed
668 2236 699 2298 io
720 2235 854 2316 pluribus
875 2235 1056 2317 apologetici
1077 2236 1221 2322 capitulis,
1243 2237 1287 2300 uti
1334 2267 1337 2278 ·

84 2317 126 2378 rel
147 2337 182 2380 ex
205 2318 269 2381 sola
290 2328 381 2399 patet,
402 2339 487 2400 msam
509 2339 599 2400 supra
620 2321 763 2394 dedimus,
784 2321 872 2383 buius
886 2319 953 2382 libri
967 2321 1076 2400 analpsi
1097 2321 1189 2396 (idem
1204 2322 1285 2402 Apo-

84 2400 166 2482 loget
188 2421 272 2484 capp.
297 2409 346 2468 17.
370 2407 419 2470 tt.
441 2413 472 2466 et
492 2409 596 2486 sequ).

161 2488 319 2550 Praeterea
345 2489 499 2569 pollicetur
526 2507 560 2551 se
586 2490 740 2570 aliquando
767 2489 957 2569 probaturum
985 2489 1056 2550 laisa
1078 2493 1145 2552 es‘se
1167 2491 1204 2552 de
1224 2488 1285 2552 Dec

84 2589 139 2633 non
159 2573 250 2634 modo
273 2573 455 2636 ethnicorum
483 2580 647 2654 poetarum,
678 2575 731 2636 sed
751 2573 898 2636 divinandi
921 2575 1009 2635 etiam
1030 2582 1121 2636 artem
1142 2574 1285 2654 proliten-

83 2657 150 2718 timn
171 2658 362 2720 documenta:
398 2658 565 2721 Delibanda
592 2666 677 2730 eorm,
710 2657 883 2738 inerubide,
915 2677 996 2722 nunc
1018 2670 1063 2721 eat
1084 2663 1193 2738 species
1215 2663 1284 2732 isto,

84 2747 164 2805 orias
192 2760 249 2805 suo
278 2742 342 2806 loeo
369 2747 449 2807 rotio
476 2744 621 2806 reddetur
651 2743 743 2817 (idem
764 2742 815 2804 lib.
837 2743 873 2804 11.
894 2743 932 2804 ad
952 2742 1016 2804 Nat.
1039 2760 1101 2821 cap.
1124 2747 1176 2819 5.).
1220 2741 1286 2814 Quo

85 2828 209 2972 bill
230 2826 824 2992 libilibilbilitani?
845 2825 1286 2988 'tl⁸².ll⁰t.:.⁰l{lblll

85 2994 201 3074 legimus
221 2996 315 3072 (idem
335 2996 486 3076 Apologet.
509 3015 592 3076 capp.
613 2998 665 3059 tt.
689 3003 718 3057 et
738 2995 828 3072 22.)?

165 3081 241 3154 Quid
263 3079 370 3161 plural
413 3079 468 3142 Ubi
489 3081 538 3143 ille
559 3099 664 3142 rursus
692 3079 852 3160 gentilium,
879 3076 930 3157 qui
952 3076 1122 3138 infanticidii
1144 3077 1287 3139 Christia-

85 3165 411 3313 nopbimppdentissipne
427 3165 625 3312 postulabanbt,
648 3163 796 3312 audpciam
817 3162 957 3310 retupplip
978 3160 1053 3264 111111ο
1067 3161 1113 3223 his
1134 3162 1289 3264 compellat

86 3265 124 3307 re
158 3266 197 3310 rs:
240 3270 283 3320 os,
307 3269 334 3311 st
376 3269 553 3314 ememorro
573 3269 593 3312 o
611 3267 699 3312 rema
831 3267 881 3311 coe
960 3265 1065 3309 omrnn
1147 3267 1162 3310 e
1238 3267 1289 3310 rn-

87 3331 244 3410 sostiridiis
266 3339 458 3416 transegisse,
487 3337 703 3414 recognoscetis
726 3267 919 3396 squoeordias.
963 3331 1051 3394 Nunc
1071 3267 1150 3394 etquN
1163 3265 1289 3415 meri·

86 3419 319 3501 simplamque,
341 3439 379 3482 ne
400 3420 499 3483 eodem
520 3421 675 3482 videamur
694 3419 801 3499 ubique
822 3427 992 3480 retrectare
1014 3416 1090 3488 (Lib.
1112 3415 1148 3478 11.
1170 3417 1205 3478 ad
1227 3417 1287 3478 Na-

86 3500 335 3583 tion.cap.15.).
378 3503 467 3566 Vides
498 3505 631 3583 prolecto
663 3501 703 3566 ibi
736 3503 793 3565 dno
827 3503 863 3564 ab
884 3502 1011 3564 ductore
1042 3509 1146 3563 nostro
1178 3502 1287 3564 diserte

87 3588 235 3650 enuntiari.
279 3587 379 3650 Primo
406 3587 523 3673 quidem
550 3587 665 3668 plenius
694 3607 710 3649 a
738 3605 772 3649 se
792 3587 860 3668 ipso
883 3586 1143 3648 demonstrandum
1165 3585 1288 3664 gentiles

86 3669 231 3734 homicidii
253 3680 339 3752 atque
360 3672 532 3735 infanticidii
554 3691 622 3734 esse
644 3691 723 3734 reos.
759 3671 846 3751 Atqui
868 3670 897 3732 id
913 3670 961 3732 ille
975 3670 1078 3732 nullibi
1092 3668 1186 3731 lusius
1202 3686 1288 3748 quam

87 3753 310 3837 inspologetico
333 3757 523 3820 demonstrat
552 3757 689 3820 Secundo
709 3755 804 3836 palam
826 3755 953 3817 declarat
971 3755 1062 3816 multa
1076 3773 1110 3814 se
1125 3752 1285 3825 distulisse,

88 3839 149 3903 abbi
170 3861 189 3903 a
207 3862 241 3905 se
262 3842 356 3904 lusios
378 3841 566 3916 enucleanda,
588 3841 748 3904 ne-eadem
770 3840 834 3902 aliis
856 3839 886 3902 in
908 3839 990 3902 libris
1012 3842 1159 3917 repeteret
1179 3853 1213 3896 ac
1230 3855 1288 3896 re-

87 3932 226 3989 tractaret
270 3927 329 3989 Sed
350 3925 411 4000 ubi,
440 3943 561 4006 qrmesc,
591 3925 665 3988 baec
684 3925 824 3988 adversus
847 3923 970 4003 gentiles
992 3921 1121 3994 uberius,
1149 3938 1236 3999 quam
1256 3919 1288 3982 in

88 4008 269 4090 Apologetico
292 4009 470 4091 disputarit?

169 4096 241 4169 Quis
270 4113 351 4176 ergo,
379 4095 416 4158 iis
449 4095 586 4160 omnibus
614 4113 689 4175 quae
720 4093 873 4156 retulimus
901 4097 1033 4154 ammte
1066 4088 1201 4168 expensis
1227 4107 1288 4152 non

92 4177 219 4244 fatebitur
240 4180 462 4255 Tertullianum,
490 4195 557 4247 mm
583 4179 640 4241 bos
669 4178 705 4240 ad
726 4177 866 4240 Nationes
886 4175 980 4240 libros
1002 4173 1146 4247 exarabat,
1174 4191 1230 4236 nos
1252 4174 1288 4236 ad

90 4281 172 4326 sotim
201 4265 324 4328 misisse
344 4264 562 4346 Apologeticum
593 4282 680 4344 quem
712 4271 775 4324 tum
796 4263 939 4324 conticere
960 4257 1153 4322 meditabatur
1186 4258 1287 4339 (Supr.

90 4365 147 4428 oep.
168 4353 197 4415 3.
216 4351 281 4414 nrt
304 4347 372 4428 1.)l
411 4344 504 4414 Prius
527 4349 614 4429 igitur
645 4347 712 4410 libri
738 4345 774 4409 ad
795 4347 944 4419 Nationes,
970 4361 1055 4423 quam
1082 4342 1288 4425 dpclcgeticus

89 4431 122 4492 ab
148 4434 195 4498 illo
223 4435 294 4498 editi
323 4441 403 4497 sunt
444 4437 482 4497 nt
503 4453 536 4498 ox
558 4434 704 4516 assignata
725 4450 743 4493 a
762 4431 850 4493 nobis
870 4430 959 4492 buius
980 4435 1074 4490 aetate
1094 4427 1166 4491 satis
1188 4435 1288 4506 aperte

93 4517 178 4599 coligi
211 4528 315 4602 potest
345 4519 426 4582 illum
457 4519 493 4581 ad
514 4519 610 4582 datam
632 4516 779 4582 scribendi
799 4512 980 4595 Apolcgctici
1001 4513 1088 4576 fidam
1108 4511 1287 4575 liberandam

92 4617 146 4665 uon
164 4604 284 4687 longum
304 4603 520 4686 interposuisse
539 4603 683 4686 temporis
716 4599 843 4684 spatium
864 4617 919 4663 nec
938 4617 1051 4662 moram
1070 4597 1131 4678 pati
1145 4596 1287 4679 potuisse,
1356 4637 1362 4662 .
