3078 5248
275 383 338 448 546
360 402 397 443 nr:
412 401 486 442 VERA
499 399 613 442 AETATE
627 397 662 439 nc
678 361 824 440 nocrnrttt
840 395 1026 442 SGNlPTONU!
1040 399 1236 442 nnunnccntnt
1249 400 1427 446 ntsruntrto

276 549 393 611 finibus.
444 549 489 611 Sit
508 549 548 609 ita
570 565 653 609 sane.
704 546 748 608 Sit
776 547 874 610 vultus
897 547 1071 608 Tertulliani
1092 547 1287 610 llontanistae
1313 569 1352 612 ac
1377 571 1486 630 porsc-

275 632 419 712 νίζοντος
441 633 595 711 ambiguus
618 631 787 692 admodum.
832 630 909 703 Quid
933 649 1003 711 ergo
1026 630 1096 694 esti
1138 631 1284 694 Nimirum
1312 651 1379 696 uon
1401 645 1486 715 potest

274 738 310 780 ex
331 719 411 780 vultu
433 716 605 779 Tertulliani
625 715 921 786 iudica1·i,''luaritne
943 716 969 778 is
997 716 1055 777 iam
1083 717 1188 778 morbo
1210 718 1287 778 lecto
1309 720 1435 786 affixus.
1461 741 1487 782 aa

274 803 376 864 leviter
405 813 500 863 tactus
528 800 656 880 quodam
683 800 748 860 eius
775 800 896 880 impetu.
953 800 991 861 Et
1017 801 1045 862 id
1069 800 1241 862 volebamus
1261 803 1404 881 quidem,
1440 823 1487 866 noi

274 905 366 967 posse
388 905 423 947 ex
445 885 557 948 levibus
579 884 755 974 quibusdam
778 883 871 962 signis
893 903 1030 946 errorum
1051 884 1231 946 Tertulliano
1260 905 1328 948 oum
1352 889 1487 950 uonna

275 972 330 1032 stis
367 969 566 1032 communium
599 977 661 1030 tute
692 968 808 1043 coniici,
842 969 920 1047 qnod
953 969 1010 1029 iam
1043 969 1108 1049 ipsa
1136 969 1390 1032 montanistarum
1422 993 1487 1034 sam

275 1055 448 1134 susceperit.
492 1055 593 1133 Neque
621 1062 721 1114 tamen
747 1052 778 1113 id
807 1054 847 1115 ita
875 1052 1057 1115 intellectum
1077 1047 1230 1126 volumus,
1252 1055 1342 1134 quasi
1367 1058 1487 1136 sprin-

275 1147 357 1200 esset
378 1148 428 1199 aut
450 1146 621 1219 suspectum
645 1155 732 1198 omne
753 1145 968 1216 argumentum,
991 1137 1070 1216 quod
1086 1137 1203 1198 ducitur
1217 1157 1234 1198 a
1250 1139 1402 1201 doctrinis
1419 1143 1486 1202 llou-
1513 1167 1514 1180 ¹

274 1224 449 1284 tanistarum
472 1223 504 1284 in
526 1223 583 1282 boc
603 1221 689 1282 illore
710 1221 787 1283 libro
810 1221 983 1282 Tertulliani
1005 1221 1110 1295 obviis,
1132 1223 1168 1282 ad
1183 1223 1424 1287 llontanismum
1437 1228 1486 1287 ist'n
1513 1229 1514 1250 ¹

275 1307 358 1368 libris
382 1307 586 1370 asserendum.
623 1307 700 1368 Sunt
721 1305 800 1366 enini
822 1306 879 1367 istu
907 1305 937 1366 in
959 1325 992 1366 re
1014 1307 1088 1368 lines
1109 1315 1140 1368 et
1162 1307 1247 1385 quasi
1267 1309 1413 1382 mnnini,
1436 1313 1486 1388 qui-

274 1391 330 1453 bus
356 1392 495 1454 utendum
518 1391 663 1463 arbitror,
695 1409 733 1450 ue
765 1391 802 1452 de
824 1388 997 1451 Tertulliani
1018 1390 1216 1452 Montanismn
1253 1409 1291 1451 ex
1319 1393 1389 1454 eius
1420 1394 1485 1456 libri

275 1476 481 1554 cognoscendo
519 1493 623 1554 parum
659 1484 709 1552 aut
744 1473 868 1536 nimium
902 1474 1105 1554 philosophari
1142 1475 1305 1537 videamur.
1374 1478 1485 1540 Primae

275 1560 364 1638 igitur
384 1561 480 1640 legem
503 1561 566 1620 eius
588 1560 632 1620 rei
653 1558 826 1620 iudicandae
848 1559 924 1620 banc
945 1558 1080 1620 volumus
1102 1577 1181 1632 esse,
1204 1569 1236 1620 ut
1258 1560 1416 1623 eiusmodi
1431 1564 1486 1624 imi

275 1645 417 1706 habeatur
450 1645 480 1706 in
517 1661 621 1704 eorum
655 1661 789 1717 numero,
823 1662 898 1722 quos
930 1643 1054 1704 familiae
1082 1644 1329 1706 llontauistarum
1360 1645 1421 1708 iam
1449 1649 1485 1707 ad

274 1729 403 1808 scriptus
425 1728 636 1808 composuerit,
658 1727 689 1788 in
710 1747 769 1806 quo
792 1728 921 1789 occurrit
940 1745 1049 1789 nomen
1072 1727 1292 1806 Pspcbicorum.
1327 1729 1405 1791 Erat
1425 1732 1486 1792 enin

270 1813 333 1873 boc
354 1814 442 1874 veluti
465 1811 640 1892 symbolum,
662 1831 721 1891 quo
743 1812 843 1874 socios
866 1811 1057 1874 Ortbodouac
1078 1811 1227 1874 Ecclesiae
1254 1831 1270 1872 a
1304 1831 1384 1875 suae
1407 1831 1486 1876 sertas

274 1897 461 1968 hominibus,
495 1915 571 1976 quos
603 1897 758 1977 spiritales
785 1896 865 1969 dicit,
905 1895 1137 1974 distingueret³;
1174 1907 1260 1975 atque
1289 1897 1417 1960 videtur
1443 1911 1483 1960 tue

275 1982 337 2042 lere
359 1982 526 2054 confictum,
560 2000 625 2042 cum
654 2000 717 2052 eos,
750 1981 800 2058 qui
828 1980 952 2058 rigidam
972 1980 1102 2041 Montani
1126 1981 1311 2059 disciplinam
1338 2003 1405 2044 non
1429 2005 1484 2044 rcer-

274 2064 401 2145 plebani,
436 2083 606 2144 oppugnare
638 2065 790 2144 inciperet.
845 2065 946 2144 Neque
968 2065 998 2125 id
1028 2065 1154 2126 occurrit
1180 2064 1210 2124 in
1238 2065 1298 2126 ullo
1329 2066 1414 2128 libro
1437 2069 1484 2128 alia.

275 2166 361 2226 quem
383 2151 527 2228 temporis
549 2157 600 2212 aut
621 2149 715 2229 ipsius
738 2148 889 2210 doctrinae
911 2149 986 2210 ratio
1011 2150 1172 2210 ostendunt
1186 2158 1253 2210 ente
1268 2149 1338 2210 eius
1356 2151 1484 2212 delectio-

275 2251 344 2293 nem
365 2233 564 2312 'conscriptum
586 2234 689 2295 luisse.
740 2233 841 2312 ltaque
868 2251 930 2294 uon
958 2241 1004 2295 est
1031 2232 1240 2306 dubitandum,
1269 2234 1347 2312 quin
1373 2237 1435 2296 siut
1454 2240 1484 2296 'm

162 2335 168 2346 ·
274 2315 351 2388 libri,
375 2317 424 2395 qui
447 2317 504 2378 hnc
525 2337 632 2380 nomen
655 2317 816 2389 continent,
846 2335 950 2378 omues
980 2325 1049 2396 post
1070 2326 1239 2398 susceptum
1263 2317 1484 2382 Montanismuu

275 2401 395 2462 exarati.
443 2401 524 2462 Alter
551 2421 644 2462 canon
673 2401 722 2462 hic
749 2410 830 2463 esto:
869 2400 973 2462 Omnis
1000 2401 1076 2464 liber
1106 2401 1277 2463 Tertulliani
1308 2421 1348 2464 ex
1373 2405 1483 2466 Nonus

276 2485 391 2546 officina
415 2486 524 2547 exiisse
545 2494 674 2566 putetur,
697 2486 745 2564 qui
768 2485 1043 2548 doctrinastractat
1069 2505 1131 2547 non
1159 2485 1278 2566 quidem
1301 2485 1483 2550 llontauisu

274 2587 341 2630 rum
361 2571 513 2650 propriae,
544 2571 596 2632 sed
625 2579 721 2632 tamen
743 2569 885 2632 Paracleti
913 2569 1063 2632 cuiusdam
1095 2569 1267 2632 auctoritate
1297 2575 1484 2634 confirmas

274 2653 406 2736 Namque
439 2655 486 2716 hic
519 2663 582 2716 erat
614 2655 745 2734 capitalis
783 2655 1026 2716 Montanistaruuu
1062 2673 1161 2729 error,
1199 2653 1278 2734 quod
1313 2655 1485 2719 Paracletus

274 2739 415 2800 instarent
436 2758 492 2801 suo
516 2749 649 2819 tempore
670 2739 790 2800 uenisse
813 2739 916 2812 talem,
944 2740 993 2817 qui
1023 2749 1053 2801 et
1081 2737 1140 2800 dux
1169 2747 1249 2802 esset
1277 2740 1316 2800 ad
1350 2743 1485 2804 sericus

275 2843 394 2884 omnem
432 2834 463 2884 ct
496 2842 571 2884 nova
587 2823 893 2884 serum'diriuarum
922 2822 1045 2886 scientia
1077 2823 1229 2885 auditores
1251 2843 1328 2886 suos
1356 2827 1486 2888 imbues

273 2908 323 2978 ite,
347 2917 379 2969 ut
401 2917 627 2987 cognoscerent,
650 2926 724 2986 quae
746 2909 886 2986 patelacta
910 2907 980 2968 nulli
1010 2917 1109 2970 essent
1134 2907 1309 2986 antiquioris
1335 2913 1484 2972 memoris

273 2980 395 3064 homini}
420 2993 505 3054 etad
528 2992 683 3054 maximam
704 2992 916 3070 perlectionem
938 3011 1016 3054 nnuc
1038 2992 1190 3072 adspirare
1209 3001 1373 3072 possent·
1408 2997 1487 3073 ,ttqo

273 3076 359 3138 buius
388 3076 531 3139 Paracleti
558 3071 738 3157 agnitinn'em
767 3095 817 3149 se,
847 3076 902 3149 ait,
943 3075 1111 3138 seiunxisse
1139 3076 1175 3138 ab
1203 3075 1380 3150 Ecdesia3‘
1407 3099 1485 3156 nequ·

273 3161 351 3220 bunc
379 3161 436 3221 sibi
465 3180 597 3223 errorem
628 3159 802 3240 persuaderi
836 3179 963 3240 unquam
995 3161 1076 3240 passi
1112 3170 1181 3223 snut
1212 3161 1414 3224 Ortbudoxae
1443 3164 1486 3224 lr-

274 3244 380 3304 clesiae
402 3245 487 3318 socii,
509 3247 648 3325 qnoniam
671 3245 719 3306 hic
739 3245 907 3324 principalis
936 3255 999 3306 erat
1026 3244 1159 3307 doctrina
1183 3263 1303 3318 eorum,
1335 3249 1393 3328 qui
1417 3249 1488 3308 Nuu-

273 3335 385 3399 tauum,
407 3336 554 3406 tamquam
576 3330 759 3408 magistrum,
782 3329 978 3404 sectabantur,
1002 3333 1134 3408 quamuis
1156 3330 1246 3391 ceteri
1269 3349 1399 3394 errores
1416 3334 1487 3393 llos·

274 3410 448 3472 tanistarum
471 3417 608 3486 omues,
648 3431 684 3473 cx
724 3411 819 3492 aliqua
851 3423 943 3493 parte,
976 3413 1021 3474 vel
1053 3415 1119 3494 ipso
1156 3415 1242 3476 huius
1274 3418 1489 3478 controversia

273 3504 421 3574 tompore,
458 3496 504 3556 vel
531 3497 617 3577 paulo
647 3505 725 3575 post,
758 3507 894 3577 receptae
923 3499 1031 3559 luerint
1064 3499 1252 3560 anonuullis
1274 3499 1424 3578 auctiquae
1448 3501 1490 3561 u-

273 3579 379 3640 desiae
402 3580 563 3642 sodalibus.
607 3580 665 3642 Sed
688 3581 936 3660 quemadmodum
959 3581 1102 3654 diximus,
1133 3601 1292 3662 numquam
1316 3583 1490 3664 deposcisa

273 3663 484 3726 Tertullianum
503 3685 619 3726 errores
638 3673 702 3736 eos,
724 3685 800 3746 quos
817 3665 908 3727 semel
923 3666 954 3726 in
967 3665 1066 3728 schola
1082 3667 1328 3728 llontanistarum
1344 3669 1482 3730 didicero:

274 3749 304 3810 id
326 3758 432 3828 sponte
454 3751 598 3831 sequitur,
621 3751 701 3830 quod
723 3749 779 3810 iam
799 3751 860 3810 lere
873 3750 1011 3822 diximus,
1035 3750 1166 3812 eiusdem
1182 3751 1299 3830 generis
1316 3770 1394 3814 esse
1409 3755 1488 3814 libr-r

272 3833 455 3909 Tertulliani,
477 3835 507 3896 in
530 3834 742 3913 quibusalios,
766 3834 843 3895 baud
865 3834 954 3896 dubie
975 3833 1219 3896 Montanistarum
1249 3835 1332 3896 scitis
1359 3837 1488 3910 inlectos.

272 3918 414 3980 excitavit.
457 3919 551 3997 Atque
580 3919 627 3980 his
657 3917 765 3996 regulis
793 3917 859 3978 addi
887 3925 1012 3997 possent
1039 3919 1121 3993 aliae,
1154 3937 1229 3998 quae
1256 3919 1357 4003 libros
1384 3923 1487 3982 Nonn-

271 4001 360 4064 uismi
382 4003 548 4065 certissime
570 4010 705 4080 arguunt,
729 4002 822 4081 qualis
844 4011 892 4064 est
909 4003 1019 4064 diserta
1031 4002 1126 4082 ipsius
1140 4002 1311 4065 Tertulliani
1326 4009 1479 4082 protessi-

272 4087 324 4146 sed
353 4097 422 4148 sunt
444 4089 518 4148 istae
540 4087 579 4147 ita
601 4089 663 4148 lere
686 4094 887 4166 comparatae,
920 4096 953 4148 ut
981 4086 1181 4166 disputatione
1203 4106 1263 4148 uon
1286 4101 1420 4166 egeant,
1455 4106 1487 4148 ss

271 4187 332 4228 noir
354 4171 414 4230 sint
435 4171 618 4252 certissimae
639 4169 717 4231 lldei.
773 4170 859 4242 Quod
883 4170 908 4230 si
929 4189 1000 4231 vero
1029 4171 1157 4232 extiterit
1184 4171 1241 4232 tale
1269 4171 1341 4250 quid
1368 4173 1404 4236 in
1428 4192 1489 4252 qno·

272 4251 339 4310 dam
360 4254 434 4314 libro
448 4255 629 4328 Tertulliani,
652 4254 731 4332 quod
753 4264 856 4334 posset
873 4253 983 4320 referri
1005 4255 1041 4315 ad
1065 4274 1152 4318 uriam
1175 4255 1347 4333 regularum
1378 4259 1490 4320 istanc

271 4333 382 4414 absque
403 4340 514 4401 erroris
536 4337 667 4419 periculo
690 4338 758 4400 licet
780 4339 962 4412 existimare,
991 4339 1058 4400 euni
1081 4339 1171 4400 luisse
1194 4347 1257 4400 tum
1280 4339 1415 4415 editum,
1441 4361 1490 4402 rur

305 4468 370 4518 dull.
389 4471 562 4522 Tertullianum
582 4475 611 4523 de
629 4473 778 4535 lloncgemia
798 4489 850 4539 cap.
903 4474 999 4536 giuibns
1016 4489 1071 4537 cap.
1093 4473 1118 4524 1,·
1133 4479 1157 4523 et
1174 4473 1429 4528 tuccitanensis
1445 4479 1494 4524 Tu·-

273 4536 295 4585 1.
322 4537 377 4586 edit.
398 4538 447 4586 Nic.
467 4539 559 4600 lligaltii
579 4539 608 4589 ll.
627 4556 651 4605 p.
671 4540 728 4590 673.
748 4541 773 4590 a.
794 4545 799 4552 '
906 4543 998 4590 cionem
1017 4557 1038 4590 c.
1056 4540 1096 4591 22.
1117 4556 1139 4604 p.
1158 4539 1217 4590 537.
1237 4541 1263 4591 C.

304 4619 325 4655 e.
344 4605 369 4656 l'.
388 4605 492 4658 eundem
509 4607 532 4655 in
553 4607 613 4656 libro
632 4609 670 4682 de
682 4607 853 4659 velandisl'lr-
941 4609 957 4657 l.
976 4609 1095 4660 Aduersus
1114 4609 1219 4658 l'raueun
1238 4623 1291 4673 cop.
1314 4611 1336 4660 l.
1358 4627 1389 4676 p.
1406 4611 1488 4663 astu

1513 2182 1515 2201 t

1513 2206 1515 2277 l

1513 2278 1515 2349 l
