3166 5250
276 365 340 430 486
376 380 566 452 nrsssararro
583 381 612 424 m
628 377 677 432 ou.
693 379 776 424 sarr.
792 379 878 423 raon.
893 379 1088 458 narrantum
1100 380 1327 426 aronocurrcuu
1341 383 1420 428 csrr.

276 532 514 614 impietatemque
535 531 720 594 ethnicorum
742 530 839 594 acrius
862 531 1066 594 insectaretur.
1111 531 1190 605 Quid
1211 539 1310 595 umen
1330 541 1472 596 11111111-

275 627 360 680 tuere
386 617 504 762 apdeas,
532 616 558 678 si
585 624 755 696 corruptum
782 634 892 679 nomen
922 624 967 678 est
993 635 1049 678 nec
1075 616 1230 679 meliorem
1263 617 1392 680 codicem
1410 637 1473 680 uan-

277 721 397 766 erscans

267 850 270 866 ,
360 786 498 848 Ceterum
519 785 628 847 ethnici
648 793 765 865 praeter
786 785 840 846 bas
862 784 1064 847 intolerandae
1085 785 1223 848 auantiae
1255 786 1360 848 sordes
1388 786 1475 850 eaden

276 873 399 934 deorum
428 888 551 932 suorum
579 869 686 950 templa
714 869 867 932 lenociniis
895 878 925 932 et
945 869 1107 946 adulteriis,
1135 871 1381 951 quemadmodum
1400 889 1476 952 supn

275 959 350 1035 (cap.
373 957 424 1019 26.
446 957 506 1017 brt.
529 959 573 1030 l.)
602 971 669 1017 eum
690 954 870 1016 Tertulliano
899 962 1003 1016 nostro
1033 954 1220 1016 observatum
1243 965 1290 1018 est
1311 956 1475 1031 (Temrlban.

274 1041 428 1122 bpologet.
452 1059 514 1119 cap.
540 1043 613 1117 lb),
648 1048 707 1100 tarn
734 1039 921 1120 impudenter
949 1055 1036 1119 quam
1064 1039 1184 1120 impune
1205 1040 1383 1120 polluebant
1423 1041 1476 1114 Ocu

275 1143 346 1205 ergo
369 1125 485 1186 ratione
506 1124 626 1186 credere
647 1131 785 1205 poterant
806 1124 880 1186 deas
902 1141 974 1186 suos
995 1123 1026 1186 in
1047 1123 1095 1185 bis
1117 1123 1250 1187 babitare
1272 1125 1395 1206 templis,
1415 1145 1476 1204 quae

276 1209 453 1290 saepissime
475 1208 564 1271 unus
586 1208 804 1270 dedecorabant
824 1209 942 1288 flagitiis
964 1226 998 1269 aa
1019 1227 1034 1268 s
1070 1207 1207 1272 loribus?

240 1291 245 1302 '
360 1293 438 1355 Nihil
466 1293 572 1355 mirum
605 1293 703 1372 itaque
729 1293 756 1354 si
780 1294 953 1365 Christiani,
986 1292 1026 1355 ait
1075 1293 1257 1368 ertullianus,
1290 1295 1363 1356 baec
1382 1293 1477 1376 templa

275 1399 330 1442 aea
351 1380 484 1443 interdiu
505 1383 612 1442 norint
634 1378 818 1453 (Tertulliau.
840 1377 905 1456 loco
928 1378 1000 1454 cit),
1024 1377 1053 1439 id
1076 1385 1123 1441 est
1143 1378 1190 1441 illa
1213 1397 1276 1440 non
1297 1379 1418 1441 adierint
1435 1397 1478 1459 per

276 1464 364 1537 diem,
387 1462 538 1542 multoque
559 1463 657 1525 minus
678 1482 732 1543 per
753 1469 880 1536 noctem,
913 1470 1059 1524 tantorum
1082 1461 1238 1525 criminum
1261 1463 1415 1526 consciam.
1453 1462 1477 1524 si

275 1549 392 1629 quando
415 1557 512 1610 tauma
534 1548 768 1628 ingrederentur,
792 1547 963 1630 spoliarent
984 1549 1120 1627 sortitore
1135 1568 1178 1620 aa,
1201 1557 1234 1610 ut
1247 1549 1297 1610 ille
1312 1549 1361 1622 ait,
1383 1550 1476 1628 etipai,

276 1638 306 1696 ei
336 1654 369 1696 ea
391 1631 578 1705 'adorarent
612 1632 670 1694 boc
700 1642 747 1694 est
780 1633 805 1694 si
838 1632 993 1711 aliquando
1026 1631 1184 1694 Christiani
1217 1633 1291 1698 baec
1318 1633 1348 1696 in
1375 1631 1475 1712 templa,

276 1717 522 1798 quemadmodum
555 1717 688 1796 gentiles.
721 1717 845 1778 introire
876 1715 1055 1797 potuissent,
1088 1715 1136 1777 illa
1164 1717 1371 1798 proculdubio,
1404 1715 1476 1778 veluti

275 1802 434 1882 Dionysius
465 1811 606 1882 tyrannus
637 1801 749 1874 etalii,
783 1820 909 1881 quorum
937 1799 1006 1863 abbi
1033 1800 1155 1864 lecinms
1184 1803 1376 1876 montionem,
1406 1800 1476 1880 plene

207 1906 211 1912 ·
276 1887 464 1968 spoliassent,
487 1905 547 1948 non
568 1886 687 1965 quidem
708 1887 786 1949 sicut
806 1886 857 1959 illi,
881 1886 1017 1948 avaritiae
1039 1905 1137 1960 causa,
1165 1887 1218 1948 sed
1240 1895 1363 1968 propter
1383 1885 1476 1948 scelera

276 1990 311 2034 ac
333 1965 590 2051 sacrilegia,'quae
612 1972 643 2032 in
666 1971 709 2032 eis
732 1970 931 2050 patrabantur.
974 1969 1062 2032 Plura
1089 1989 1159 2034 vero
1182 1971 1219 2032 de
1242 1973 1422 2034 ethnicorum
1440 1977 1476 2030 et-

276 2075 334 2137 que
357 2057 444 2118 etiam
467 2056 700 2119 Christianorum
723 2055 839 2135 templis
862 2055 891 2116 in
914 2055 1009 2118 citatis
1028 2055 1289 2119 dissertationibus
1304 2055 1411 2118 nostris
1425 2053 1475 2114 dis·

275 2141 440 2220 putavimus
457 2195 460 2200 .
475 2140 639 2216 (Dissertat
668 2141 697 2201 in
719 2141 825 2202 blinuc
856 2159 919 2218 cap.
945 2143 993 2203 12.
1020 2141 1082 2202 art
1105 2142 1135 2204 2.
1162 2141 1193 2202 in
1215 2141 1326 2206 brnola
1356 2157 1416 2220 cap.
1436 2141 1475 2202 11.

276 2225 336 2285 brt.
363 2231 389 2288 l.
414 2234 444 2288 et
464 2226 494 2286 in
515 2226 733 2305 Lactantcap.
757 2227 808 2289 33.
831 2225 892 2286 brt.
918 2227 968 2302 1.).

778 2443 945 2494 auritulus
964 2442 994 2493 ll.

278 2549 348 2602 Quam
371 2549 479 2592 sceterata
505 2548 642 2592 consolantia
665 2553 791 2602 quantaque
815 2547 905 2590 avaritia
924 2547 1007 2591 eunici
1025 2545 1065 2590 diis
1084 2548 1131 2592 sule
1149 2549 1323 2596 eacnbcaren'at
1341 2555 1362 2592 et
1378 2543 1476 2594 obtulerint

277 2628 346 2670 gruna
370 2616 439 2660 eburis
458 2615 523 2658 unius
541 2615 607 2666 assis,
631 2615 687 2658 duas
704 2614 759 2658 mari
776 2621 856 2668 gunea,
883 2613 1014 2672 sanguinem
1031 2614 1119 2670 reprobi
1136 2615 1198 2660 baria
1221 2617 1277 2662 morl
1304 2617 1403 2672 optantis,
1424 2619 1475 2668 atqu

367 2691 454 2735 enecta,
471 2683 565 2737 rabiosa,
583 2683 686 2738 ungulas,
706 2683 810 2738 capitula,
828 2683 952 2737 plrrmmum
970 2689 1111 2737 satanamque
1129 2685 1248 2739 praevulsa
1266 2697 1293 2729 ac
1311 2684 1403 2728 debitam

678 2749 767 2794 llerculi
786 2749 893 2793 decimam
912 2749 1096 2794 debeudererint.
1164 2743 1168 2754 ”

362 2864 428 2925 Non
457 2863 551 2929 maior
578 2865 711 2945 prolecto
741 2863 795 2928 luit
823 2864 974 2944 gentilium
1001 2863 1033 2926 in
1065 2865 1215 2930 sacrificiis
1244 2867 1320 2940 suis,
1353 2881 1433 2945 quarn
1455 2857 1476 2920 it

278 2949 396 3029 templis
419 2948 512 3028 pietas
534 2968 568 3011 ac
589 2949 691 3030 religio
714 2969 768 3010 nec
790 2949 888 3010 minor
911 2949 998 3010 etiam
1028 2949 1148 3012 avaritia
1182 2961 1379 3034 quaestusque
1399 2943 1474 3009 andi-

277 3045 334 3096 tas.
377 3033 440 3095 Diis
463 3034 541 3096 enim
565 3035 628 3096 suis
662 3034 858 3096 sacrificantes
888 3033 1052 3096 offerebant
1069 3047 1142 3116 pest
1164 3040 1274 3108 amaia,
1304 3033 1396 3115 inquit
1415 3031 1476 3092 Ter·

227 3105 241 3130 ⁹
277 3118 426 3188 tullianus,
448 3121 671 3198 inquinamenta
692 3125 781 3182 etium
803 3123 1013 3182 conscientiam
1035 3139 1176 3200 spurcam
1208 3119 1391 3197 (Tertullian.
1411 3117 1475 3196 lpo-

277 3201 366 3280 logct.
390 3220 453 3280 cap.
476 3205 551 3278 30.),
584 3201 645 3264 sive
676 3203 901 3264 cenmminatam
934 3202 1070 3266 omnibus
1103 3203 1169 3266 illlis
1205 3204 1385 3276 criminibus,
1416 3213 1474 3280 111111

277 3285 366 3368 paulo
395 3294 479 3346 antea
507 3293 537 3346 et
564 3285 675 3381 passim
702 3287 732 3348 in
760 3287 814 3348 hac
836 3286 1044 3349 dissertatione
1066 3281 1166 3350 notata
1188 3297 1265 3352 sunt.
1312 3287 1401 3363 Quale
1420 3297 1475 3344 vero

278 3389 313 3432 ac
341 3376 481 3447 quantum
510 3370 604 3434 thuris
633 3369 793 3443 adolerent,
824 3371 849 3431 si
879 3371 955 3434 scire
975 3390 1071 3445 aveas,
1099 3371 1293 3456 respondebit
1314 3371 1366 3436 tibi
1386 3371 1476 3432 lucar

279 3464 397 3516 noster:
418 3471 517 3532 procu
539 3453 638 3516 tiarae
660 3459 751 3517 anius
773 3461 850 3518 ossis
874 3466 902 3517 et
918 3457 1061 3519 Arabicae
1075 3457 1196 3522 arboris
1214 3459 1364 3540 lacrymae
1384 3451 1475 3530 (lbidl,

278 3537 311 3602 id
332 3547 378 3600 est
398 3555 487 3616 grana
509 3537 615 3611 thuris,
638 3555 698 3599 uon
720 3538 837 3617 quidem
859 3539 974 3612 Sabaei,
996 3541 1074 3620 quod
1098 3543 1208 3604 maiore
1229 3529 1475 3612 condemnasti

277 3621 409 3696 Arabici,
439 3622 519 3701 quod
546 3621 642 3703 pretio
671 3621 823 3685 emebatur
849 3623 1004 3686 vilissimo.
1050 3627 1128 3702 Quin
1150 3625 1237 3690 etiam
1259 3627 1338 3690 arari
1358 3622 1474 3688 nonnas

278 3727 341 3771 non
362 3707 445 3788 plura
465 3707 554 3768 buius
578 3707 672 3770 thuris
695 3709 908 3786 quantumlibet
929 3711 1092 3774 communis
1115 3730 1214 3790 gana,
1237 3713 1291 3774 sed
1317 3711 1407 3774 tribus
1422 3715 1474 3766 aa·

279 3801 351 3867 turn,
380 3802 414 3856 ut
441 3799 525 3854 antea
556 3791 785 3855 obseruabamus
813 3793 919 3874 (Supra
941 3813 1003 3875 cap.
1027 3799 1077 3860 24.
1100 3795 1162 3857 brt.
1185 3799 1216 3862 3.
1239 3786 1475 3860 uenissetque

278 3877 410 3940 Lactant.
435 3885 498 3960 cap.
521 3879 572 3944 35.
595 3877 657 3938 brt.
680 3879 735 3955 2.),
766 3879 950 3957 apprehensa
971 3879 1078 3960 digitis,
1100 3880 1206 3962 quibus
1227 3881 1475 3964 paucissintus³11e

279 3963 344 4026 cai
386 3969 513 4028 oterant.

313 3983 332 4044 p
365 3983 551 4124 Ι(1111111111),
580 4055 683 4126 arguet
712 4046 827 4127 aliquis,
855 4066 954 4110 nonne
980 4047 1099 4129 plurimi
1126 4049 1211 4130 plena
1233 4069 1322 4114 manu
1342 4056 1417 4110 totos
1437 4041 1474 4133 111-

280 4131 443 4276 cendppant
470 4131 564 4196 thuris
593 4131 680 4196 etiam
709 4131 835 4213 pretiosi
862 4150 994 4208 aceruos,
1023 4134 1268 4214 quemadmodum
1290 4131 1416 4202 Tibullus
1439 4126 1475 4188 11¹⁵

280 4234 347 4277 vers
380 4234 416 4276 us
438 4217 558 4280 cecinit:

433 4332 552 4398 Natalia
574 4333 662 4408 Iano,
686 4347 806 4400 sanctae
830 4355 903 4418 eope
925 4335 1025 4398 tiaris
1047 4355 1180 4409 meroes,

500 4419 583 4493 Quos
605 4422 662 4485 tili
680 4421 733 4484 dat
754 4434 859 4485 tenera
882 4421 969 4484 dorio
985 4420 1093 4503 puella
1112 4441 1212 4487 manu.

999 4505 1118 4584 (Tibull.
1140 4506 1190 4570 lib.
1212 4507 1261 4571 lv.
1283 4505 1361 4585 Elag.
1384 4501 1424 4576 bl

280 4585 385 4650 Nonae
407 4583 494 4668 etiam
515 4585 653 4652 Martialis
676 4587 823 4654 cantabat:
