3092 5234
448 407 583 454 aucroas
605 410 646 452 ro.
669 409 736 453 aua.
758 409 922 455 nossem.
1233 397 1292 460 tat

67 556 249 628 defenderat,
286 556 326 617 ita
356 564 390 618 ut
417 556 543 636 exagitet
574 575 637 630 eos,
674 559 724 637 quai
753 558 809 620 sibi
831 560 986 622 sumebant
1007 567 1184 640 potestatem
1205 561 1295 624 mdi

65 639 189 702 reniam
211 638 396 714 delictorum,
434 659 508 720 qnae
529 641 581 702 uni
610 649 707 703 tamen
735 643 797 704 Deo
825 652 1016 722 competeret.
1069 644 1159 706 Cuius
1181 645 1235 718 rei,
1255 644 1295 707 ni

66 723 163 795 tabor,
187 723 431 802 significationem
454 724 485 785 in
507 724 565 785 illis
587 725 686 786 verbis
707 725 831 804 reperit:
860 745 954 806 cepoe
978 739 1134 808 peccatam
1161 729 1294 801 ds'mr'ttit,

68 825 165 886 nepus
191 811 335 886 spiritum
363 808 500 888 indulpet
526 812 589 869 uisi
608 810 690 870 Deus
717 811 818 882 solum
854 829 929 889 quae
955 811 1105 889 quomodo
1132 811 1251 872 nonnisi
1272 829 1294 882 a

68 890 215 968 scriptore
248 890 418 968 disciplinae
440 892 571 952 Montani
604 891 704 952 dedito
731 893 919 971 pronuntiari
940 895 1105 973 potuerint,
1137 912 1199 955 non
1220 913 1291 973 per-

68 973 174 1051 spicio.
210 973 285 1034 Nam
305 993 402 1054 neque
423 975 495 1035 iilud
517 974 636 1036 sodales
659 977 840 1038 orthodoxae
855 977 1003 1039 Ecclesiae
1017 979 1173 1056 negabant,
1195 995 1293 1058 neque

68 1058 105 1118 dc
128 1075 163 1117 ea
184 1073 217 1118 re
239 1066 377 1119 eruscos
398 1059 476 1120 inter
498 1066 527 1119 ot
547 1059 740 1121 idontanistas
762 1061 940 1140 disprututi03
971 1062 1024 1123 sod
1052 1062 1093 1122 illi
1116 1061 1292 1137 Ortbodosi,

68 1140 202 1217 quamvis
230 1141 350 1202 nonnisi
372 1142 434 1203 Deo
463 1149 642 1220 potestatem
669 1144 915 1206 remittendorum
937 1153 1122 1225 poeoniorum
1151 1145 1291 1225 adsigna-

69 1231 146 1296 rent,
179 1224 343 1302 negandam
379 1233 478 1286 umen
513 1243 616 1302 pacem
653 1226 702 1300 iis,
736 1228 785 1305 qui
817 1235 938 1306 propter
974 1236 1093 1308 peccata
1127 1230 1244 1290 luerent
1275 1247 1294 1292 c

69 1306 210 1368 socictate
239 1325 322 1368 sacra
350 1308 445 1381 eiecti,
473 1327 534 1368 non
565 1309 715 1388 putabant,
744 1311 890 1390 siquidem
918 1312 959 1372 illi
988 1331 1021 1373 se
1042 1313 1129 1373 vitam
1152 1313 1294 1374 emenda*

69 1397 153 1451 turos
175 1389 394 1468 pollicerentur.
436 1392 546 1452 Postea
567 1393 646 1454 bunc
667 1393 774 1454 librum
803 1395 849 1455 vir
875 1395 981 1457 doetus
1010 1396 1051 1456 ait
1077 1396 1112 1455 ad
1142 1396 1292 1457 calamita·

2 1521 4 1548 ,
69 1479 132 1534 tum
153 1472 515 1537 consummandum
536 1475 698 1538 cultoribus
720 1477 920 1540 immissarum
947 1480 1033 1558 plena
1066 1488 1201 1564 tempora
1221 1497 1292 1558 per-

2 1601 3 1616 2
69 1557 180 1630 tinere3
215 1575 290 1636 quae
317 1569 364 1620 ast
390 1559 463 1620 levis
491 1561 624 1638 prolecto
652 1561 829 1622 coniectura.
872 1562 946 1624 Nam
973 1581 999 1623 c.
1025 1566 1073 1626 16.
1096 1562 1163 1623 libri
1185 1563 1291 1636 nostri,

69 1659 157 1718 quem
179 1640 276 1702 locum
298 1641 347 1703 ille
369 1649 548 1704 antestatur:
571 1655 616 1705 est
636 1645 723 1706 sodis
744 1650 836 1706 suom
849 1647 1012 1707 secuudum
1029 1647 1193 1716 lavacrum,
1218 1666 1292 1709 acn-
1324 1699 1327 1706 ,

68 1728 168 1802 points
191 1724 313 1795 scilicet,
346 1726 426 1787 nullo
455 1727 543 1787 modo
572 1737 634 1788 tum
662 1745 805 1805 praesens
835 1729 996 1808 periculum
1019 1730 1160 1790 ostendit.
1205 1730 1293 1802 Quod

71 1807 97 1868 si
119 1816 381 1870 commemoratum
404 1811 491 1871 etiam
512 1809 726 1872 aTertullieuo
749 1812 865 1885 luisset,
888 1831 949 1872 non
971 1821 1128 1892 propterea
1148 1812 1198 1874 hic
1218 1813 1294 1876 liber

2 1938 6 1976 ἶ
70 1889 107 1951 ad
130 1891 241 1969 scripta
261 1891 394 1954 Montani·
419 1893 571 1955 erroribus
599 1896 708 1954 referta
735 1894 821 1956 abiici
850 1903 964 1975 posset,
998 1904 1070 1957 sunt
1096 1896 1174 1957 enim
1201 1897 1294 1960 multa

2 2051 4 2060 .
70 1973 243 2034 Tertulliani
266 1975 375 2055 scripta
397 1979 442 2050 (ιιι
462 1977 540 2038 Dies.
562 1977 586 2038 1.
609 1977 811 2056 docebamus),
839 1980 970 2058 aequalia
996 1981 1042 2042 bis
1069 1980 1293 2055 calamitatibus,

70 2065 139 2118 ante
161 2057 332 2121 Tertulliani
354 2060 551 2122 delectionem
573 2061 747 2140 composita.
793 2063 853 2125 Sed
884 2082 982 2142 neque
1008 2065 1074 2143 ipse
1101 2064 1150 2126 ille
1176 2063 1294 2144 dicendi

69 2142 189 2214 modus,
211 2161 269 2220 quo
292 2131 492 2206 Tertullianus
514 2146 660 2206 cruciatus
687 2145 813 2223 aliquem
845 2147 934 2208 veluti
955 2147 1134 2227 baptismum
1156 2149 1293 2228 appellat,

70 2225 170 2286 statim
197 2225 403 2288 Montanistam
431 2228 548 2308 prodit,
582 2229 640 2290 nisi
667 2229 792 2290 robinus
819 2230 918 2292 dicere
939 2231 1099 2308 Origenem
1125 2240 1296 2312 quoquest

70 2307 155 2382 alios,
177 2327 305 2387 quorum
326 2311 391 2372 loca
411 2313 500 2374 babet
520 2311 701 2374 Itodwellusi
722 2313 773 2391 qui
795 2332 946 2392 nunquam
960 2315 1087 2376 accusati
1102 2316 1294 2377 blontanismi

2 2465 3 2474 ἵ
70 2394 163 2464 luere,
193 2402 317 2471 propter
344 2414 408 2457 eam
435 2415 500 2456 rem
527 2396 660 2457 societati
681 2396 925 2458 Montsnistarum
953 2397 1087 2459 addictos
1113 2399 1216 2459 baberi
1238 2401 1292 2460 de-

70 2475 173 2537 neret
230 2477 364 2557 lienique
399 2479 478 2558 quod
514 2498 574 2540 non
611 2479 738 2540 obscure
774 2481 984 2542 Tertullianum
1022 2482 1128 2542 eodem
1160 2484 1191 2542 in
1226 2483 1292 2544 loco

106 2646 121 2693 i.
146 2645 246 2694 llissert.
266 2645 377 2710 Cyprian.
396 2647 457 2698 itttt.
483 2663 545 2712 ques
567 2655 605 2698 est
628 2648 658 2698 ds
708 2647 855 2711 baptismum
880 2647 1000 2710 triplicem
1028 2648 1233 2708 condrmsndnm,
1269 2659 1296 2700 ιιι

69 2711 178 2761 secundo
198 2713 303 2774 martyrii
321 2713 451 2777 baptismo,
470 2715 493 2764 in
504 2715 589 2779 primis
600 2710 624 2777 ὅ.
634 2713 657 2764 2.
709 2722 794 2779 postca
814 2715 912 2778 patebit,
932 2715 999 2764 nnllc
1012 2715 1085 2764 modo
1097 2717 1231 2774 consentit,
1251 2731 1294 2765 nc-

2 2801 3 2813 ι
105 2779 128 2825 l.
147 2781 176 2827 nt
194 2777 274 2828 dicere
292 2780 331 2843 qui
346 2789 444 2844 posset,
463 2781 527 2840 illos,
547 2781 586 2844 qui
603 2789 660 2844 post
707 2796 756 2844 pue
774 2788 854 2829 tamen
873 2781 1227 2845 bocilpipbaniitcstimonium
1240 2783 1294 2831 uni·

70 2845 247 2895 Tertullianum
261 2847 366 2904 rirerrnt,
386 2848 537 2897 Christianos
553 2847 658 2910 scripto·
709 2861 777 2896 verse
796 2849 998 2896 contemnendam
1017 2847 1129 2896 arbitror.
1155 2847 1205 2896 Erit
1224 2847 1295 2910 igitur

70 2927 121 2970 res,
146 2927 200 2962 cum
227 2925 321 2962 summa
340 2913 483 2963 existimatio
502 2927 587 2963 eornm
606 2922 658 2963 orte
710 2927 799 2978 operae
817 2915 930 2982 pretium,
948 2921 974 2962 ut
992 2915 1102 2977 quisnam
1122 2914 1142 2962 is
1161 2914 1233 2964 inerit
1250 2917 1295 2964 tri·

71 2987 145 3039 esset,
169 2980 209 3044 qui
233 2980 269 3030 rel
289 2989 366 3032 morte
383 2981 419 3030 rel
438 2981 584 3030 cruciatibus
602 2995 658 3030 sar·
710 2983 765 3046 pias
783 2981 911 3030 llarcioais
929 2981 1064 3044 baptismus
1082 2982 1184 3030 breriter
1211 2990 1294 3032 osten·

71 3047 281 3110 ceptistristum
300 3049 406 3096 confessi
424 3047 521 3111 publice
540 3054 616 3108 erant,
637 3055 662 3096 nt
712 3048 776 3098 dam·
813 3046 836 3108 1)
856 3049 927 3097 lduita
945 3055 1001 3098 sunt
1019 3048 1180 3111 indisciplina
1194 3049 1295 3100 ldarcio·

73 3112 121 3162 alia
140 3113 219 3178 plura,
238 3115 300 3162 banc
318 3129 414 3178 quoque
424 3113 518 3164 dicendi
530 3123 660 3163 consuetu·
712 3115 749 3164 nis
768 3115 857 3164 similia
876 3115 1016 3177 disciplinae
1035 3113 1200 3176 Manichacus,
1225 3131 1295 3180 quem

2 3227 4 3250 ‚
72 3181 153 3230 dinem
185 3196 197 3228 s
222 3181 372 3230 llontanistis
402 3181 552 3246 sumpsisse,
582 3196 660 3244 neque
712 3181 830 3230 linostem
859 3189 953 3231 constat
979 3195 1037 3230 suos
1064 3183 1088 3230 in
1119 3183 1245 3232 duditcrcs
1274 3191 1297 3234 et

71 3261 130 3310 erpo
149 3248 236 3298 borum
256 3249 308 3297 locs
327 3262 382 3298 esse
400 3249 486 3298 idonee
505 3250 535 3297 sd
554 3249 660 3298 liberan·
712 3249 808 3298 Eiectos
835 3247 987 3310 distinxisse3
1012 3263 1085 3312 quare
1109 3249 1173 3298 baad
1196 3251 1247 3299 acio
1266 3263 1296 3300 en

72 3317 131 3364 dum
154 3317 218 3366 bunc
241 3329 379 3366 sermonem
402 3331 415 3365 a
440 3317 591 3366 iluntcuismi
618 3331 661 3366 ss·
713 3317 858 3366 Harcionitis
882 3331 930 3366 non
956 3317 1139 3381 possit-eadem
1158 3317 1296 3368 distributio

2 3384 4 3420 t
71 3383 190 3446 spinione,
210 3384 353 3446 praesertim
367 3398 421 3432 cunr
431 3383 452 3434 is
463 3384 556 3447 primus
569 3383 661 3433 inTcr·
714 3383 843 3446 adsignari,
862 3399 916 3434 cum
928 3384 1091 3434 Tertullianus
1109 3385 1296 3434 adversusllsr-

71 3450 173 3498 tuiiiano
185 3449 335 3514 aliorumque
347 3450 658 3513 iioutanistarumscriptis,
711 3451 806 3501 cionem
825 3449 865 3499 lib.
884 3451 908 3499 T.
928 3466 948 3500 c.
968 3451 990 3498 t.
1012 3467 1036 3514 p.
1057 3465 1088 3499 m.
1107 3449 1156 3500 588
1171 3451 1196 3500 C.
1215 3451 1295 3501 videa-

2 3573 3 3578 ,
70 3517 143 3565 veluti
162 3517 186 3565 in
200 3517 263 3566 ‚lctis
276 3517 408 3581 Perpernae
418 3527 441 3567 et
452 3517 543 3570 Felicit.
555 3515 589 3582 (ᾗ.
598 3517 658 3578 22),
710 3525 751 3568 tur
768 3517 883 3578 indicare,
902 3518 996 3596 nonnisi
1015 3519 1176 3596 sanctioribus
1197 3533 1224 3568 ea
1246 3520 1296 3568 suis

71 3585 399 3714 rt·:t:·,ltzt„‡‚⁰‘t
417 3583 659 3715 sustulisti
711 3585 855 3702 ttulit
872 3585 1297 3714 ttttttttdtt'tuutttz

33 3725 43 3734 '
73 3721 120 3768 iam
134 3718 281 3768 Marcionem
299 3719 400 3769 eandem
419 3720 513 3769 dicendi
530 3727 661 3769 consuetu·
711 3721 840 3783 [idelibou
866 3721 966 3768 oideriot
985 3721 1045 3768 euim
1062 3720 1217 3768 catechumeni
1231 3719 1296 3767 eius:

72 3785 154 3834 dinem
173 3785 295 3834 bsbuisse.
330 3787 422 3850 Nempe
434 3787 584 3850 Epiphanius
602 3786 660 3834 bae·
711 3787 736 3835 in
761 3785 849 3849 quibus
872 3786 951 3847 potuit
968 3785 1154 3834 catechumenos
1173 3783 1316 3846 appellaret

72 3867 120 3902 res.
140 3851 209 3900 nnn.
229 3849 255 3914 ᾖ.
273 3851 297 3901 3.
322 3852 378 3902 adit.
397 3853 475 3903 Color
493 3867 516 3916 p.
536 3851 594 3901 304.
612 3859 662 3900 tres
714 3853 793 3901 minus
812 3853 934 3915 periectos
953 3853 1073 3912 modoeo,
1092 3849 1311 3913 quoEpiphanios.

73 3921 107 3969 sit
124 3919 260 3982 baptismos
283 3918 397 3968 delensos
416 3935 429 3968 e
447 3919 567 3968 Marcione
587 3919 661 3967 inisse
713 3919 802 3982 aliique
822 3920 867 3966 boc
884 3933 972 3966 nomen
992 3921 1062 3967 ctiam
1081 3917 1195 3984 adhibent
1212 3917 1241 3964 dc
1254 3931 1298 3965 au·

73 3978 116 4044 (ud
140 3978 230 4050 μόνον
251 3976 315 4050 παρ’
342 3979 416 4050 αὐτῷ
440 3979 471 4034 ἓν
489 3978 606 4048 λουτρὸν
623 3979 662 4032 δι’·
685 4033 693 4048 ‚
713 3986 832 4034 ditoribus
851 3985 1060 4046 Manichaeorum
1084 3997 1162 4046 nequo
1183 3983 1298 4036 credibile

74 4047 165 4108 δοται,
192 4043 259 4099 ἀλλὰ
281 4046 328 4100 acl
351 4045 402 4106 ἕως
418 4051 505 4118 τριῶν
521 4049 662 4120 λουτρῶν).
714 4060 759 4112 ast,
770 4052 914 4102 ldercionem
926 4053 949 4100 in
960 4053 1097 4101 universum
1107 4064 1191 4098 omnes
1202 4052 1297 4113 nuptias

73 4121 101 4170 ln
127 4134 176 4184 quo
201 4119 321 4169 narrando
346 4122 391 4170 atsi
418 4123 503 4170 demus
527 4135 582 4171 rere
607 4133 662 4170 esse
713 4120 842 4169 sustulisse
855 4119 918 4182 epud
931 4132 998 4179 suos,
1013 4131 1076 4177 cunt,
1094 4117 1298 4180 quemadmodum

2 4235 4 4258 ,
74 4187 144 4237 laisis
170 4186 199 4235 ab
224 4187 358 4251 lipipbanio
381 4190 514 4252 permista,
539 4196 661 4252 umquam
714 4193 822 4246 constat,
847 4187 984 4250 nuptiarum
1008 4192 1132 4234 auctorem
1155 4199 1203 4234 uon
1226 4185 1298 4234 deum

2 4268 4 4274 ⁸
74 4269 129 4306 cnm
164 4254 228 4304 dicat
251 4254 396 4305 Marcionem
426 4256 548 4319 triplicem
572 4255 664 4320 baptis·
716 4254 806 4304 malam
830 4254 875 4303 sed
893 4254 998 4302 medium
1017 4252 1085 4301 illurn
1103 4253 1200 4315 putarit,
1227 4265 1299 4316 qnam

74 4335 140 4372 mam
160 4321 318 4383 simultates,
336 4330 365 4372 ιιι
382 4337 409 4374 se
426 4324 665 4386 assapitiocumrir·
716 4322 806 4372 iustum
832 4319 993 4383 nuncupabat
1029 4321 1062 4369 Er
1081 4333 1127 4396 qao
1152 4318 1243 4398 ²)..¹¹9¹¹
1261 4321 1299 4398 in-

2 4409 3 4436 ¹
73 4391 143 4507 ‘lic
162 4390 665 4517 {teutaturturini,‘tit
715 4386 1115 4506 :ttdt‘tttnttlttu
1133 4387 1299 4516 inuidit

74 4471 129 4574 ¹unuln
155 4525 219 4574 dicat
250 4493 347 4574 dedisls
374 4525 519 4576 idarcicuem
544 4494 663 4588 trlpticem
716 4537 789 4572 unum
800 4521 927 4572 Marcionis
946 4523 1091 4586 baptismum
1108 4522 1133 4570 in
1152 4489 1299 4598 omncscol:

74 4591 233 4654 bsptismcm,
252 4592 318 4656 qaod
336 4606 390 4643 cum
406 4599 547 4655 argumento
561 4593 664 4642 adbuac
716 4590 799 4652 letum,
818 4589 894 4641 altero
912 4589 1016 4641 initiatos
1033 4591 1109 4640 luisse
1122 4587 1297 4639 interiortsad·
