3082 5238
446 389 581 436 suenone
603 391 645 436 ro.
666 391 734 434 uns.
757 389 920 436 summer.
1228 377 1292 448 bet

55 540 180 602 storias
199 545 390 602 mammam
412 537 487 600 nibil
506 553 631 616 prorsus
652 536 852 617 prodiderint,
888 559 924 602 ex
950 558 1008 620 quo
1037 542 1094 604 ista
1121 561 1171 604 res
1192 545 1292 622 possit

54 622 285 704 quodammodo
311 619 452 700 intelligi,
486 622 629 700 numquid
649 621 710 684 ista
728 623 839 700 lingere
859 622 976 696 liceret,
1016 633 1049 685 ut
1077 625 1290 704 opitularemur

57 706 212 786 opinioni,
234 723 310 784 quae
331 723 426 782 paene
448 704 564 766 ridetur
585 706 621 767 ad
643 706 751 767 exitum
773 705 922 768 adducat
944 708 1067 770 Fuerint
1081 709 1199 771 interim
1214 711 1290 776 istae

56 790 246 852 calamitates
268 789 305 850 ad
328 797 442 865 tempus
465 789 628 868 dispersae,
651 797 788 851 tamenne
803 809 933 852 summas
949 790 1090 853 adversus
1106 793 1289 856 christianos

56 873 190 935 iniurias
223 873 312 934 etiam
345 871 530 934 intermissas
562 870 717 934 dicamus?
770 873 867 934 Etiam
900 875 999 949 dices;
1035 894 1178 955 prospera
1210 878 1289 940 enim

55 967 200 1037 tempora
228 957 279 1034 qui
308 955 477 1033 potuissent
505 955 653 1027 extitisse,
690 956 750 1017 nisi
778 964 808 1017 et
833 956 889 1019 bae
917 959 1097 1037 aliquantum
1120 959 1288 1022 desiissent.

55 1043 98 1102 At
122 1059 179 1119 ego
203 1039 252 1119 qui
275 1038 488 1099 Tertullianum
511 1039 600 1100 didici
622 1039 723 1100 bostes
745 1039 776 1100 in
799 1058 903 1102 omnes
926 1041 1011 1120 quasi
1032 1042 1158 1104 latebras
1179 1062 1287 1122 perse-

56 1135 166 1188 cutum
204 1140 349 1201 usumque
384 1122 430 1183 rel
462 1121 612 1184 levissima
640 1141 673 1183 re
694 1123 730 1184 ad
753 1123 971 1186 convincendos
1000 1125 1110 1188 erroris
1132 1145 1166 1187 ac
1187 1127 1289 1206 flagitii

57 1228 137 1280 eos,
173 1206 222 1286 qui
244 1215 329 1267 erant
349 1203 440 1266 rebus
463 1205 697 1268 Christianorum
725 1207 855 1282 adversi,
890 1209 969 1269 bunc
986 1228 1052 1288 ego
1075 1208 1289 1274 Tertullianum

55 1301 238 1372 putaremus
267 1290 406 1350 adversus
436 1307 489 1350 eos
518 1289 732 1368 disputaturum
754 1291 844 1351 modo
873 1311 926 1366 eo,
960 1300 1007 1366 ut,
1041 1295 1288 1372 quemadmodum

55 1375 189 1438 iniurias
212 1373 450 1434 adversariorum
472 1373 502 1434 in
518 1372 701 1434 Christianos
725 1382 841 1436 secutae
863 1376 990 1437 tuissent
1011 1395 1145 1438 summae
1166 1377 1286 1440 calami-

55 1468 151 1531 tates,
175 1457 213 1519 ita
235 1456 367 1520 vicissim
388 1456 556 1519 felicissima
575 1465 707 1535 tempora
731 1459 883 1536 excepisse
905 1478 1009 1520 eorum
1030 1460 1060 1520 in
1083 1461 1139 1522 bos
1154 1460 1287 1522 benevo-

55 1541 186 1603 lentiam
209 1538 344 1601 diceret?
376 1538 469 1619 Atque
490 1539 568 1600 aliud
591 1540 685 1603 adbuc
712 1541 743 1601 in
765 1550 903 1621 promptu
925 1552 981 1603 est.
1025 1542 1098 1604 Nam
1121 1563 1187 1606 cum
1210 1545 1287 1605 Ter-

58 1625 204 1686 tullianus
227 1623 316 1686 istum
340 1623 376 1684 de
399 1623 489 1684 Pallio
510 1622 641 1684 libellum
663 1633 870 1702 componeret,
898 1631 984 1705 paces
1008 1631 1069 1688 otia
1092 1639 1181 1688 erant
1202 1638 1231 1690 et
1253 1646 1288 1690 re

59 1729 141 1771 vera
163 1709 248 1770 ordis
271 1708 470 1770 cultissimum
491 1725 547 1769 ras
569 1711 697 1787 imperii,
721 1708 878 1771 consultas
901 1719 929 1770 et
950 1729 1094 1771 amoenas
1118 1729 1210 1792 saper
1234 1710 1287 1772 tt-

2 1865 3 1872 ,
60 1796 148 1854 aiom
165 1804 319 1872 peraeta-m
341 1803 370 1852 et
393 1790 491 1853 Midae
513 1801 648 1852 rosetum
670 1793 745 1870 (cap.
769 1795 824 1866 2.).
868 1792 900 1852 ld
928 1812 998 1854 vero
1022 1811 1150 1872 quonam
1173 1791 1287 1856 moda?

2 1951 3 1960 χ
58 1877 227 1938 Eracliaato
250 1879 332 1937 amai
351 1879 470 1936 aconita
494 1873 678 1936 hostilitatis.
709 1875 755 1935 Sit
774 1875 873 1954 itaque
893 1875 943 1936 bic
962 1876 1038 1937 liber
1060 1878 1186 1958 scriptus
1201 1877 1287 1938 initio

61 1979 91 2021 a.
116 1957 230 2032 ccxt.;
266 1977 332 2018 nam
355 1957 410 2019 sub
432 1956 584 2018 Februarii
610 1957 726 2019 initium
748 1959 826 2020 inter
847 1959 931 2020 rivos
959 1979 1028 2021 esse
1050 1961 1177 2022 Severus
1198 1961 1288 2024 desiit

2 2119 3 2124 η
62 2051 96 2104 et
119 2043 207 2104 desiit
228 2041 315 2103 etiam
336 2043 442 2120 triplex
464 2040 580 2120 imperii
602 2041 705 2103 virtus.
748 2044 786 2102 tlt
807 2042 865 2103 isto
894 2050 1028 2122 tempore
1049 2044 1158 2106 bellum
1180 2044 1285 2106 adver-

59 2145 116 2188 sus
138 2125 295 2188 Britannos
318 2125 448 2187 nondum
471 2134 532 2186 erat
554 2124 737 2198 absolutum,
765 2144 968 2204 necunquam
996 2135 1100 2204 postea
1134 2129 1189 2189 luit
1220 2128 1308 2188 vivo·

60 2211 187 2282 Severo,
208 2209 259 2270 sed
283 2229 318 2270 eo
341 2217 459 2272 mortuo
481 2209 599 2270 demum
621 2209 788 2269 Antoninus
810 2227 911 2286 pacem
934 2229 999 2271 cum
1021 2209 1171 2272 Britannis
1193 2210 1286 2272 iniit‘.

62 2294 125 2356 lsto
149 2294 238 2372 igitur
258 2312 336 2354 anno
360 2311 427 2356 cum
449 2299 528 2354 certe
551 2310 606 2352 nec
627 2291 737 2353 luerim
755 2298 842 2372 pacis
866 2299 928 2355 otia
957 2313 1013 2354 neo
1046 2295 1128 2356 orbis
1152 2295 1286 2356 cultissi-

2 2451 3 2466 .
61 2397 145 2440 mam
167 2397 222 2440 ras
244 2381 381 2458 imperii,
418 2375 602 2437 commmlior
623 2374 706 2438 locus
729 2377 844 2438 ridetur
871 2376 940 2439 huic
960 2378 1036 2438 libro
1059 2377 1207 2455 adsignari
1231 2378 1285 2436 do-

2 2481 3 2486 *
62 2463 136 2522 bere
159 2472 188 2522 et
209 2479 303 2522 annus
326 2460 443 2539 quidem
459 2458 579 2520 ccvtlt.
602 2459 632 2519 in
654 2460 743 2520 finem
766 2459 932 2532 inclinatus
955 2463 1130 2539 praesertim
1147 2460 1286 2539 quoniam

2 2567 3 2624 j
63 2565 132 2606 eum
155 2565 190 2606 eo
214 2544 327 2624 optime
354 2543 590 2604 concordantes
613 2543 728 2615 omnia,
762 2561 837 2622 quae
860 2544 1057 2604 Tertullianus
1084 2545 1134 2605 bic
1155 2542 1285 2606 tradidit.

61 2629 195 2708 Namque
225 2629 252 2690 si
279 2627 406 2707 requiris
429 2627 578 2706 triplicem
597 2630 768 2706 praesentis
791 2629 911 2705 imperii
930 2635 1087 2700 virtatem,
1126 2645 1198 2688 sane
1226 2627 1285 2687 iam

62 2712 153 2774 modo
177 2713 248 2772 Geta
269 2711 393 2789 Augusti
422 2709 591 2788 dignitatem
614 2717 779 2780 sumserat3
815 2709 842 2769 si
866 2711 1129 2791 Cartbapim'eases
1152 2715 1287 2771 nouitate

61 2797 176 2876 salices,
205 2815 258 2856 eos
281 2795 450 2856 iamdudum
473 2792 555 2852 numi
576 2790 805 2870 prodiderunt·;
843 2792 868 2854 si
892 2805 1007 2854 caetum
1029 2807 1058 2856 et
1080 2793 1190 2853 rubum
1213 2792 1286 2853 sad-

63 2880 151 2942 dolae
172 2879 413 2958 familiaritatis,
446 2875 632 2945 Plautianus,
661 2873 907 2936 familiarissimus
931 2876 1060 2947 Severo,
1094 2875 1151 2935 iarn
1174 2881 1237 2934 erat
1258 2894 1284 2935 a.

2 2963 3 2994 ³
64 2963 158 3024 cett.
181 2982 197 3023 e
219 2962 317 3023 medio
340 2961 503 3030 sublatus⁸3
527 2959 553 3019 si
568 2967 655 3038 spent
667 2958 846 3038 Campaniae
869 2961 990 3020 deustae
1005 2960 1039 3020 de
1054 2959 1204 3019 montibus
1220 2963 1285 3019 sais

2 3047 3 3054 ’
65 3051 104 3117 (a.
121 3049 149 3109 2.
166 3047 224 3121 0.),
248 3045 319 3106 illud
341 3044 395 3104 llio
418 3042 560 3104 Cassius¹
582 3050 715 3120 tempore
739 3060 784 3112 eo,
807 3060 866 3119 quo
888 3041 1057 3103 Plautianus
1080 3040 1178 3119 periit,
1201 3040 1286 3118 plane

64 3130 183 3208 quidem
208 3127 465 3202 commemoravit3
504 3127 530 3187 si
552 3125 678 3205 denique
692 3126 886 3187 eradicatum
909 3143 993 3186 omae
1015 3129 1168 3185 aconitum
1190 3125 1287 3185 bosti-

65 3215 160 3276 litatis
185 3232 220 3275 aa
239 3217 325 3294 pacis
349 3218 420 3281 otia,
455 3220 538 3272 erant
566 3209 623 3270 ista
651 3227 722 3268 sane
743 3209 826 3286 prius
855 3227 942 3287 quam
965 3209 1091 3268 Severus
1114 3207 1144 3268 in
1166 3207 1284 3268 Britan-

66 3298 144 3358 niam
165 3295 418 3375 proficiscebatur.
463 3293 521 3355 Sed
544 3293 662 3356 exclusi
682 3291 801 3353 ubinam
830 3292 946 3352 tandem
977 3299 1047 3353 sunt
1069 3292 1196 3353 barbari
1202 3290 1219 3350 Ρ
1261 3290 1285 3351 li

1 3386 4 3425 l
65 3380 181 3460 quidem
204 3381 336 3442 nondum
358 3398 394 3439 eo
416 3386 549 3456 tempore
572 3395 657 3437 muro
679 3375 866 3448 Britannico,
903 3376 955 3436 sed
984 3383 1081 3436 minen
1112 3374 1148 3435 ab
1170 3373 1286 3453 imperii

68 3465 190 3526 Romani
219 3463 327 3526 finibus
356 3462 431 3540 ipsis
460 3462 610 3539 legionum
631 3460 830 3521 Romanarum
851 3459 1007 3538 praesidiis
1029 3458 1220 3533 arcebantur,
1257 3465 1287 3518 et

2 3584 3 3595 .
67 3549 130 3628 ipse
151 3547 347 3610 Tertullianus
369 3564 436 3607 cum
457 3545 594 3623 loquatur
615 3544 652 3604 de
674 3543 773 3605 multis
795 3542 939 3618 barbaris,
967 3542 1105 3622 quidnam
1128 3552 1175 3604 est
1196 3560 1286 3604 caus-

68 3652 127 3704 sae,
155 3651 206 3693 aur
227 3631 309 3692 solos
330 3630 489 3691 Britannos
510 3625 731 3706 intelligamus?
774 3628 874 3706 ltaque
897 3647 963 3688 cum
985 3646 1011 3686 a.
1035 3624 1155 3687 ccvttt.
1178 3625 1285 3685 extite-

2 3731 4 3764 ἱ
67 3716 123 3777 rint
143 3713 241 3777 omnia
265 3733 309 3787 ea,
331 3732 407 3793 quae
428 3719 654 3773 commemorata
677 3706 858 3772 Tertulliano
881 3709 979 3782 luere,
1003 3727 1068 3770 cum
1091 3707 1188 3767 nullus
1211 3706 1285 3766 alius

67 3799 162 3879 possit
182 3797 312 3870 excitari,
335 3797 381 3858 eui
404 3796 500 3874 aliquo
523 3794 627 3856 maiori
649 3793 712 3854 iure
734 3795 835 3854 eadem
859 3801 985 3871 possent
1006 3791 1117 3862 asseri,
1140 3789 1286 3866 cumipse

2 3965 5 4017 l
101 3981 121 4016 r.
138 3966 162 4015 l.
181 3965 343 4016 Herodianum
363 3964 453 4014 libili.
472 3978 493 4013 c.
503 3961 542 4012 15.
558 3977 580 4026 p.
591 3958 647 4009 tta.
699 3958 757 4007 mibi
768 3959 878 4020 ridetur),
897 3960 944 4008 hoc
962 3959 1012 4008 lere
1030 3957 1106 4007 extitit
1123 3953 1287 4005 oscitent

101 4048 120 4082 s.
138 4033 161 4081 V.
181 4032 354 4094 spanhemium
377 4033 402 4080 in
427 4029 555 4080 immortali
575 4041 650 4091 opere
700 4025 735 4085 t,
754 4026 809 4088 quin
828 4027 852 4075 in
871 4025 1016 4090 quibusdem
1035 4037 1089 4072 cum
1108 4037 1136 4070 ea
1154 4036 1181 4071 re
1199 4021 1239 4070 Tr.
1259 4021 1285 4070 Ρ.

2 4154 3 4159 ,
70 4102 98 4150 de
115 4099 260 4149 praestantia
279 4107 302 4148 st
321 4099 368 4148 Usu
384 4097 568 4146 Nomismatum.
587 4095 650 4144 lliss.
701 4091 738 4142 vt
757 4093 874 4142 Caracalli
894 4093 1054 4152 coniungitur.
1079 4089 1149 4139 certe
1162 4088 1219 4138 editi
1230 4093 1288 4138 eant

2 4161 4 4190 ³
70 4167 117 4217 tlt.
135 4164 222 4216 vetti.
243 4165 344 4229 pets,
362 4164 403 4228 qni
421 4165 480 4213 istos
500 4177 586 4214 nomos
605 4163 650 4212 Se-
701 4165 755 4208 ante
781 4161 898 4223 scriptum
923 4159 1032 4208 libellum
1055 4157 1086 4206 de
1111 4154 1203 4216 l’elli03
1227 4165 1287 4206 aab

71 4235 117 4284 reri
133 4241 157 4284 et
172 4233 294 4294 Antonini,
312 4234 336 4282 in
354 4232 442 4296 quibus
461 4239 498 4280 est
514 4231 580 4280 Felix
589 4229 649 4280 llar-
701 4237 773 4290 quem
792 4229 856 4276 enim
875 4228 899 4276 in
920 4227 948 4274 iis
967 4227 1048 4284 Getae,
1071 4222 1115 4272 sed
1133 4221 1213 4274 Severi
1232 4231 1286 4274 tau·

70 4301 146 4362 thaso,
173 4300 204 4349 sd
229 4300 266 4348 ius
291 4313 378 4348 numos
402 4297 504 4348 cudendi
522 4297 576 4347 urbi
595 4296 650 4346 buia
700 4299 751 4341 tum
771 4301 794 4342 et
812 4291 929 4342 Caracalli
949 4305 1037 4340 nomen
1055 4289 1183 4354 reperitur.

70 4375 212 4419 restauratae
230 4367 310 4416 datum
332 4366 454 4430 pertinere
472 4365 536 4414 dicit.
573 4364 649 4439 Quem
735 4401 752 4440 t.
776 4393 792 4441 v
820 4391 966 4441 memmii
986 4390 1045 4439 Hm·
1073 4390 1115 4439 de,
1139 4388 1181 4438 Em
1202 4403 1286 4439 emm

70 4437 141 4500 ipsein
165 4449 216 4484 reru
241 4442 282 4483 sut
305 4442 431 4496 cognatam
449 4441 513 4482 certe
531 4431 552 4480 si
569 4444 648 4492 respo·
701 4459 755 4509 ¹⁰⁰⁰
775 4429 807 4508 cs,
832 4473 848 4522 p
876 4457 926 4508 4¹3
944 4473 973 4522 sq
1184 4405 1200 4453 Ρ

71 4503 159 4553 ciantii
178 4501 245 4552 nunni
265 4501 414 4559 creberrimi,
433 4499 473 4562 qui
493 4497 590 4548 laudant
608 4497 649 4546 ln·
808 4495 814 4510 ⁸
851 4495 856 4508 “
976 4494 980 4504 “

70 4569 208 4632 dulgentiam
231 4571 306 4631 losa.
332 4569 356 4618 ia
381 4566 492 4629 Curtbtg.
518 4567 561 4627 (ita
584 4565 649 4613 enim
734 4574 758 4609 u.
777 4559 828 4608 Lib.
847 4557 941 4610 txxvt.
961 4574 982 4608 e.
1000 4557 1024 4608 2.
1043 4573 1067 4623 p.
1088 4555 1160 4608 tttt.
