3036 5230
512 427 644 472 auarona
666 428 728 474 roa.
751 429 836 472 sara.
1065 369 1072 382 1
1228 415 1290 480 ’123

68 576 189 638 luisset.
233 575 299 636 Hoc
318 575 439 636 minime
461 585 573 638 certum
596 586 657 651 est3
679 596 794 639 summa
816 579 895 640 enim
917 577 1045 641 brevitas
1068 599 1124 660 qua
1146 581 1194 642 ille
1212 581 1289 645 ritas

69 659 247 738 scriptorum
276 658 541 720 ecclesiasticorum
569 661 695 722 delineat
720 662 841 740 probat,
872 681 939 724 eum
966 682 1027 724 non
1052 665 1202 726 laboriose
1223 666 1287 727 eius

69 743 143 814 vitas
166 747 381 820 perscrutatum
403 761 486 816 esse,
508 745 560 805 sed
582 753 751 806 contentum
773 746 867 807 luisse
889 747 943 820 iis,
966 765 1041 826 quae
1063 765 1133 808 casu
1155 748 1213 826 ipsi
1234 767 1287 810 oc-

69 825 242 888 currissent.
287 826 437 888 Semlerus
465 845 558 905 porro
586 828 731 900 canitur,
764 847 802 891 ne
825 847 859 890 ea
881 830 999 909 quidem
1022 849 1096 911 quae
1118 831 1289 909 Hieronymi

68 909 169 970 brevis
192 908 320 971 narratio
343 910 474 970 continet
496 931 512 971 e
534 911 664 974 londbus
686 913 749 974 veri
771 913 901 976 nominis
924 914 1068 987 derivata,
1092 915 1145 976 sed
1168 933 1184 974 a
1211 915 1287 976 Ter·

68 993 183 1054 tulliani
210 993 350 1071 operibus
376 992 496 1055 collecta
524 1013 599 1056 esse.
649 996 714 1057 Hoc
737 997 833 1076 alium
855 1016 891 1059 ex
912 994 995 1076 parte
1015 1017 1118 1060 verum
1142 997 1244 1072 luerit3
1273 1017 1290 1060 e

69 1077 159 1137 variis
180 1075 255 1137 locis
276 1077 325 1137 ille
347 1077 514 1156 collegerit,
537 1078 748 1142 Tertullianum
771 1089 872 1142 natum
894 1099 962 1142 esse
983 1082 1014 1142 in
1037 1082 1147 1157 lllrica,
1170 1081 1290 1160 degisse

71 1160 257 1237 Cartbagine,
280 1161 418 1222 lloruiase
438 1162 669 1242 imperatoribus
683 1164 794 1225 Severo
813 1173 843 1225 et
857 1164 1013 1226 Caracalla.
1057 1166 1115 1226 Sed
1130 1173 1163 1227 ut
1177 1171 1290 1226 mecam

70 1244 252 1306 mentionem
275 1245 312 1305 de
334 1244 478 1322 Cypriano
501 1245 674 1308 Tertulliani
696 1247 890 1322 admiratore,
916 1247 1074 1310 cuius‘ille
1102 1258 1206 1310 auctor
1233 1256 1290 1320 est,

71 1327 152 1388 unde
179 1327 294 1398 didicit,
327 1328 537 1390 Tertullianum
565 1330 771 1409 presbyterum
800 1331 941 1394 ecclesiae
968 1332 1116 1393 mansisse
1138 1349 1232 1410 usque
1254 1331 1292 1392 ad

71 1410 199 1472 mediam
226 1417 351 1472 aetatem
373 1420 404 1472 et
423 1431 538 1473 summa
563 1422 715 1476 senectute
735 1415 828 1476 luisse
850 1434 939 1494 quum
961 1416 1040 1482 diem
1062 1413 1182 1476 obiret?
1223 1415 1292 1475 lure

72 1493 200 1554 dubitari
228 1502 340 1571 pateat,
368 1513 440 1556 num
466 1497 570 1574 vulgus
597 1497 757 1570 lectorum,
785 1500 843 1560 nisi
874 1506 960 1560 antea
986 1498 1101 1560 cx-alic
1124 1500 1206 1559 lonte
1227 1515 1292 1559 rem

70 1578 256 1651 didicissent,
280 1596 314 1638 ex
336 1595 393 1639 usu
416 1597 539 1658 operum
561 1597 641 1641 nunc
662 1583 822 1643 extantium
837 1582 1055 1656 concluderent,
1078 1581 1291 1644 Tertullianum

72 1680 204 1739 unquam
225 1657 256 1720 in
279 1660 413 1722 ordinem
436 1663 609 1726 clericorum
632 1664 794 1726 admissum
817 1683 896 1727 esse.

158 1744 309 1807 Semlerus
330 1745 416 1807 aliam
439 1746 637 1809 dillicultatem
659 1748 690 1808 in
705 1749 876 1829 Hieronymi
898 1747 1067 1810 narratione
1089 1748 1292 1828 deprehendit,

71 1849 147 1908 quae
175 1829 218 1890 sic
245 1829 362 1907 incipit:
403 1829 608 1892 Tertullianus
633 1833 798 1911 presbyter
824 1853 906 1895 uuna
934 1834 1049 1895 dunum
1073 1837 1193 1912 primus
1223 1841 1294 1912 post

74 1915 222 1976 Victorem
243 1923 273 1973 et
292 1913 506 1992 appollonium
520 1915 698 1976 munorum
717 1921 856 1994 ponitur.
901 1917 1035 1989 Quorum
1057 1915 1216 1976 verborum
1237 1933 1291 1993 ap·

71 2004 158 2077 paret
179 1997 255 2057 banc
275 1996 450 2058 sententiam
474 2015 554 2071 esse,
568 1995 791 2077 Hieronymum,
814 1999 1107 2062 enumeratismultis
1122 1997 1292 2078 auctoribus

14 2125 15 2144 t
71 2079 202 2164 graecis,
226 2089 379 2160 postremo
402 2082 438 2141 ad
461 2099 529 2142 eum
550 2081 648 2142 locum
670 2082 854 2160 pervenisse,
877 2101 965 2162 quam
988 2081 1160 2146 Tertulliani
1182 2097 1293 2141 nomen

14 2197 15 2232 t
72 2176 155 2230 essct
183 2174 412 2244 occupaturum
445 2183 536 2244 quum
564 2172 661 2224 autem
684 2165 882 2227 Tertullianus
910 2166 1024 2246 primus
1048 2165 1176 2242 scriptor
1197 2163 1293 2225 ecclc·

14 2297 15 2304 ,
71 2253 210 2314 siasticus
236 2250 344 2310 latinus
373 2249 413 2310 sit
439 2257 510 2327 post
531 2249 678 2308 Victorem
712 2259 743 2309 ct
763 2250 967 2329 Apollonium,
996 2249 1160 2327 dequibus
1182 2247 1293 2307 Hiero-

14 2379 15 2388 ,
71 2353 178 2414 aymus
205 2351 296 2412 supra
323 2333 451 2402 dixerat,
484 2332 652 2394 Semlems·
680 2339 764 2411 putat
789 2333 1002 2393 accuratiorem
1032 2331 1197 2392 orationem
1218 2329 1295 2389 hanc

14 2433 15 2490 ᾗ
72 2420 166 2479 luisse
192 2419 336 2486 murram,
373 2415 584 2476 Tertullianum
613 2416 742 2494 primum
765 2418 980 2494 presbyterum
1006 2413 1099 2476 luisse
1126 2414 1177 2492 qui
1205 2412 1295 2473 latina

73 2501 173 2578 lingua
194 2507 335 2567 uteretur,
359 2507 389 2557 et
409 2500 485 2559 banc
505 2517 608 2559 revera
623 2497 795 2577 Hieronymi
817 2507 947 2560 mentem
969 2498 1079 2568 luisse3
1102 2497 1132 2556 in
1155 2514 1211 2575 qua
1227 2496 1294 2574 qui·

74 2584 142 2644 dem
164 2581 330 2656 assertione
351 2581 437 2657 pauci
456 2580 616 2653 lectorum,
644 2579 766 2658 opnior,
794 2581 1040 2658 acquiescendum
1061 2580 1118 2640 sibi
1140 2579 1295 2657 putabunt.

75 2667 134 2727 Sed
163 2663 329 2743 quomodo,
363 2663 402 2722 ait
425 2661 591 2734 Semlerus,
625 2663 822 2724 Tertullianus
849 2664 907 2724 dici
934 2670 1036 2740 potest
1060 2664 1173 2740 primus
1201 2661 1296 2730 luisse

15 2791 16 2828 ,
74 2749 231 2830 presbyter
256 2746 305 2824 qui
333 2746 422 2805 latina
449 2745 548 2823 lingua
577 2751 726 2817 uteretur,
760 2746 810 2822 qui
833 2763 865 2805 se
887 2745 1030 2824 quosdam
1052 2743 1168 2804 libellos
1191 2761 1296 2822 graece

76 2833 235 2911 scripsisse
262 2831 328 2908 ipsc
350 2826 451 2889 dicat?
493 2827 638 2905 Equidem
660 2828 755 2888 lateor
776 2845 824 2888 me
845 2846 883 2887 ne
905 2827 1055 2894 minimam
1077 2825 1197 2904 quidem
1218 2826 1296 2886 inter

76 2917 140 2979 illas
168 2933 218 2975 res
246 2911 427 2974 discordiam
448 2909 547 2971 videre
572 2927 675 2988 posse.
719 2909 751 2970 Si
773 2911 822 2988 qui
844 2910 972 2988 scriptor
994 2919 1055 2970 tras
1077 2909 1170 2970 libros
1193 2926 1297 2986 graece

76 2997 259 3079 composuit,
297 2995 398 3072 viginti
431 2995 491 3055 duo
525 3001 623 3054 tresve
654 2993 761 3064 latine,
800 3011 900 3054 nonne
933 2993 1054 3072 proprie
1082 2992 1159 3056 inter
1189 2990 1297 3052 latinos

77 3083 238 3161 scriptores
260 3079 365 3140 reierri
386 3076 508 3156 potest?
543 3077 616 3138 Nam
639 3084 673 3136 ut
692 3075 846 3153 probabile
862 3087 909 3138 est
923 3077 1133 3155 Hieronymum
1147 3085 1298 3152 naamam

76 3165 219 3227 incidisse
246 3163 277 3223 in
304 3179 426 3240 gracum
454 3160 626 3222 Tertulliani
653 3158 785 3232 libellos,
818 3160 859 3220 ita
879 3159 1040 3222 Eusebium
1067 3175 1128 3220 non
1155 3157 1298 3220 incidisse

98 3266 172 3310 aeno
193 3255 316 3308 certum.

14 3393 15 3408 ,
77 3269 97 3330 p
126 3381 130 3398 .
165 3331 240 3400 Sed,
271 3329 367 3408 pergit
398 3329 461 3389 lere
488 3327 658 3396 Semlerus,
693 3325 777 3387 initio
809 3325 877 3388 libri
904 3329 941 3389 de
969 3323 1154 3387 Testimonio
1175 3324 1298 3386 Animae

14 3409 15 3428 ¹
79 3423 180 3476 auctor
207 3413 350 3492 quosdam
378 3411 539 3490 scriptores
566 3409 745 3471 christianos
773 3419 872 3485 notat,
900 3411 948 3490 qui
971 3409 1103 3489 prolanis
1124 3409 1229 3472 litteris
1251 3407 1299 3470 usi

80 3498 230 3576 gentilium
251 3502 407 3574 poetarum
429 3503 459 3555 et
479 3494 726 3574 philosophorum
749 3511 839 3572 opera
860 3495 1055 3556 advocassent
1076 3493 1112 3554 ad
1133 3493 1298 3555 defenden-

14 3589 15 3594 ’
79 3583 146 3642 dam
169 3579 333 3642 doctrinam
353 3579 554 3640 christianam.
577 3578 659 3639 Hanc
680 3577 729 3638 ille
752 3577 905 3640 contendit
926 3595 1037 3639 meram
1056 3576 1206 3637 fictionem
1228 3593 1297 3636 esse

79 3665 237 3726 auctorisb.
287 3663 410 3724 Frustra
431 3679 488 3722 nos
510 3661 697 3739 quaesituros
721 3679 789 3723 esse
809 3662 880 3723 dicit
905 3663 936 3723 in
957 3659 1082 3722 hutoria
1104 3657 1300 3724 ecclesiastica

113 3879 136 3926 y.
161 3863 222 3912 Haec
245 3862 397 3923 Hieronymus
403 3879 413 3920 ;
437 3863 477 3924 pai
498 3865 615 3924 prosecta,
642 3861 663 3908 si
715 3847 827 3910 tullidam
852 3865 897 3926 put
924 3861 1042 3925 primus
1063 3861 1235 3921 presbyter.
1270 3859 1299 3909 tt

14 3959 15 3970 ,
79 3933 149 3995 plura
171 3930 288 3992 requirere
312 3935 380 3991 atque
398 3930 486 3976 discere
503 3929 615 3991 potuisset
632 3926 664 3975 ad
715 3929 752 3976 lu'c
769 3928 830 3976 idem
848 3929 1001 3977 Tertullianus
1025 3938 1205 3988 graecarum
1226 3926 1298 3974 rnul-

82 3997 202 4046 bistariom
222 3993 356 4044 Tertulliani
373 3995 490 4057 (aucuia,
515 3994 578 4042 baud
596 3994 664 4042 dubie
715 3999 813 4042 turum
831 3995 1038 4056 scriptionum
1055 4005 1080 4040 se
1097 3991 1299 4051 auctoremdt'rrin

82 4066 119 4114 lu's
136 4064 227 4112 omuino
245 4063 425 4124 perscripsisset.
461 4061 525 4109 Secl.
544 4057 568 4108 2.
716 4060 829 4124 quomado
853 4061 924 4121 icitur
942 4061 1124 4110 balteorum
1147 4056 1232 4104 dicitur
1247 4058 1299 4119 pri·

115 4143 134 4177 ι
160 4128 212 4177 Nisi
235 4129 327 4192 quidem
348 4135 453 4192 putemus
476 4128 534 4176 talia
552 4127 665 4186 Hieronp-
715 4141 766 4176 snus
784 4141 834 4177 esse
851 4125 1117 4188 liamanuspresbpterl
1152 4122 1215 4171 Stet.
1236 4121 1275 4171 ld.

79 4212 142 4246 mum
164 4196 239 4258 ipsum
263 4195 400 4244 coniecturis
417 4195 531 4258 reperisse
548 4207 578 4242 ea
593 4193 665 4241 soriis
750 4194 774 4240 b.
808 4193 982 4255 confictum
1009 4196 1042 4240 est
1071 4191 1113 4238 bac
1143 4196 1318 4250 umentem
1409 4247 1414 4274 r

71 4265 163 4313 aaran
180 4264 316 4326 scriptorum
334 4261 399 4310 loeis.
436 4261 499 4309 Sect.
517 4259 541 4308 2.
594 4261 597 4267 '
716 4261 848 4309 uniuersum
872 4259 1050 4308 declamatorum
1065 4269 1144 4314 snare;
1166 4256 1214 4303 uisi
1229 4263 1301 4318 pute-

14 4337 16 4360 t
117 4345 136 4377 n.
158 4329 241 4393 Optare
259 4328 312 4378 lieet
329 4335 353 4376 ut
372 4327 523 4388 Hieronymus
535 4327 665 4388 scripsisset
716 4341 767 4375 mus
784 4327 853 4375 isaim
871 4327 960 4387 ameris
977 4325 1100 4386 scriptores
1117 4329 1164 4371 tam
1180 4323 1298 4386 antiquet,

81 4403 102 4446 at
120 4403 236 4444 sanasset
255 4397 394 4450 accuratius,
415 4394 568 4443 Tertullianus
585 4393 666 4441 Lati·
718 4400 763 4442 tarn
787 4394 912 4456 frugiferas
936 4391 993 4440 adeo
1020 4390 1131 4439 obliuioni
1155 4390 1233 4438 statim
1256 4389 1301 4438 ad·

14 4469 15 4494 ¹
81 4477 185 4512 aarum
200 4464 319 4526 presbyter
335 4463 453 4524 primus
470 4467 520 4521 est,·
544 4474 623 4522 umrpe
641 4459 666 4508 id
718 4461 792 4509 dictos
821 4459 895 4523 {uisse
926 4458 1086 4519 neglectasque
1113 4461 1134 4504 et
1168 4455 1299 4518 deperditos

79 4531 129 4578 uult
147 4529 298 4590 Hieronymus
317 4543 395 4576 eorum
412 4529 537 4587 bominum,
564 4529 603 4590 qui
623 4525 666 4576 llo-
718 4529 818 4586 omuino,
842 4531 867 4574 ut
890 4539 919 4572 ue
937 4523 1048 4572 Eusebius
1071 4523 1163 4586 paridem
1180 4522 1301 4583 uestigium

14 4603 17 4628 ⁵
79 4611 132 4646 suae
155 4596 258 4645 latina
283 4597 393 4658 lingua
415 4597 450 4643 uti
474 4594 586 4654 solebant,
614 4593 667 4642 Ter·
717 4593 847 4642 aelnotum
864 4589 1302 4654 taliumsrriptoruatreperirepettte·

1042 4665 1097 4721 tt*
