3092 5234
150 423 153 428 ,
260 363 325 428 m
345 379 383 423 DE
397 379 472 422 VBM
484 377 599 422 tarsun
613 377 650 422 tu
664 375 812 421 mm
823 373 1012 420 minan!
1026 373 1222 418 intumum
1236 371 1420 438 lilssl’ffl'sslo

262 545 368 590 sersus
388 525 569 588 bincinam
589 545 616 588 e.
638 525 662 586 l.
683 527 726 606 (p.
741 525 873 600 431.l„)
896 543 930 585 se
951 523 1108 603 aliquando
1130 529 1319 584 exmatmrm
1340 523 1492 602 pmmtu't

219 656 221 662 -
263 610 492 690 disputationem
508 610 552 671 sle
572 609 812 688 Praescriptioaa
831 607 974 670 advsrsus
997 607 1181 680 Haereticos,
1210 625 1247 667 ex
1266 625 1330 685 qno
1352 606 1417 666 hoc
1440 625 1491 666 ne·

263 694 391 756 emsaria
420 693 612 758 cormaricus
638 693 770 765 elicitur,
802 693 922 754 demum
953 699 1024 770 post
1053 709 1163 753 annum
1196 689 1318 752 cuim.
1350 699 1491 751 nasum

262 779 370 843 lihmrn
397 777 455 838 luci
471 778 565 852 misse
593 776 770 857 expositum
813 782 907 855 itque
936 775 1007 836 illud
1028 775 1127 854 ipsum
1161 791 1258 854 neque
1277 783 1427 853 tempore
1450 793 1490 842 ea

263 880 322 941 qus
350 861 459 922 librum
484 869 621 922 nasu-um
648 860 856 940 perscriberet,
883 877 1008 920 raumm
1028 878 1045 920 a
1066 859 1312 920 Mmuamumm
1333 857 1491 918 erronlm

262 947 356 1010 laissa
383 945 513 1006 menum
535 945 717 1018 Tertulbmi,
745 943 909 1005 clarbsim
930 944 1076 1016 ostentm
1108 951 1142 1004 ut
1160 959 1222 1003 noa
1243 941 1353 1014 (licam,
1386 942 1492 1002 horn

264 1047 400 1092 errorum
421 1028 545 1107 vestigia
565 1046 628 1090 non
649 1028 774 1090 obseura
796 1045 867 1088 esse
886 1026 918 1088 iu
939 1027 998 1088 boc
1010 1027 1098 1099 libro,
1121 1026 1210 1088 vetati
1225 1045 1250 1086 c
1266 1030 1331 1098 iu,
1347 1024 1409 1085 ubi
1432 1043 1492 1085 tu

264 1114 378 1183 iuoeat,
391 1153 398 1166 ·
412 1113 502 1174 etiem
531 1112 690 1191 malignum
713 1111 831 1190 genium
853 1111 997 1172 aenrrlsri
1016 1110 1217 1172 institutiones
1240 1110 1374 1176 uuam.
1397 1107 1493 1189 quii?

264 1198 352 1278 quoi,
374 1197 479 1274 inquit,
510 1209 539 1260 at
560 1215 707 1258 smmum
726 1197 898 1276 pacificam
919 1200 952 1256 in
973 1200 1045 1257 uiua
1066 1199 1181 1273 nuptiis
1201 1198 1321 1264 stanit,
1353 1193 1494 1254 miae

264 1283 407 1360 uirginea,
432 1281 517 1342 tates
538 1293 569 1343 et
590 1285 784 1350 manentes,
807 1287 838 1340 et
858 1297 934 1357 quae
955 1286 1027 1338 sunt
1047 1277 1166 1356 genesis
1187 1278 1331 1340 eiusdem.
1364 1277 1432 1336 Sei
1447 1295 1494 1352 ap

265 1364 433 1443 aperiamus
460 1383 495 1424 ea
525 1363 628 1442 capim,
657 1363 736 1424 anio
763 1363 862 1424 omnis
890 1363 926 1423 ad
955 1363 1032 1424 bane
1056 1379 1175 1424 eausam
1196 1360 1364 1440 dispumtio
1389 1359 1432 1420 ab
1453 1361 1493 1422 iia.

265 1447 316 1526 qui
338 1455 439 1508 contm
461 1447 602 1519 sentim
625 1447 750 1508 ducitur.
793 1448 836 1508 Ac
855 1446 983 1524 primum
1005 1446 1095 1518 nsunt,
1118 1445 1216 1506 locum
1236 1463 1252 1506 a
1275 1443 1372 1504 uobis
1390 1462 1411 1504 e
1425 1444 1492 1504 lituu

264 1531 408 1592 adsersus
438 1531 617 1592 Marcionem
648 1530 804 1591 excitaurm
837 1530 1001 1608 significare
1035 1529 1124 1590 suam
1156 1546 1250 1608 posse
1283 1527 1406 1588 librum
1444 1527 1493 1587 in

265 1615 616 1694 scriptum3Wl1istonus
638 1613 735 1675 etiam·
747 1613 826 1674 aliud
847 1613 1013 1692 exemplum
1034 1612 1120 1691 ponit
1140 1613 1229 1673 buius
1250 1611 1404 1689 loquendi
1421 1611 1492 1672 moi

265 1717 321 1760 nec
342 1699 543 1760 necessarium
572 1698 602 1758 in
624 1715 657 1758 re
679 1697 816 1758 omnibus
838 1705 909 1758 nota
930 1715 986 1761 neo
1006 1696 1065 1757 ullo
1087 1697 1177 1757 modo
1198 1703 1300 1773 aptum
1323 1713 1364 1755 ex
1389 1695 1444 1756 lib.
1467 1695 1491 1752 i.

266 1801 292 1844 c.
318 1785 366 1846 19.
411 1781 470 1843 Sed
498 1781 568 1843 illud
589 1781 707 1842 delendi
729 1799 789 1841 uon
811 1781 884 1841 satis
905 1787 1016 1860 potest.
1059 1779 1135 1840 Nam'
1155 1779 1400 1858 quotiescunque
1424 1779 1491 1838 Ter-

265 1866 406 1928 tullianus
434 1865 560 1945 aliquem
581 1865 690 1926 librum
711 1865 770 1925 iam
792 1883 807 1925 a
830 1883 863 1925 se
885 1864 1083 1942 compositum
1103 1864 1226 1942 proicrt,
1255 1879 1430 1942 numquam
1451 1865 1492 1922 iu-

266 1958 365 2011 turum
392 1949 513 2010 adhibet
538 1947 683 2028 loquendi
705 1967 807 2028 genus
837 1949 891 2009 sed
913 1947 1009 2010 ubivis
1031 1947 1231 2026 praeteritum,
1260 1952 1354 2024 atque
1381 1947 1492 2011 eadm

176 2069 187 2084 ·
267 2035 385 2111 opinor,
411 2033 501 2094 modo
528 2033 680 2112 praeteriti
708 2033 850 2111 temporis
877 2031 1037 2094 flexionem
1059 2039 1258 2110 usurpaturus
1279 2029 1402 2091 luisset
1424 2031 1490 2090 Tc·-

268 2117 417 2190 tullianus,
445 2125 479 2178 nt
504 2117 575 2177 iecit
601 2113 639 2176 de
665 2115 723 2176 hoc
744 2115 821 2176 libro
844 2115 941 2189 alibi0,
964 2115 991 2175 si
1012 2115 1094 2176 illum
1116 2115 1173 2186 iam
1195 2133 1212 2175 a
1235 2131 1269 2174 sc
1290 2114 1491 2192 compositum

268 2200 413 2262 voluisset
440 2200 548 2260 dicere.
591 2198 693 2277 Neque
721 2217 792 2260 vcro
820 2198 890 2260 illud
912 2198 1011 2260 minus
1033 2208 1081 2260 est
1100 2206 1279 2270 contortum,
1302 2215 1378 2258 cum
1403 2199 1492 2258 locun

269 2303 306 2344 ex
332 2282 550 2344 intimaremus
578 2283 785 2344 Tillemontins
819 2290 902 2361 putat
932 2293 1088 2343 remanere
1118 2282 1254 2360 patrisso
1282 2299 1299 2341 e
1330 2281 1426 2342 libris
1454 2283 1491 2348 is

268 2383 344 2445 quos
366 2376 433 2427 ante
455 2367 523 2439 boc,
542 2367 624 2445 quod
645 2375 732 2439 extat,
756 2385 832 2445 opus
855 2367 996 2427 adversus
1017 2366 1196 2427 Marcionem
1216 2364 1274 2425 iam
1297 2375 1412 2425 centn
1435 2383 1490 2424 eun

269 2450 440 2529 scripserat·
483 2449 557 2510 Nam
586 2459 616 2510 et
642 2450 714 2511 illud
742 2469 823 2511 mera
850 2450 1018 2510 coniectura
1046 2458 1094 2510 est
1114 2449 1194 2511 nullo
1217 2449 1306 2509 modo
1331 2449 1490 2527 probabili

268 2543 436 2612 propterea,
465 2534 545 2612 quod
566 2533 773 2606 Tertullianus,
803 2551 870 2594 cum
886 2552 920 2594 se
947 2535 983 2595 ad
1005 2532 1180 2594 scribendos
1202 2539 1328 2593 nostros
1353 2533 1491 2594 aalma

268 2617 447 2678 Marcionem
468 2618 560 2679 libras
582 2618 757 2696 accingeret,
780 2635 868 2680 uuam
891 2618 932 2678 illi
947 2617 1115 2696 oppositam
1131 2616 1367 2696 disputationem
1385 2617 1491 2678 reseis-

268 2719 341 2774 sam,
370 2701 490 2762 altirmn
518 2701 658 2763 amissam
677 2703 841 2774 conffimat,
870 2710 899 2763 et
926 2701 1008 2762 istud
1029 2708 1234 2780 argumentum
1256 2698 1450 2760 Tillo-outii
1469 2701 1491 2758 ir

269 2803 302 2847 ss
325 2786 415 2848 etiam
435 2787 566 2865 ineptum
589 2795 645 2847 est
689 2785 778 2858 Quod
798 2803 869 2846 vero
892 2786 963 2847 (licit
982 2785 1092 2846 librum
1114 2785 1150 2846 de
1173 2784 1267 2845 Carne
1289 2783 1411 2844 Christi
1435 2801 1491 2843 esse

268 2869 399 2948 priorem
427 2870 511 2930 libris
539 2869 654 2930 nostris
688 2869 829 2930 adversus
858 2869 1052 2942 Marcionem,
1089 2869 1169 2930 bunc
1195 2885 1264 2928 vero
1293 2868 1491 2946 pusterlam

268 2953 344 3014 libro
367 2955 405 3016 da
425 2953 646 3022 baereticorum
667 2952 914 3032 Praescriptione,
937 2971 972 3013 ca
985 2971 1047 3012 non
1061 2969 1154 3013 conor
1167 2952 1330 3030 attingere3
1354 2961 1407 3013 est
1423 2953 1491 3012 eain

269 3056 304 3098 ea
332 3038 368 3098 de
396 3055 429 3098 re
457 3037 531 3098 satis
553 3041 584 3113 ξ.
607 3036 734 3098 xxv111.
757 3045 787 3097 et
808 3040 838 3112 5.
861 3037 965 3098 xxix„
988 3035 1179 3116 disputatum,
1201 3035 1280 3096 uuile
1301 3034 1491 3114 intelligam,

268 3121 397 3200 primum
425 3129 565 3182 nostrum
591 3120 698 3182 librum
725 3119 963 3192 immersionis,
992 3120 1030 3181 ‹le
1058 3137 1118 3199 quo
1144 3119 1193 3180 bic
1220 3118 1412 3198 quaerimus,
1442 3139 1491 3180 noa

269 3223 338 3266 esse
366 3223 433 3266 oum
461 3205 566 3266 ceteris
588 3204 709 3278 editum,
737 3223 793 3266 aec
813 3204 873 3264 ullo
895 3204 984 3264 modo
1007 3203 1057 3264 illo
1080 3203 1118 3264 de
1138 3203 1233 3264 Carne
1255 3202 1369 3264 Christi
1393 3213 1490 3282 ponc

268 3289 388 3348 riorum.
419 3288 479 3349 Sed
501 3288 532 3348 in
553 3289 612 3350 fine
632 3288 700 3350 libri
722 3288 758 3349 de
779 3287 1016 3366 Praescriptione
1032 3287 1244 3348 Tertullianus:
1267 3285 1359 3348 Nunc
1381 3289 1491 3369 quiin

213 3442 219 3448 ⁴
267 3371 463 3452 generaliter,
486 3371 589 3456 iuquit,
612 3384 712 3435 uotum
733 3383 779 3433 est
800 3391 819 3433 a
840 3372 928 3434 uobis
949 3373 1096 3434 aduersus
1113 3373 1249 3433 lumem
1264 3387 1384 3440 omues,
1412 3375 1491 3434 cerui

270 3465 300 3516 et
328 3459 418 3516 iustis
451 3466 480 3517 et
513 3459 694 3519 necessariis
727 3457 1023 3535 praescriptionibus
1059 3455 1248 3536 repellurias
1281 3473 1299 3515 a
1334 3455 1492 3518 collatione

269 3543 468 3618 scripturum.
513 3541 558 3602 De
589 3539 707 3620 reliquo
731 3571 771 3584 --
792 3573 835 3584 -
856 3543 948 3602 suum
968 3539 1142 3619 specialiter
1164 3538 1344 3620 quibusdan·
1366 3557 1492 3618 respos-

270 3623 411 3685 estimes.
455 3623 559 3684 ludio.
604 3622 682 3695 Quid
710 3640 780 3702 ergo
809 3621 878 3684 est?
911 3641 1018 3684 omues
1046 3633 1117 3684 sunt
1148 3621 1319 3684 Tertulliani
1353 3622 1491 3683 adversm

268 3707 435 3769 haereticos
462 3707 529 3768 libri
558 3707 741 3784 posteriores
770 3725 806 3767 eo
835 3706 885 3784 qui
914 3714 962 3768 est
988 3707 1025 3768 dc
1046 3706 1294 3785 Praescriptione.
1340 3705 1381 3766 m
1412 3707 1492 3768 isim

268 3790 368 3852 locum
389 3790 607 3862 Tillemostius,
637 3799 670 3851 ut
695 3790 768 3852 milii
795 3791 921 3864 ridetur,
953 3809 1014 3852 non
1041 3800 1121 3852 recte
1148 3789 1251 3870 capit·
1289 3787 1368 3850 llam
1400 3792 1434 3851 in
1464 3808 1491 3850 m

268 3873 334 3936 loco
356 3893 417 3936 non
438 3874 653 3954 generatinis
681 3874 739 3936 hoc
758 3873 853 3948 libro„
875 3873 1072 3937 Tertullianus
1095 3875 1145 3947 ait,
1174 3892 1209 3935 se
1230 3873 1404 3935 haereticos
1429 3893 1491 3936 eoa·

269 3960 392 4033 lutasse,
415 3959 469 4020 sed
490 3958 580 4032 addit,
603 3977 636 4022 se
658 3957 687 4019 id
710 3958 820 4020 icisse
841 3959 979 4020 universe
1000 3964 1092 4021 certis
1116 3969 1144 4022 et
1164 3961 1254 4021 iustis
1269 3968 1297 4019 at
1312 3964 1492 4021 recusarit

266 4043 572 4124 praescriptionibus.
616 4043 718 4122 ltaque
744 4043 776 4103 in
805 4043 871 4104 aliis
900 4041 982 4104 libris
999 4057 1073 4104 non
1102 4061 1135 4104 sc
1155 4041 1312 4122 pollicetur
1334 4046 1492 4124 separatis

269 4129 486 4188 contacturum
509 4126 726 4188 haereticorum
748 4127 933 4204 singulorum
955 4126 1130 4199 docuinam,
1159 4126 1212 4187 aad
1236 4133 1439 4188 ostensurum
1460 4147 1492 4188 se

271 4209 405 4288 singulos
431 4211 519 4272 etiam
547 4211 714 4274 haereticos
740 4227 904 4289 eorumque
931 4209 1005 4271 scita
1033 4219 1128 4273 aetate
1150 4207 1295 4270 doctrinis
1318 4219 1406 4272 recte
1431 4229 1492 4272 sea-

269 4293 405 4356 tiectium
432 4295 547 4358 cadero.
591 4296 628 4357 tt
655 4295 753 4358 denuo
774 4289 1044 4357 wuisums'loeo
1072 4296 1120 4356 cit.
1143 4311 1173 4374 p.
1197 4297 1244 4356 b:
1271 4293 1434 4372 antiquior
1459 4305 1495 4356 ast

269 4376 296 4436 is
319 4375 356 4437 de
377 4378 612 4460 Praescriptioue
641 4379 870 4443 commentarius
891 4377 1083 4458 apologetico
1106 4376 1288 4440 Tertulliani.
1337 4379 1443 4452 Quam
1464 4380 1493 4440 ab

169 4551 174 4558 “
301 4575 324 4610 u.
343 4561 370 4611 lu
389 4562 450 4614 libro
469 4564 499 4613 ie
518 4563 595 4614 Carus
614 4565 703 4615 Christi
721 4581 741 4614 c.
761 4563 784 4615 2.
804 4579 829 4629 p.
848 4563 939 4615 tiss.
