3122 5250
498 373 633 418 sacrorn
654 371 713 417 nra.
734 372 773 416 aa
793 371 922 417 noum.
1252 357 1314 423 363

102 539 225 602 arguere
249 522 317 585 lotis
339 523 428 586 animi
448 522 560 586 viribus
582 523 710 586 enitatur
730 523 849 603 (Xiphil.
873 521 943 584 ibid.
965 541 1030 604 pag.
1054 525 1150 600 aaa),
1179 524 1314 588 Claudia·

100 625 156 670 uus
168 615 278 753 {aaran
299 607 429 670 incertus
450 607 598 688 animique
613 608 720 670 dubius
741 617 896 688 utramque
919 608 1090 688 opinionem
1111 609 1159 672 hie
1180 610 1316 690 exposuit

100 709 176 755 versu
198 710 253 754 as:

254 824 261 838 .
286 823 294 838 .
317 777 492 840 araucas
511 793 597 856 mapa
618 795 672 839 seu
697 781 834 840 carmina
854 782 919 839 ritu

252 862 417 924 armauere
438 863 519 935 deos,
541 879 595 924 seu
617 863 696 944 quod
716 879 798 933 reor,
821 881 904 924 omae
929 861 1070 924 Tonantis

255 947 432 1028 Obsequium
453 945 553 1010 Marci
568 964 671 1008 mores
689 957 819 1027 potuere
837 950 960 1009 mereu'.

406 1030 567 1103 (Claudiam
584 1030 620 1092 de
636 1031 724 1092 Sexto
738 1031 863 1092 honorii
879 1030 1000 1092 Consul.
1014 1049 1042 1091 v.
1055 1033 1117 1094 357
1133 1039 1163 1093 et
1176 1037 1271 1112 seqq.)

181 1113 242 1176 Sed
266 1115 324 1176 hac
343 1115 527 1178 ethnicorum
548 1123 578 1176 et
597 1121 731 1176 notatum
752 1133 769 1176 a
788 1114 958 1194 Lampridio
980 1113 1100 1176 dubium
1121 1134 1182 1178 non
1197 1116 1314 1179 aliunde
1436 1123 1443 1140 ¹

101 1217 185 1278 quam
207 1216 244 1260 en
267 1199 368 1262 innato
389 1200 420 1262 in
442 1199 626 1262 Christianos
649 1200 718 1260 odio
739 1218 774 1262 ac
795 1199 882 1262 solita
901 1201 933 1260 in
953 1199 1103 1280 principes
1124 1219 1197 1262 suos
1212 1201 1314 1264 adula-

101 1284 178 1345 tione
199 1284 330 1346 manarit
350 1284 511 1363 (Lamprid.
533 1285 563 1345 ia
585 1284 650 1345 Vita
669 1283 820 1363 llelicgab.
841 1303 871 1364 p.
896 1289 989 1361 lit).

181 1367 332 1430 Eusebius
354 1369 501 1449 siquidem
522 1367 586 1430 iure
607 1387 732 1448 prorsus
755 1368 860 1430 memte
875 1369 982 1430 asserit
995 1368 1136 1431 maiorem
1151 1369 1315 1432 habendam
1355 1423 1362 1434 .

101 1453 184 1514 fidem
206 1453 404 1533 scriptoribus
426 1453 548 1526 nostris,
572 1453 622 1532 qui
643 1452 772 1516 veritatis
796 1453 924 1515 cultores
946 1453 1119 1534 simpliciter
1140 1462 1170 1515 et
1189 1453 1316 1533 ingenue

102 1555 162 1599 rem
182 1538 281 1618 ipsam
302 1537 408 1600 litteris
431 1538 605 1600 mandavere
637 1537 758 1612 (Euseb.
783 1537 834 1599 lib.
857 1538 890 1598 ll.
912 1537 1024 1600 Boules.
1045 1537 1123 1599 llist
1146 1555 1209 1618 cap.
1232 1543 1262 1602 5.
1284 1558 1314 1619 p.

104 1625 193 1700 rna).
235 1623 284 1684 Ne
312 1623 378 1702 quis
400 1641 470 1684 vero
491 1622 579 1684 tidem
600 1622 659 1700 ipsi
681 1621 846 1702 denegaret,
874 1622 950 1686 duos
971 1623 1040 1684 citm
1060 1629 1161 1697 testes,
1190 1642 1316 1703 quorum

101 1707 210 1786 primus
239 1715 289 1769 est
311 1707 496 1787 Apollinaris,
524 1706 575 1786 qui
596 1707 715 1786 scriptis
736 1706 896 1768 tradiderat
917 1707 958 1768 illi
980 1705 1214 1768 Cluistiaaoram
1234 1707 1314 1770 mili-

104 1799 161 1853 tum
185 1791 300 1871 legioni
327 1810 435 1853 nornen
456 1791 625 1853 Fulmineae
651 1791 760 1853 idcirco
783 1791 818 1852 ah
839 1791 959 1854 Aurelio
980 1791 1158 1870 imperatore
1179 1792 1314 1866 inditum,

105 1875 168 1954 quia
193 1877 323 1938 imbrem
349 1876 431 1937 illum
458 1875 597 1938 divinitus
624 1875 838 1955 impetraverat
880 1877 918 1938 ht
944 1876 1068 1956 gentiles
1096 1883 1209 1956 captata
1236 1876 1316 1940 haud

107 1959 187 2022 dubie
200 1963 291 2042 huius
307 1960 491 2040 cognominis
517 1959 672 2022 occasione
694 1960 725 2020 id
739 1979 755 2022 a
769 1961 838 2022 leve
851 1961 1023 2023 fulminante
1037 1962 1144 2022 lactum
1159 1961 1315 2023 linxerunt.

81 2044 253 2112 ,Secundus
292 2045 376 2107 testis
409 2045 446 2106 ab
472 2045 602 2106 Eusebio
630 2044 763 2106 laudatus
794 2053 897 2106 noster
924 2053 971 2107 est
992 2045 1201 2118 'lentabimus
1231 2047 1315 2108 cuius

105 2131 276 2210 transcripta
305 2148 322 2190 a
348 2129 436 2191 nohis
463 2129 643 2209 dpologetici
671 2130 760 2191 verba
788 2149 892 2210 graece
914 2130 1028 2192 reddita
1051 2129 1157 2191 citarit.
1199 2131 1237 2192 ht
1257 2149 1314 2209 po-

107 2221 174 2275 terat
193 2215 321 2294 insuper
342 2215 428 2277 alima
451 2215 540 2276 citare
562 2214 626 2276 eius
647 2214 764 2287 librum,
785 2213 837 2275 nbi
859 2233 919 2276 nou
940 2215 1039 2278 minue
1060 2215 1137 2276 clare
1151 2223 1182 2276 et
1195 2233 1315 2278 seseve-

106 2307 200 2360 ranter
219 2301 349 2362 affirmat
369 2299 447 2361 hunc
467 2299 633 2361 mirandum
654 2299 782 2360 imbrem
801 2318 818 2360 a
838 2300 901 2361 lieo
922 2299 1065 2362 indultum
1081 2298 1316 2378 Christianorum

107 2382 222 2445 militum
243 2383 396 2464 precibus.
438 2384 482 2445 hd
504 2384 660 2463 Scapulam
688 2385 767 2445 enim
788 2381 937 2446 etimicum
957 2384 1125 2464 praesidem
1146 2383 1219 2446 haec
1239 2384 1315 2446 scri-

108 2467 173 2546 psit:
195 2467 321 2531 Marcus
342 2468 484 2531 Aurelius
505 2472 539 2530 ia
561 2469 737 2530 Gemanica
758 2470 946 2549 mpeditiaae
974 2469 1209 2552 christianorum
1234 2469 1318 2531 mili-

110 2561 166 2614 tum
186 2553 378 2616 arationibus
400 2555 440 2615 ad
453 2553 550 2616 Deum
563 2556 655 2632 [actis
670 2554 781 2615 imbres
796 2557 830 2614 ira
844 2557 897 2615 siti
910 2553 965 2614 illa
977 2557 1162 2633 impetravit.
1187 2553 1317 2626 wando

108 2653 165 2698 aaa
187 2637 459 2719 geniculationibus
486 2649 516 2699 at
543 2638 778 2699 ieiunationibus
811 2641 926 2700 uostris
954 2642 1041 2700 etiam
1069 2641 1216 2699 siccitates
1244 2649 1317 2701 suut

110 2721 266 2802 depulsae?
301 2721 381 2784 Tuae
403 2735 431 2785 et
449 2721 584 2804 popalus
607 2723 776 2785 acclamares
797 2721 862 2783 Deo
884 2723 1018 2792 dearum,
1041 2725 1094 2802 qui
1112 2721 1197 2782 solus
1209 2733 1316 2801 pateus

110 2815 157 2877 aar,
177 2807 316 2870 u1oeu
337 2811 456 2869 nomiae
476 2807 542 2869 lieo
562 2817 670 2868 nostro
693 2809 895 2868 testimouium
916 2807 1046 2868 reddidit
1066 2804 1250 2878 (Tertullian.
1264 2805 1316 2866 lib.

111 2889 142 2950 ad
162 2891 243 2971 Scap.
265 2909 331 2971 cap.
347 2895 401 2967 4.).
430 2890 474 2952 Ex
495 2889 543 2951 his
564 2908 655 2970 porro
676 2889 775 2950 verbis
797 2888 880 2950 lacilc
901 2889 1115 2952 animadvertes
1137 2888 1209 2950 nihil
1230 2889 1316 2968 phac

110 2973 209 3036 mirum
229 2995 307 3050 esse,
336 2976 363 3036 si
384 2975 547 3054 scriptores
569 2974 678 3035 ethnici
700 2974 779 3034 illam
798 2973 963 3035 mirabilem
984 2972 1110 3052 pluviam
1131 2991 1148 3034 e
1168 2972 1238 3034 love
1259 2992 1315 3035 suo

113 3075 274 3123 concessam
297 3059 516 3132 venditaverint,
544 3059 595 3138 qui
623 3057 758 3120 solebant
777 3057 846 3119 huic
867 3058 973 3120 similia
993 3056 1144 3129 miracula,
1172 3057 1315 3120 Christis-

112 3157 210 3206 norum
230 3144 369 3225 precibus
390 3145 474 3218 lacta,
497 3143 591 3204 eidem
604 3143 664 3204 lovi
686 3142 825 3204 tribuere.
856 3142 925 3217 Sed,
948 3151 980 3204 ut
994 3141 1105 3222 optime
1119 3141 1316 3205 Tertullianus

114 3226 236 3303 advertit,
258 3249 328 3292 vero
351 3239 381 3290 et
401 3224 595 3307 omiipotenti
616 3228 679 3290 lieo
700 3235 805 3290 nostro
822 3228 900 3290 lovis
922 3227 1043 3288 nomine
1065 3226 1266 3306 imprudentes
1288 3237 1318 3290 et

113 3308 185 3374 inviti
203 3313 407 3376 acclamabant.

188 3398 234 3472 ht,
263 3407 383 3478 quaeret
408 3399 533 3460 forsitan
560 3397 674 3477 aliquis,
702 3415 755 3459 cur
775 3396 823 3459 ille
851 3397 910 3458 hoc
929 3396 1096 3476 posteriore
1117 3396 1149 3457 in
1169 3396 1235 3458 loco
1257 3405 1317 3460 tam

103 3478 246 3544 ‘euenere
275 3483 508 3564 pronuntiaverit
535 3483 614 3545 hunc
641 3483 766 3545 imbrem
794 3481 969 3544 Christims
996 3481 1215 3561 precationibus
1242 3500 1316 3544 oon·

117 3579 232 3641 ussum,
260 3569 311 3647 qui
339 3567 371 3629 in
397 3567 586 3648 Apologeticc
613 3567 782 3649 adverbium
809 3569 893 3646 sorte
922 3565 1043 3628 addidit.
1086 3565 1233 3645 Numquid
1260 3565 1316 3627 ali-

117 3651 221 3724 quando
242 3653 297 3714 hac
318 3653 355 3714 de
376 3671 409 3713 re
430 3652 526 3716 haesit
548 3651 664 3722 dubius,
688 3659 738 3713 ant
758 3651 828 3713 illud
850 3650 1020 3712 adverbium
1042 3650 1133 3711 textui
1149 3650 1212 3710 eins
1228 3666 1316 3727 prac-

116 3741 225 3806 postera
246 3737 389 3800 insertum
410 3735 478 3798 esti
519 3735 586 3798 Non
608 3735 687 3798 enirn
707 3743 787 3797 extat
807 3737 837 3796 iu
859 3753 964 3814 macco
985 3734 1108 3797 Eusehii
1128 3740 1218 3794 terta.
1257 3733 1317 3794 Sed

119 3811 144 3874 id
172 3828 270 3883 contra
303 3820 438 3884 codicum
475 3820 744 3899 manuscriptorum
776 3820 864 3881 iidem
896 3837 1033 3881 asserere
1068 3835 1130 3878 non
1165 3816 1317 3878 audemus.

118 3895 211 3965 Nonne
237 3925 308 3986 erga
336 3905 525 3968 aemsimilius
547 3912 594 3966 cst
613 3903 685 3965 illud
705 3903 874 3966 adverbium
895 3921 956 3964 non
977 3901 1138 3964 dubitantis
1159 3917 1236 3974 esse,
1264 3900 1318 3963 sed

120 3979 257 4133 hiddi&
285 3991 431 4065 ethnicos,
459 3991 509 4070 qui
535 3989 615 4052 hunc
635 3988 760 4050 imbrem
781 4007 798 4050 a
818 3988 920 4050 acano
942 4006 998 4048 suc
1019 3987 1088 4048 love
1110 3983 1208 4046 datam
1230 3985 1318 4048 stulte

122 4067 182 4146 apin
217 4074 325 4138 antur?
1292 4115 1296 4126 ·

194 4157 281 4237 blagis
302 4169 398 4222 autem
419 4159 562 4222 omnibus.
578 4159 608 4220 id
629 4158 817 4220 manilestum
837 4157 930 4231 beret,
953 4155 980 4218 si
999 4153 1110 4216 ameni
1130 4153 1317 4234 imperatoris

32 4275 38 4296 .
123 4231 225 4302 litterae
245 4263 315 4322 quas
336 4247 447 4308 Auctor
466 4251 570 4306 nostem
589 4244 659 4305 citat
674 4242 794 4304 adaco
816 4241 1038 4322 pervenissent..
1062 4238 1198 4302 Nonnulli
1221 4247 1319 4301 umen

125 4323 296 4400 auspicantur
315 4329 380 4391 illas
402 4347 481 4403 esse,
504 4347 627 4409 quarum
649 4327 797 4406 exemplar
823 4333 894 4405 post
913 4324 1038 4404 primam
1059 4323 1318 4404 lastiniblartyris

125 4401 278 4555 il⁰l⁰gam
306 4413 416 4477 editum
444 4413 607 4476 exhibetur.
649 4413 759 4474 Verum
785 4411 844 4472 iarn
870 4409 1073 4470 annotavimus
1094 4409 1227 4489 spurium
1248 4407 1321 4470 illud

126 4501 185 4552 use
221 4497 443 4562 tadulterinum
464 4497 563 4574 (Tam.
584 4498 607 4560 l.
629 4497 766 4577 Apparet.
788 4513 818 4574 p.
842 4497 939 4570 369.).

200 4558 322 4664 Scauger
342 4581 415 4646 vero
436 4602 473 4648 ex
493 4583 540 4646 his
556 4581 727 4646 Tertulliani
748 4579 847 4644 verbis
863 4583 892 4644 ai
904 4581 1105 4662 requirantur
1119 4576 1215 4659 colligi
1229 4593 1320 4657 posse
