<?xml version="1.0" encoding="UTF-8"?>
<!DOCTYPE html PUBLIC "-//W3C//DTD XHTML 1.0 Transitional//EN"
    "http://www.w3.org/TR/xhtml1/DTD/xhtml1-transitional.dtd">
<html xmlns="http://www.w3.org/1999/xhtml" xml:lang="en" lang="en">
 <head>
  <title>
</title>
<meta http-equiv="Content-Type" content="text/html;charset=utf-8" />
  <meta name='ocr-system' content='tesseract 3.04.00' />
  <meta name='ocr-capabilities' content='ocr_page ocr_carea ocr_par ocr_line ocrx_word'/>
</head>
<body>
  <div class='ocr_page' id='page_1' title='image "./quaesupersuntom01oehlgoog_0708.png"; bbox 0 0 3020 5230; ppageno 0'>
   <div class='ocr_carea' id='block_1_1' title="bbox 410 405 847 487">
    <p class='ocr_par' dir='ltr' id='par_1_1' title="bbox 410 405 847 487">
     <span class='ocr_line' id='line_1_1' title="bbox 410 405 847 487; baseline 0 -37"><span class='ocrx_word' id='word_1_1' title='bbox 410 405 546 450; x_wconf 68' lang='lat' dir='ltr'><strong>tuotone</strong></span> <span class='ocrx_word' id='word_1_2' title='bbox 568 405 610 487; x_wconf 56' lang='lat' dir='ltr'><strong>ld·</strong></span> <span class='ocrx_word' id='word_1_3' title='bbox 635 405 697 450; x_wconf 80' lang='lat' dir='ltr'><strong>stt..</strong></span> <span class='ocrx_word' id='word_1_4' title='bbox 720 405 847 450; x_wconf 69' lang='lat' dir='ltr'><strong>mm.</strong></span> 
     </span>
    </p>
   </div>
   <div class='ocr_carea' id='block_1_2' title="bbox 122 551 445 739">
    <p class='ocr_par' dir='ltr' id='par_1_2' title="bbox 122 551 445 739">
     <span class='ocr_line' id='line_1_2' title="bbox 122 551 445 610; baseline -0.006 0"><span class='ocrx_word' id='word_1_5' title='bbox 122 551 126 566; x_wconf 89' lang='lat'>&#39;</span> <span class='ocrx_word' id='word_1_6' title='bbox 165 557 266 610; x_wconf 80' lang='lat' dir='ltr'><strong>Tertull.</strong></span> <span class='ocrx_word' id='word_1_7' title='bbox 284 558 336 610; x_wconf 73' lang='lat' dir='ltr'><strong>adr.</strong></span> <span class='ocrx_word' id='word_1_8' title='bbox 353 555 445 608; x_wconf 74' lang='lat' dir='ltr'><strong>Valent.</strong></span> 
     </span>
     <span class='ocr_line' id='line_1_3' title="bbox 250 673 369 739; baseline -0.017 -13"><span class='ocrx_word' id='word_1_9' title='bbox 250 675 308 739; x_wconf 83' lang='lat' dir='ltr'><strong>Cap.</strong></span> <span class='ocrx_word' id='word_1_10' title='bbox 327 673 369 725; x_wconf 86' lang='grc'><strong>20.</strong></span> 
     </span>
    </p>
   </div>
   <div class='ocr_carea' id='block_1_3' title="bbox 802 555 1086 607">
    <p class='ocr_par' dir='ltr' id='par_1_3' title="bbox 802 555 1086 607">
     <span class='ocr_line' id='line_1_4' title="bbox 802 555 1086 607; baseline 0.004 -1"><span class='ocrx_word' id='word_1_11' title='bbox 802 557 865 606; x_wconf 82' lang='lat' dir='ltr'><strong>lren.</strong></span> <span class='ocrx_word' id='word_1_12' title='bbox 883 563 967 606; x_wconf 80' lang='lat' dir='ltr'><strong>eontra</strong></span> <span class='ocrx_word' id='word_1_13' title='bbox 986 555 1086 607; x_wconf 79' lang='lat' dir='ltr'><strong>linem.</strong></span> 
     </span>
    </p>
   </div>
   <div class='ocr_carea' id='block_1_4' title="bbox 910 669 978 738">
    <p class='ocr_par' dir='ltr' id='par_1_4' title="bbox 910 669 978 738">
     <span class='ocr_line' id='line_1_5' title="bbox 910 669 978 738; baseline -0.015 -14"><span class='ocrx_word' id='word_1_14' title='bbox 910 669 936 738; x_wconf 69' lang='lat' dir='ltr'><strong>a.</strong></span> <span class='ocrx_word' id='word_1_15' title='bbox 954 673 978 724; x_wconf 83' lang='lat' dir='ltr'><strong>a.</strong></span> 
     </span>
    </p>
   </div>
   <div class='ocr_carea' id='block_1_5' title="bbox 14 735 1271 3752">
    <p class='ocr_par' dir='ltr' id='par_1_5' title="bbox 14 735 1271 2878">
     <span class='ocr_line' id='line_1_6' title="bbox 49 735 1239 876; baseline 0.001 -39"><span class='ocrx_word' id='word_1_16' title='bbox 49 775 147 856; x_wconf 79' lang='lat' dir='ltr'>Igitur</span> <span class='ocrx_word' id='word_1_17' title='bbox 161 775 337 854; x_wconf 80' lang='lat' dir='ltr'><strong>Demiurgus</strong></span> <span class='ocrx_word' id='word_1_18' title='bbox 355 785 436 838; x_wconf 84' lang='lat' dir='ltr'><strong>extra</strong></span> <span class='ocrx_word' id='word_1_19' title='bbox 450 775 599 856; x_wconf 89' lang='lat' dir='ltr'><strong>pleroma·</strong></span> <span class='ocrx_word' id='word_1_20' title='bbox 693 775 830 857; x_wconf 80' lang='grc' dir='ltr'><strong><em>Πατέρα</em></strong></span> <span class='ocrx_word' id='word_1_21' title='bbox 846 758 972 836; x_wconf 77' lang='grc' dir='ltr'><strong><em>οὖνκαὶ</em></strong></span> <span class='ocrx_word' id='word_1_22' title='bbox 990 735 1075 837; x_wconf 69' lang='grc' dir='ltr'><strong><em>Θεῶν</em></strong></span> <span class='ocrx_word' id='word_1_23' title='bbox 1090 772 1239 876; x_wconf 66' lang='grc' dir='ltr'><strong><em>λέχουσιν</em></strong></span> 
     </span>
     <span class='ocr_line' id='line_1_7' title="bbox 14 849 1239 939; baseline -0.001 -17"><span class='ocrx_word' id='word_1_24' title='bbox 14 861 46 922; x_wconf 88' lang='lat' dir='ltr'><strong>is</strong></span> <span class='ocrx_word' id='word_1_25' title='bbox 69 859 183 921; x_wconf 85' lang='lat' dir='ltr'><strong>limites</strong></span> <span class='ocrx_word' id='word_1_26' title='bbox 205 860 381 922; x_wconf 78' lang='lat' dir='ltr'><strong>constitutus</strong></span> <span class='ocrx_word' id='word_1_27' title='bbox 411 865 443 920; x_wconf 79' lang='lat' dir='ltr'><strong>in</strong></span> <span class='ocrx_word' id='word_1_28' title='bbox 474 863 601 939; x_wconf 77' lang='lat' dir='ltr'><strong>ipnomi-</strong></span> <span class='ocrx_word' id='word_1_29' title='bbox 652 849 751 922; x_wconf 77' lang='grc' dir='ltr'><strong><em>αὐτὸν</em></strong></span> <span class='ocrx_word' id='word_1_30' title='bbox 780 860 947 938; x_wconf 78' lang='grc' dir='ltr'><strong><em>γεγονέναι</em></strong></span> <span class='ocrx_word' id='word_1_31' title='bbox 974 859 1033 920; x_wconf 83' lang='grc' dir='ltr'><strong>τοῦ</strong></span> <span class='ocrx_word' id='word_1_32' title='bbox 1064 854 1156 934; x_wconf 77' lang='grc' dir='ltr'><strong><em>ἕκτος</em></strong></span> <span class='ocrx_word' id='word_1_33' title='bbox 1180 857 1239 921; x_wconf 82' lang='grc' dir='ltr'><strong>τοῦ</strong></span> 
     </span>
     <span class='ocr_line' id='line_1_8' title="bbox 14 937 1241 1025; baseline -0.001 -18"><span class='ocrx_word' id='word_1_34' title='bbox 14 952 99 1007; x_wconf 80' lang='lat' dir='ltr'><strong>n&#39;osa</strong></span> <span class='ocrx_word' id='word_1_35' title='bbox 114 949 236 1006; x_wconf 69' lang='lat' dir='ltr'><strong>externi</strong></span> <span class='ocrx_word' id='word_1_36' title='bbox 245 945 482 1006; x_wconf 74' lang='lat' dir='ltr'><strong>exiliiuoetitnte</strong></span> <span class='ocrx_word' id='word_1_37' title='bbox 493 962 602 1006; x_wconf 84' lang='lat' dir='ltr'><strong>novom</strong></span> <span class='ocrx_word' id='word_1_38' title='bbox 652 937 880 1025; x_wconf 82' lang='grc' dir='ltr'><strong><em>Πληρῶματος</em></strong></span> <span class='ocrx_word' id='word_1_39' title='bbox 902 938 1044 1025; x_wconf 77' lang='grc' dir='ltr'><strong><em>ποιητὴν</em></strong></span> <span class='ocrx_word' id='word_1_40' title='bbox 1060 938 1140 1006; x_wconf 85' lang='grc' dir='ltr'><strong><em>ὅντα</em></strong></span> <span class='ocrx_word' id='word_1_41' title='bbox 1154 939 1241 1006; x_wconf 90' lang='grc' dir='ltr'><strong><em>πάν-</em></strong></span> 
     </span>
     <span class='ocr_line' id='line_1_9' title="bbox 14 1019 1241 1106; baseline 0.003 -20"><span class='ocrx_word' id='word_1_42' title='bbox 14 1033 222 1090; x_wconf 73' lang='lat' dir='ltr'><strong>irove&#39;nct&#39;nm‘t</strong></span> <span class='ocrx_word' id='word_1_43' title='bbox 243 1031 388 1106; x_wconf 77' lang='lat' dir='ltr'><strong>condidit,</strong></span> <span class='ocrx_word' id='word_1_44' title='bbox 415 1029 493 1089; x_wconf 88' lang='lat' dir='ltr'><strong>hune</strong></span> <span class='ocrx_word' id='word_1_45' title='bbox 513 1045 601 1090; x_wconf 92' lang='lat' dir='ltr'><strong>mun·</strong></span> <span class='ocrx_word' id='word_1_46' title='bbox 651 1045 718 1088; x_wconf 85' lang='grc' dir='ltr'><strong>των</strong></span> <span class='ocrx_word' id='word_1_47' title='bbox 734 1025 882 1106; x_wconf 81' lang='grc' dir='ltr'><strong><em>ψυχικῶν</em></strong></span> <span class='ocrx_word' id='word_1_48' title='bbox 896 1048 932 1090; x_wconf 92' lang='grc' dir='ltr'><strong>τε</strong></span> <span class='ocrx_word' id='word_1_49' title='bbox 946 1025 998 1088; x_wconf 79' lang='grc' dir='ltr'><strong><em>καὶ</em></strong></span> <span class='ocrx_word' id='word_1_50' title='bbox 1015 1019 1143 1090; x_wconf 80' lang='grc' dir='ltr'><strong><em>ὖλικῶν.</em></strong></span> <span class='ocrx_word' id='word_1_51' title='bbox 1168 1024 1241 1090; x_wconf 84' lang='lat' dir='ltr'><strong>dea-</strong></span> 
     </span>
     <span class='ocr_line' id='line_1_10' title="bbox 14 1103 1271 1194; baseline 0.002 -22"><span class='ocrx_word' id='word_1_52' title='bbox 14 1115 98 1174; x_wconf 90' lang='lat' dir='ltr'><strong>lum:</strong></span> <span class='ocrx_word' id='word_1_53' title='bbox 127 1121 282 1190; x_wconf 88' lang='lat' dir='ltr'><strong>repurgata</strong></span> <span class='ocrx_word' id='word_1_54' title='bbox 306 1114 483 1192; x_wconf 76' lang='lat' dir='ltr'><strong>confusione</strong></span> <span class='ocrx_word' id='word_1_55' title='bbox 505 1121 536 1172; x_wconf 84' lang='lat' dir='ltr'><strong>et</strong></span> <span class='ocrx_word' id='word_1_56' title='bbox 556 1113 602 1173; x_wconf 84' lang='lat' dir='ltr'><strong>di·</strong></span> <span class='ocrx_word' id='word_1_57' title='bbox 653 1112 804 1192; x_wconf 85' lang='grc' dir='ltr'><strong><em>κρίνσντο</em></strong></span> <span class='ocrx_word' id='word_1_58' title='bbox 819 1103 880 1192; x_wconf 77' lang='grc' dir='ltr'><strong>γὰρ</strong></span> <span class='ocrx_word' id='word_1_59' title='bbox 895 1105 955 1186; x_wconf 82' lang='grc' dir='ltr'><strong>τὰς</strong></span> <span class='ocrx_word' id='word_1_60' title='bbox 970 1105 1028 1174; x_wconf 82' lang='grc' dir='ltr'><strong>δύο</strong></span> <span class='ocrx_word' id='word_1_61' title='bbox 1040 1103 1242 1194; x_wconf 77' lang='grc' dir='ltr'><strong><em>οὖσίσςσυχ-</em></strong></span> <span class='ocrx_word' id='word_1_62' title='bbox 1268 1181 1271 1188; x_wconf 61' lang='grc'><strong><em>,</em></strong></span> 
     </span>
     <span class='ocr_line' id='line_1_11' title="bbox 14 1187 1242 1277; baseline 0 -19"><span class='ocrx_word' id='word_1_63' title='bbox 14 1202 129 1260; x_wconf 76' lang='grc' dir='ltr'><strong><em>ιιυισιο</em></strong></span> <span class='ocrx_word' id='word_1_64' title='bbox 159 1199 333 1258; x_wconf 80' lang='lat' dir='ltr'><strong>diuersitate</strong></span> <span class='ocrx_word' id='word_1_65' title='bbox 357 1197 502 1277; x_wconf 79' lang='lat' dir='ltr'><strong>duplicia&#39;</strong></span> <span class='ocrx_word' id='word_1_66' title='bbox 530 1197 603 1258; x_wconf 84' lang='lat' dir='ltr'><strong>aod·</strong></span> <span class='ocrx_word' id='word_1_67' title='bbox 653 1195 836 1274; x_wconf 74' lang='grc' dir='ltr'><strong><em>κεχυμένας,</em></strong></span> <span class='ocrx_word' id='word_1_68' title='bbox 855 1193 909 1257; x_wconf 79' lang='grc' dir='ltr'><strong><em>καὶ</em></strong></span> <span class='ocrx_word' id='word_1_69' title='bbox 925 1191 961 1271; x_wconf 78' lang='grc' dir='ltr'><strong>ἐξ</strong></span> <span class='ocrx_word' id='word_1_70' title='bbox 975 1187 1159 1276; x_wconf 77' lang='grc' dir='ltr'><em>ἀσωμάτων</em></span> <span class='ocrx_word' id='word_1_71' title='bbox 1175 1213 1242 1259; x_wconf 89' lang='grc' dir='ltr'><strong>σω-</strong></span> 
     </span>
     <span class='ocr_line' id='line_1_12' title="bbox 14 1274 1243 1365; baseline 0.001 -23"><span class='ocrx_word' id='word_1_72' title='bbox 14 1280 419 1352; x_wconf 70' lang='grc' dir='ltr'><strong><em>ιισκείοιίΙΙίυεσεεῑευευε“,</em></strong></span> <span class='ocrx_word' id='word_1_73' title='bbox 436 1279 604 1342; x_wconf 81' lang='lat' dir='ltr'><strong>animalium</strong></span> <span class='ocrx_word' id='word_1_74' title='bbox 654 1274 930 1362; x_wconf 85' lang='grc' dir='ltr'><strong><em>ματοποιήσαντα</em></strong></span> <span class='ocrx_word' id='word_1_75' title='bbox 973 1277 1243 1365; x_wconf 79' lang='grc' dir='ltr'><strong><em>ὁεδημιουρχηκέ-</em></strong></span> 
     </span>
     <span class='ocr_line' id='line_1_13' title="bbox 14 1355 1242 1448; baseline 0.001 -22"><span class='ocrx_word' id='word_1_76' title='bbox 14 1375 44 1426; x_wconf 70' lang='lat' dir='ltr'><strong>et</strong></span> <span class='ocrx_word' id='word_1_77' title='bbox 66 1365 266 1427; x_wconf 80' lang='lat' dir='ltr'><strong>materiarum.</strong></span> <span class='ocrx_word' id='word_1_78' title='bbox 301 1365 343 1426; x_wconf 83' lang='lat' dir='ltr'><strong>Er</strong></span> <span class='ocrx_word' id='word_1_79' title='bbox 369 1363 604 1444; x_wconf 79' lang='lat' dir='ltr'><strong>incorporalibus</strong></span> <span class='ocrx_word' id='word_1_80' title='bbox 655 1383 710 1424; x_wconf 87' lang='grc' dir='ltr'><strong><em>ναι</em></strong></span> <span class='ocrx_word' id='word_1_81' title='bbox 736 1359 778 1425; x_wconf 85' lang='grc' dir='ltr'><strong>τὰ</strong></span> <span class='ocrx_word' id='word_1_82' title='bbox 804 1385 841 1426; x_wconf 85' lang='grc' dir='ltr'><strong>τε</strong></span> <span class='ocrx_word' id='word_1_83' title='bbox 862 1355 998 1446; x_wconf 78' lang='grc' dir='ltr'><strong><em>οὐράνια</em></strong></span> <span class='ocrx_word' id='word_1_84' title='bbox 1019 1363 1072 1427; x_wconf 81' lang='grc' dir='ltr'><strong><em>καὶ</em></strong></span> <span class='ocrx_word' id='word_1_85' title='bbox 1093 1359 1135 1428; x_wconf 85' lang='grc' dir='ltr'><strong>τὰ</strong></span> <span class='ocrx_word' id='word_1_86' title='bbox 1155 1360 1242 1448; x_wconf 79' lang='grc' dir='ltr'><strong><em>χήϊα,</em></strong></span> 
     </span>
     <span class='ocr_line' id='line_1_14' title="bbox 14 1439 1246 1530; baseline 0.002 -20"><span class='ocrx_word' id='word_1_87' title='bbox 14 1468 143 1528; x_wconf 87' lang='lat' dir='ltr'><strong>:orpora</strong></span> <span class='ocrx_word' id='word_1_88' title='bbox 153 1448 294 1522; x_wconf 83' lang='lat' dir='ltr'><strong>aedificat,</strong></span> <span class='ocrx_word' id='word_1_89' title='bbox 308 1449 415 1528; x_wconf 80' lang='lat' dir='ltr'><strong>gravia,</strong></span> <span class='ocrx_word' id='word_1_90' title='bbox 430 1448 515 1518; x_wconf 86' lang='lat' dir='ltr'><strong>lenia,</strong></span> <span class='ocrx_word' id='word_1_91' title='bbox 529 1447 603 1509; x_wconf 91' lang='lat' dir='ltr'><strong>sub-</strong></span> <span class='ocrx_word' id='word_1_92' title='bbox 654 1445 709 1510; x_wconf 76' lang='grc' dir='ltr'><strong><em>καὶ</em></strong></span> <span class='ocrx_word' id='word_1_93' title='bbox 733 1449 899 1530; x_wconf 75' lang='grc' dir='ltr'><strong><em>γεγονέναι</em></strong></span> <span class='ocrx_word' id='word_1_94' title='bbox 923 1439 1042 1510; x_wconf 75' lang='grc' dir='ltr'><strong><em>ὖλικῶν</em></strong></span> <span class='ocrx_word' id='word_1_95' title='bbox 1065 1449 1120 1511; x_wconf 82' lang='grc' dir='ltr'><strong><em>καὶ</em></strong></span> <span class='ocrx_word' id='word_1_96' title='bbox 1144 1458 1246 1530; x_wconf 84' lang='grc' dir='ltr'><strong><em>ψυχι-</em></strong></span> 
     </span>
     <span class='ocr_line' id='line_1_15' title="bbox 14 1525 1244 1618; baseline 0.001 -24"><span class='ocrx_word' id='word_1_97' title='bbox 14 1535 148 1598; x_wconf 83' lang='lat' dir='ltr'><strong>timentia</strong></span> <span class='ocrx_word' id='word_1_98' title='bbox 171 1542 258 1613; x_wconf 89' lang='lat' dir='ltr'><strong>atque</strong></span> <span class='ocrx_word' id='word_1_99' title='bbox 283 1534 449 1612; x_wconf 56' lang='lat' dir='ltr'><strong>vergentia„</strong></span> <span class='ocrx_word' id='word_1_100' title='bbox 469 1531 606 1594; x_wconf 88' lang='lat' dir='ltr'><strong>caelestia</strong></span> <span class='ocrx_word' id='word_1_101' title='bbox 655 1530 738 1607; x_wconf 88' lang='grc' dir='ltr'><strong><em>κῶν,</em></strong></span> <span class='ocrx_word' id='word_1_102' title='bbox 767 1529 882 1608; x_wconf 79' lang='grc' dir='ltr'><em>δεξιῶν</em></span> <span class='ocrx_word' id='word_1_103' title='bbox 906 1531 959 1594; x_wconf 77' lang='grc' dir='ltr'><strong><em>καὶ</em></strong></span> <span class='ocrx_word' id='word_1_104' title='bbox 983 1525 1163 1618; x_wconf 78' lang='grc' dir='ltr'><strong><em>ἀριστερῶν</em></strong></span> <span class='ocrx_word' id='word_1_105' title='bbox 1186 1531 1244 1617; x_wconf 74' lang='lat' dir='ltr'><strong>dp-</strong></span> 
     </span>
     <span class='ocr_line' id='line_1_16' title="bbox 14 1612 1243 1702; baseline 0.002 -23"><span class='ocrx_word' id='word_1_106' title='bbox 14 1629 106 1696; x_wconf 85' lang='lat' dir='ltr'><strong>ntque</strong></span> <span class='ocrx_word' id='word_1_107' title='bbox 128 1625 277 1690; x_wconf 79' lang='lat' dir='ltr'><strong>terrena¹3</strong></span> <span class='ocrx_word' id='word_1_108' title='bbox 303 1626 364 1679; x_wconf 88' lang='lat' dir='ltr'><strong>tum</strong></span> <span class='ocrx_word' id='word_1_109' title='bbox 386 1619 482 1698; x_wconf 83' lang='lat' dir='ltr'><strong>ipsam</strong></span> <span class='ocrx_word' id='word_1_110' title='bbox 504 1616 604 1677; x_wconf 88' lang='lat' dir='ltr'><strong>eaelo-</strong></span> <span class='ocrx_word' id='word_1_111' title='bbox 656 1612 827 1698; x_wconf 81' lang='grc' dir='ltr'><strong><em>μιοσργὸν,</em></strong></span> <span class='ocrx_word' id='word_1_112' title='bbox 865 1617 998 1700; x_wconf 78' lang='grc' dir='ltr'><strong><em>κουφῶν</em></strong></span> <span class='ocrx_word' id='word_1_113' title='bbox 1022 1615 1075 1680; x_wconf 73' lang='grc' dir='ltr'><strong><em>καὶ</em></strong></span> <span class='ocrx_word' id='word_1_114' title='bbox 1105 1619 1243 1702; x_wconf 80' lang='grc' dir='ltr'><strong><em>βαρέων,</em></strong></span> 
     </span>
     <span class='ocr_line' id='line_1_17' title="bbox 14 1693 1247 1786; baseline 0 -22"><span class='ocrx_word' id='word_1_115' title='bbox 14 1722 85 1764; x_wconf 93' lang='lat' dir='ltr'><strong>rum</strong></span> <span class='ocrx_word' id='word_1_116' title='bbox 116 1703 337 1782; x_wconf 79' lang='lat' dir='ltr'><strong>septemplicem</strong></span> <span class='ocrx_word' id='word_1_117' title='bbox 378 1720 496 1763; x_wconf 86' lang='lat' dir='ltr'><strong>scenam</strong></span> <span class='ocrx_word' id='word_1_118' title='bbox 528 1700 605 1762; x_wconf 89' lang='lat' dir='ltr'><strong>solio</strong></span> <span class='ocrx_word' id='word_1_119' title='bbox 658 1693 838 1784; x_wconf 76' lang='grc' dir='ltr'><strong><em>ἀνωφερῶν</em></strong></span> <span class='ocrx_word' id='word_1_120' title='bbox 853 1699 907 1763; x_wconf 79' lang='grc' dir='ltr'><strong><em>καὶ</em></strong></span> <span class='ocrx_word' id='word_1_121' title='bbox 922 1701 1131 1786; x_wconf 82' lang='grc' dir='ltr'><strong><em>καταφερῶν.</em></strong></span> <span class='ocrx_word' id='word_1_122' title='bbox 1159 1697 1247 1765; x_wconf 78' lang='grc' dir='ltr'><strong><em>ἑπτά</em></strong></span> 
     </span>
     <span class='ocr_line' id='line_1_18' title="bbox 14 1773 1246 1868; baseline 0.002 -20"><span class='ocrx_word' id='word_1_123' title='bbox 14 1789 149 1864; x_wconf 83' lang='lat' dir='ltr'><strong>desuper</strong></span> <span class='ocrx_word' id='word_1_124' title='bbox 175 1805 231 1848; x_wconf 86' lang='lat' dir='ltr'><strong>suo</strong></span> <span class='ocrx_word' id='word_1_125' title='bbox 253 1786 325 1847; x_wconf 89' lang='lat' dir='ltr'><strong>linit.</strong></span> <span class='ocrx_word' id='word_1_126' title='bbox 354 1786 438 1847; x_wconf 89' lang='lat' dir='ltr'><strong>Unde</strong></span> <span class='ocrx_word' id='word_1_127' title='bbox 453 1795 483 1846; x_wconf 91' lang='lat' dir='ltr'><strong>et</strong></span> <span class='ocrx_word' id='word_1_128' title='bbox 497 1783 605 1848; x_wconf 87' lang='lat' dir='ltr'><strong>sabba·</strong></span> <span class='ocrx_word' id='word_1_129' title='bbox 647 1779 719 1868; x_wconf 54' lang='grc' dir='ltr'><strong>,γάρ</strong></span> <span class='ocrx_word' id='word_1_130' title='bbox 735 1777 892 1867; x_wconf 75' lang='grc' dir='ltr'><strong><em>οὐρανοὺς</em></strong></span> <span class='ocrx_word' id='word_1_131' title='bbox 906 1789 1182 1862; x_wconf 77' lang='grc' dir='ltr'><strong><em>κατεσκευακέναι,</em></strong></span> <span class='ocrx_word' id='word_1_132' title='bbox 1200 1773 1246 1849; x_wconf 87' lang='grc' dir='ltr'><strong>ῶν</strong></span> 
     </span>
     <span class='ocr_line' id='line_1_19' title="bbox 16 1862 1248 1970; baseline 0.002 -38"><span class='ocrx_word' id='word_1_133' title='bbox 16 1883 84 1932; x_wconf 82' lang='lat' dir='ltr'><strong>tum</strong></span> <span class='ocrx_word' id='word_1_134' title='bbox 100 1871 208 1932; x_wconf 88' lang='lat' dir='ltr'><strong>dietum</strong></span> <span class='ocrx_word' id='word_1_135' title='bbox 224 1880 278 1943; x_wconf 84' lang='lat' dir='ltr'><strong>est,</strong></span> <span class='ocrx_word' id='word_1_136' title='bbox 295 1871 330 1931; x_wconf 89' lang='lat' dir='ltr'><strong>ab</strong></span> <span class='ocrx_word' id='word_1_137' title='bbox 345 1870 540 1944; x_wconf 80' lang='lat' dir='ltr'><strong>hebdomade,</strong></span> <span class='ocrx_word' id='word_1_138' title='bbox 556 1889 607 1930; x_wconf 66' lang='lat' dir='ltr'><strong>se-,</strong></span> <span class='ocrx_word' id='word_1_139' title='bbox 659 1865 772 1932; x_wconf 76' lang='grc' dir='ltr'><strong><em>ἐπάνω</em></strong></span> <span class='ocrx_word' id='word_1_140' title='bbox 792 1865 850 1932; x_wconf 86' lang='grc' dir='ltr'><strong>τὸν</strong></span> <span class='ocrx_word' id='word_1_141' title='bbox 864 1865 1074 1970; x_wconf 69' lang='grc' dir='ltr'><strong><em>Δημιουργὸν</em></strong></span> <span class='ocrx_word' id='word_1_142' title='bbox 1094 1862 1180 1935; x_wconf 78' lang='grc' dir='ltr'><strong><em>εἶναι</em></strong></span> <span class='ocrx_word' id='word_1_143' title='bbox 1194 1868 1248 1934; x_wconf 78' lang='grc' dir='ltr'><strong>λέ-</strong></span> 
     </span>
     <span class='ocr_line' id='line_1_20' title="bbox 15 1947 1249 2037; baseline 0.001 -21"><span class='ocrx_word' id='word_1_144' title='bbox 15 1956 69 2016; x_wconf 93' lang='lat' dir='ltr'><strong>dis</strong></span> <span class='ocrx_word' id='word_1_145' title='bbox 93 1973 181 2028; x_wconf 88' lang='lat' dir='ltr'><strong>suae,</strong></span> <span class='ocrx_word' id='word_1_146' title='bbox 207 1963 237 2015; x_wconf 89' lang='lat' dir='ltr'><strong>et</strong></span> <span class='ocrx_word' id='word_1_147' title='bbox 257 1955 376 2033; x_wconf 82' lang='lat' dir='ltr'><strong>Ogdoas</strong></span> <span class='ocrx_word' id='word_1_148' title='bbox 400 1963 494 2016; x_wconf 89' lang='lat' dir='ltr'><strong>mater</strong></span> <span class='ocrx_word' id='word_1_149' title='bbox 511 1955 609 2016; x_wconf 78' lang='lat' dir='ltr'><strong>Aelia·</strong></span> <span class='ocrx_word' id='word_1_150' title='bbox 659 1974 763 2036; x_wconf 79' lang='grc' dir='ltr'><strong><em>γουσι</em></strong></span> <span class='ocrx_word' id='word_1_151' title='bbox 791 1953 845 2017; x_wconf 80' lang='grc' dir='ltr'><strong><em>καὶ</em></strong></span> <span class='ocrx_word' id='word_1_152' title='bbox 871 1950 928 2016; x_wconf 78' lang='grc' dir='ltr'><strong><em>δια</em></strong></span> <span class='ocrx_word' id='word_1_153' title='bbox 947 1955 1046 2017; x_wconf 80' lang='grc' dir='ltr'><strong><em>τοῦτο</em></strong></span> <span class='ocrx_word' id='word_1_154' title='bbox 1064 1947 1249 2037; x_wconf 79' lang='grc' dir='ltr'><strong><em>Ἑβδόμαάα</em></strong></span> 
     </span>
     <span class='ocr_line' id='line_1_21' title="bbox 16 2030 1250 2142; baseline -0.001 -41"><span class='ocrx_word' id='word_1_155' title='bbox 16 2039 117 2112; x_wconf 85' lang='lat' dir='ltr'><strong>molli,</strong></span> <span class='ocrx_word' id='word_1_156' title='bbox 139 2038 176 2099; x_wconf 92' lang='lat' dir='ltr'><strong>ab</strong></span> <span class='ocrx_word' id='word_1_157' title='bbox 191 2049 364 2118; x_wconf 88' lang='lat' dir='ltr'><strong>argumento</strong></span> <span class='ocrx_word' id='word_1_158' title='bbox 380 2039 530 2117; x_wconf 80' lang='lat' dir='ltr'><strong>Ogdoadis</strong></span> <span class='ocrx_word' id='word_1_159' title='bbox 544 2038 609 2118; x_wconf 81' lang='lat' dir='ltr'><strong>pri·</strong></span> <span class='ocrx_word' id='word_1_160' title='bbox 659 2036 815 2101; x_wconf 80' lang='grc' dir='ltr'><strong><em>καλοῦσιν</em></strong></span> <span class='ocrx_word' id='word_1_161' title='bbox 841 2030 941 2101; x_wconf 80' lang='grc' dir='ltr'><strong><em>αὐτὸν</em></strong></span> <span class='ocrx_word' id='word_1_162' title='bbox 947 2086 956 2115; x_wconf 91' lang='grc'><strong><em>,</em></strong></span> <span class='ocrx_word' id='word_1_163' title='bbox 981 2033 1039 2122; x_wconf 86' lang='grc' dir='ltr'><strong>τὴν</strong></span> <span class='ocrx_word' id='word_1_164' title='bbox 1064 2037 1099 2103; x_wconf 79' lang='grc' dir='ltr'><strong>δὲ</strong></span> <span class='ocrx_word' id='word_1_165' title='bbox 1121 2041 1250 2142; x_wconf 69' lang='grc' dir='ltr'><strong><em>μητέρα</em></strong></span> 
     </span>
     <span class='ocr_line' id='line_1_22' title="bbox 18 2115 1251 2206; baseline 0 -20"><span class='ocrx_word' id='word_1_166' title='bbox 18 2123 210 2203; x_wconf 89' lang='lat' dir='ltr'><strong>migenitalis.</strong></span> <span class='ocrx_word' id='word_1_167' title='bbox 247 2123 351 2185; x_wconf 84' lang='lat' dir='ltr'><strong>Caelos</strong></span> <span class='ocrx_word' id='word_1_168' title='bbox 366 2132 464 2185; x_wconf 85' lang='lat' dir='ltr'><strong>autem</strong></span> <span class='ocrx_word' id='word_1_169' title='bbox 478 2131 611 2186; x_wconf 72' lang='lat' dir='ltr'><strong>noeros·</strong></span> <span class='ocrx_word' id='word_1_170' title='bbox 661 2118 719 2206; x_wconf 86' lang='grc' dir='ltr'><strong>τὴν</strong></span> <span class='ocrx_word' id='word_1_171' title='bbox 731 2116 902 2204; x_wconf 74' lang='grc' dir='ltr'><strong><em>Ἀχαμὼθ,</em></strong></span> <span class='ocrx_word' id='word_1_172' title='bbox 919 2115 1089 2204; x_wconf 82' lang='grc' dir='ltr'><strong><em>Ὀχάοάδα,</em></strong></span> <span class='ocrx_word' id='word_1_173' title='bbox 1113 2119 1251 2186; x_wconf 86' lang='grc' dir='ltr'><strong><em>αποσῶ-</em></strong></span> 
     </span>
     <span class='ocr_line' id='line_1_23' title="bbox 18 2199 1250 2290; baseline 0.001 -22"><span class='ocrx_word' id='word_1_174' title='bbox 18 2211 174 2287; x_wconf 90' lang='lat' dir='ltr'><strong>deputant,</strong></span> <span class='ocrx_word' id='word_1_175' title='bbox 194 2218 225 2269; x_wconf 88' lang='lat' dir='ltr'><strong>et</strong></span> <span class='ocrx_word' id='word_1_176' title='bbox 237 2209 410 2270; x_wconf 71' lang='lat' dir='ltr'><strong>e&#39;aterdom¹¹</strong></span> <span class='ocrx_word' id='word_1_177' title='bbox 424 2209 544 2286; x_wconf 81' lang='lat' dir='ltr'><strong>angelos</strong></span> <span class='ocrx_word' id='word_1_178' title='bbox 559 2223 613 2269; x_wconf 83' lang='lat' dir='ltr'><strong>eos</strong></span> <span class='ocrx_word' id='word_1_179' title='bbox 664 2204 782 2285; x_wconf 87' lang='grc' dir='ltr'><strong><em>ζουσαν</em></strong></span> <span class='ocrx_word' id='word_1_180' title='bbox 803 2202 860 2270; x_wconf 87' lang='grc' dir='ltr'><strong>τὸν</strong></span> <span class='ocrx_word' id='word_1_181' title='bbox 881 2199 1027 2290; x_wconf 68' lang='grc' dir='ltr'><strong><em>ἀριθμὸν</em></strong></span> <span class='ocrx_word' id='word_1_182' title='bbox 1042 2209 1100 2270; x_wconf 80' lang='grc' dir='ltr'><strong>τοῦ</strong></span> <span class='ocrx_word' id='word_1_183' title='bbox 1116 2201 1250 2290; x_wconf 82' lang='grc' dir='ltr'><strong><em>ἀρχεχό-</em></strong></span> 
     </span>
     <span class='ocr_line' id='line_1_24' title="bbox 18 2287 1251 2376; baseline 0 -22"><span class='ocrx_word' id='word_1_184' title='bbox 18 2295 151 2372; x_wconf 81' lang='lat' dir='ltr'><strong>faeinnt,</strong></span> <span class='ocrx_word' id='word_1_185' title='bbox 168 2293 244 2352; x_wconf 90' lang='lat' dir='ltr'><strong>sieut</strong></span> <span class='ocrx_word' id='word_1_186' title='bbox 256 2301 282 2352; x_wconf 90' lang='lat' dir='ltr'><strong>et</strong></span> <span class='ocrx_word' id='word_1_187' title='bbox 295 2293 391 2371; x_wconf 89' lang='lat' dir='ltr'><strong>ipsum</strong></span> <span class='ocrx_word' id='word_1_188' title='bbox 403 2294 613 2373; x_wconf 67' lang='lat' dir='ltr'><strong>Demiurgum!</strong></span> <span class='ocrx_word' id='word_1_189' title='bbox 662 2311 720 2354; x_wconf 91' lang='grc' dir='ltr'><strong>νου</strong></span> <span class='ocrx_word' id='word_1_190' title='bbox 741 2290 794 2354; x_wconf 86' lang='grc' dir='ltr'><strong><em>καὶ</em></strong></span> <span class='ocrx_word' id='word_1_191' title='bbox 824 2287 959 2375; x_wconf 83' lang='grc' dir='ltr'><strong><em>πρώτης</em></strong></span> <span class='ocrx_word' id='word_1_192' title='bbox 988 2291 1047 2354; x_wconf 84' lang='grc' dir='ltr'><strong>τοῦ</strong></span> <span class='ocrx_word' id='word_1_193' title='bbox 1068 2287 1251 2376; x_wconf 74' lang='grc' dir='ltr'><strong><em>πληρώμα-</em></strong></span> 
     </span>
     <span class='ocr_line' id='line_1_25' title="bbox 21 2367 1252 2458; baseline 0 -20"><span class='ocrx_word' id='word_1_194' title='bbox 21 2379 105 2438; x_wconf 89' lang='lat' dir='ltr'><strong>sieut</strong></span> <span class='ocrx_word' id='word_1_195' title='bbox 129 2385 159 2436; x_wconf 88' lang='lat' dir='ltr'><strong>et</strong></span> <span class='ocrx_word' id='word_1_196' title='bbox 182 2375 420 2450; x_wconf 88' lang='lat' dir='ltr'><strong>Paradisum,</strong></span> <span class='ocrx_word' id='word_1_197' title='bbox 443 2378 612 2458; x_wconf 78' lang='lat' dir='ltr'><strong>orelonge-</strong></span> <span class='ocrx_word' id='word_1_198' title='bbox 663 2396 720 2452; x_wconf 85' lang='grc' dir='ltr'><strong>τος</strong></span> <span class='ocrx_word' id='word_1_199' title='bbox 735 2367 921 2457; x_wconf 81' lang='grc' dir='ltr'><strong><em>Ὀχδοάδος,</em></strong></span> <span class='ocrx_word' id='word_1_200' title='bbox 944 2371 1021 2450; x_wconf 83' lang='grc' dir='ltr'><strong><em>τοὺς</em></strong></span> <span class='ocrx_word' id='word_1_201' title='bbox 1042 2373 1078 2439; x_wconf 79' lang='grc' dir='ltr'><strong>δὲ</strong></span> <span class='ocrx_word' id='word_1_202' title='bbox 1093 2367 1252 2439; x_wconf 72' lang='lat' dir='ltr'><strong>daed-oei-</strong></span> 
     </span>
     <span class='ocr_line' id='line_1_26' title="bbox 23 2453 1251 2564; baseline -0.001 -41"><span class='ocrx_word' id='word_1_203' title='bbox 23 2463 107 2524; x_wconf 85' lang='lat' dir='ltr'><strong>lom¹</strong></span> <span class='ocrx_word' id='word_1_204' title='bbox 132 2469 286 2538; x_wconf 86' lang='lat' dir='ltr'><strong>quartum,</strong></span> <span class='ocrx_word' id='word_1_205' title='bbox 311 2461 461 2539; x_wconf 82' lang='lat' dir='ltr'><strong>quomodo</strong></span> <span class='ocrx_word' id='word_1_206' title='bbox 484 2469 513 2522; x_wconf 92' lang='lat' dir='ltr'><strong>et</strong></span> <span class='ocrx_word' id='word_1_207' title='bbox 534 2462 613 2522; x_wconf 90' lang='lat' dir='ltr'><strong>hune</strong></span> <span class='ocrx_word' id='word_1_208' title='bbox 663 2455 783 2564; x_wconf 79' lang='grc' dir='ltr'><strong><em>ρανοὺς</em></strong></span> <span class='ocrx_word' id='word_1_209' title='bbox 803 2453 861 2523; x_wconf 85' lang='grc' dir='ltr'><strong>οὐκ</strong></span> <span class='ocrx_word' id='word_1_210' title='bbox 882 2453 968 2524; x_wconf 79' lang='grc' dir='ltr'><strong><em>εῖναι</em></strong></span> <span class='ocrx_word' id='word_1_211' title='bbox 986 2457 1122 2564; x_wconf 64' lang='grc' dir='ltr'><strong><em>νορτούς</em></strong></span> <span class='ocrx_word' id='word_1_212' title='bbox 1138 2480 1251 2544; x_wconf 81' lang='grc' dir='ltr'><strong><em>φασιν,</em></strong></span> 
     </span>
     <span class='ocr_line' id='line_1_27' title="bbox 22 2538 1251 2627; baseline 0 -21"><span class='ocrx_word' id='word_1_213' title='bbox 22 2563 118 2623; x_wconf 83' lang='lat' dir='ltr'><strong>supra</strong></span> <span class='ocrx_word' id='word_1_214' title='bbox 139 2544 251 2606; x_wconf 87' lang='lat' dir='ltr'><strong>eaelum</strong></span> <span class='ocrx_word' id='word_1_215' title='bbox 272 2545 391 2608; x_wconf 84' lang='lat' dir='ltr'><strong>tertium</strong></span> <span class='ocrx_word' id='word_1_216' title='bbox 406 2555 553 2625; x_wconf 84' lang='lat' dir='ltr'><strong>pangunt,</strong></span> <span class='ocrx_word' id='word_1_217' title='bbox 576 2563 611 2606; x_wconf 87' lang='lat' dir='ltr'><strong>ex</strong></span> <span class='ocrx_word' id='word_1_218' title='bbox 665 2538 819 2627; x_wconf 75' lang='grc' dir='ltr'><strong><em>αχχέλους</em></strong></span> <span class='ocrx_word' id='word_1_219' title='bbox 834 2543 870 2607; x_wconf 80' lang='grc' dir='ltr'><strong>δὲ</strong></span> <span class='ocrx_word' id='word_1_220' title='bbox 885 2539 1005 2619; x_wconf 79' lang='grc' dir='ltr'><strong><em>αὐτοὺς</em></strong></span> <span class='ocrx_word' id='word_1_221' title='bbox 1022 2547 1251 2620; x_wconf 71' lang='grc' dir='ltr'><strong><em>υποτίθεντσι,</em></strong></span> 
     </span>
     <span class='ocr_line' id='line_1_28' title="bbox 22 2620 1253 2712; baseline -0.002 -22"><span class='ocrx_word' id='word_1_222' title='bbox 22 2629 112 2690; x_wconf 88' lang='lat' dir='ltr'><strong>euius</strong></span> <span class='ocrx_word' id='word_1_223' title='bbox 127 2629 233 2690; x_wconf 87' lang='lat' dir='ltr'><strong>virtute</strong></span> <span class='ocrx_word' id='word_1_224' title='bbox 249 2629 389 2691; x_wconf 82' lang='lat' dir='ltr'><strong>sumserit</strong></span> <span class='ocrx_word' id='word_1_225' title='bbox 399 2630 490 2691; x_wconf 85' lang='lat' dir='ltr'><strong>ddam</strong></span> <span class='ocrx_word' id='word_1_226' title='bbox 505 2629 612 2689; x_wconf 83' lang='lat' dir='ltr'><strong>dever—</strong></span> <span class='ocrx_word' id='word_1_227' title='bbox 664 2627 718 2692; x_wconf 81' lang='grc' dir='ltr'><strong><em>καὶ</em></strong></span> <span class='ocrx_word' id='word_1_228' title='bbox 734 2624 791 2690; x_wconf 86' lang='grc' dir='ltr'><strong>τὸν</strong></span> <span class='ocrx_word' id='word_1_229' title='bbox 806 2625 1016 2712; x_wconf 80' lang='grc' dir='ltr'><strong><em>Δημιουρχὸν</em></strong></span> <span class='ocrx_word' id='word_1_230' title='bbox 1032 2626 1135 2692; x_wconf 77' lang='grc' dir='ltr'><strong><em>δὲκαὶ</em></strong></span> <span class='ocrx_word' id='word_1_231' title='bbox 1153 2620 1253 2689; x_wconf 78' lang='grc' dir='ltr'><strong><em>αὐτὸν</em></strong></span> 
     </span>
     <span class='ocr_line' id='line_1_29' title="bbox 23 2705 1253 2810; baseline -0.004 -34"><span class='ocrx_word' id='word_1_232' title='bbox 23 2723 112 2776; x_wconf 89' lang='lat' dir='ltr'><strong>satus</strong></span> <span class='ocrx_word' id='word_1_233' title='bbox 137 2713 195 2774; x_wconf 88' lang='lat' dir='ltr'><strong>illie</strong></span> <span class='ocrx_word' id='word_1_234' title='bbox 219 2713 298 2775; x_wconf 87' lang='lat' dir='ltr'><strong>inter</strong></span> <span class='ocrx_word' id='word_1_235' title='bbox 323 2713 482 2775; x_wconf 85' lang='lat' dir='ltr'><strong>nubeculas</strong></span> <span class='ocrx_word' id='word_1_236' title='bbox 509 2721 538 2775; x_wconf 93' lang='lat' dir='ltr'><strong>et</strong></span> <span class='ocrx_word' id='word_1_237' title='bbox 563 2730 614 2772; x_wconf 86' lang='lat' dir='ltr'><strong>ar·</strong></span> <span class='ocrx_word' id='word_1_238' title='bbox 660 2707 816 2794; x_wconf 79' lang='grc' dir='ltr'><strong><em>’Ἀχχελον</em></strong></span> <span class='ocrx_word' id='word_1_239' title='bbox 830 2711 904 2794; x_wconf 82' lang='grc' dir='ltr'><strong>Θεῷ</strong></span> <span class='ocrx_word' id='word_1_240' title='bbox 916 2708 1061 2776; x_wconf 75' lang='grc' dir='ltr'><strong><em>ἐοικότα·</em></strong></span> <span class='ocrx_word' id='word_1_241' title='bbox 1074 2705 1119 2785; x_wconf 86' lang='grc' dir='ltr'><strong>ῶς</strong></span> <span class='ocrx_word' id='word_1_242' title='bbox 1129 2711 1181 2772; x_wconf 82' lang='grc' dir='ltr'><strong><em>καὶ</em></strong></span> <span class='ocrx_word' id='word_1_243' title='bbox 1195 2705 1253 2810; x_wconf 58' lang='grc' dir='ltr'><strong>τὴν</strong></span> 
     </span>
     <span class='ocr_line' id='line_1_30' title="bbox 22 2787 1254 2878; baseline -0.004 -18"><span class='ocrx_word' id='word_1_244' title='bbox 22 2795 194 2860; x_wconf 81' lang='lat' dir='ltr'><strong>liuseulas·.</strong></span> <span class='ocrx_word' id='word_1_245' title='bbox 666 2792 871 2878; x_wconf 80' lang='grc' dir='ltr'><strong><em>παράδεισον</em></strong></span> <span class='ocrx_word' id='word_1_246' title='bbox 889 2787 975 2877; x_wconf 78' lang='grc' dir='ltr'><strong><em>ὑπὲρ</em></strong></span> <span class='ocrx_word' id='word_1_247' title='bbox 989 2796 1100 2878; x_wconf 87' lang='grc' dir='ltr'><strong><em>τρίτον</em></strong></span> <span class='ocrx_word' id='word_1_248' title='bbox 1116 2787 1254 2876; x_wconf 80' lang='grc' dir='ltr'><strong><em>σάρσνσν</em></strong></span> 
     </span>
    </p>

    <p class='ocr_par' dir='ltr' id='par_1_6' title="bbox 31 2873 1257 3752">
     <span class='ocr_line' id='line_1_31' title="bbox 667 2873 1257 2980; baseline -0.005 -37"><span class='ocrx_word' id='word_1_249' title='bbox 667 2875 756 2955; x_wconf 84' lang='grc' dir='ltr'><strong><em>ὄντα,</em></strong></span> <span class='ocrx_word' id='word_1_250' title='bbox 777 2881 932 2960; x_wconf 82' lang='grc' dir='ltr'><strong><em>τέταρτον</em></strong></span> <span class='ocrx_word' id='word_1_251' title='bbox 947 2873 1103 2980; x_wconf 52' lang='grc' dir='ltr'><strong><em>Ἄγγελον</em></strong></span> <span class='ocrx_word' id='word_1_252' title='bbox 1124 2876 1257 2959; x_wconf 67' lang='grc' dir='ltr'><strong><em>λέγουσι</em></strong></span> 
     </span>
     <span class='ocr_line' id='line_1_32' title="bbox 667 2957 1257 3044; baseline -0.003 -18"><span class='ocrx_word' id='word_1_253' title='bbox 667 2957 835 3044; x_wconf 75' lang='grc' dir='ltr'><strong><em>ὑπάρχειν,</em></strong></span> <span class='ocrx_word' id='word_1_254' title='bbox 857 2963 912 3026; x_wconf 79' lang='grc' dir='ltr'><strong><em>καὶ</em></strong></span> <span class='ocrx_word' id='word_1_255' title='bbox 934 2957 1003 3026; x_wconf 88' lang='grc' dir='ltr'><strong>άπο</strong></span> <span class='ocrx_word' id='word_1_256' title='bbox 1022 2958 1140 3026; x_wconf 81' lang='grc' dir='ltr'><strong><em>τούτου</em></strong></span> <span class='ocrx_word' id='word_1_257' title='bbox 1155 2957 1194 3024; x_wconf 87' lang='grc' dir='ltr'><strong>τὸ</strong></span> <span class='ocrx_word' id='word_1_258' title='bbox 1209 2958 1257 3025; x_wconf 85' lang='lat' dir='ltr'><strong>el-</strong></span> 
     </span>
     <span class='ocr_line' id='line_1_33' title="bbox 668 3039 1257 3132; baseline -0.003 -22"><span class='ocrx_word' id='word_1_259' title='bbox 668 3047 809 3132; x_wconf 83' lang='grc' dir='ltr'><strong><em>ληφέναι</em></strong></span> <span class='ocrx_word' id='word_1_260' title='bbox 829 3043 886 3110; x_wconf 86' lang='grc' dir='ltr'><strong>τὸν</strong></span> <span class='ocrx_word' id='word_1_261' title='bbox 897 3039 1006 3130; x_wconf 75' lang='grc' dir='ltr'><strong>Ἀὁάμ</strong></span> <span class='ocrx_word' id='word_1_262' title='bbox 1021 3041 1257 3130; x_wconf 79' lang='grc' dir='ltr'><strong><em>διατετριφότα</em></strong></span> 
     </span>
     <span class='ocr_line' id='line_1_34' title="bbox 670 3123 818 3214; baseline -0.034 -17"><span class='ocrx_word' id='word_1_263' title='bbox 670 3128 704 3197; x_wconf 78' lang='grc' dir='ltr'><strong>ἒν</strong></span> <span class='ocrx_word' id='word_1_264' title='bbox 719 3123 818 3214; x_wconf 78' lang='grc' dir='ltr'><strong><em>αὐτῷ.</em></strong></span> 
     </span>
     <span class='ocr_line' id='line_1_35' title="bbox 271 3249 525 3320; baseline -0.004 -20"><span class='ocrx_word' id='word_1_265' title='bbox 271 3251 328 3315; x_wconf 85' lang='lat' dir='ltr'><strong>Cap.</strong></span> <span class='ocrx_word' id='word_1_266' title='bbox 347 3249 388 3300; x_wconf 82' lang='grc'><strong>21.</strong></span> <span class='ocrx_word' id='word_1_267' title='bbox 520 3313 525 3320; x_wconf 38' lang='grc'><em>,</em></span> 
     </span>
     <span class='ocr_line' id='line_1_36' title="bbox 78 3346 622 3427; baseline -0.007 -15"><span class='ocrx_word' id='word_1_268' title='bbox 78 3350 226 3413; x_wconf 90' lang='lat' dir='ltr'><strong>interdum</strong></span> <span class='ocrx_word' id='word_1_269' title='bbox 261 3350 439 3423; x_wconf 88' lang='lat' dir='ltr'><strong>tenendum,</strong></span> <span class='ocrx_word' id='word_1_270' title='bbox 479 3346 622 3427; x_wconf 88' lang='lat' dir='ltr'><strong>Sophiam</strong></span> 
     </span>
     <span class='ocr_line' id='line_1_37' title="bbox 31 3434 623 3516; baseline -0.012 -17"><span class='ocrx_word' id='word_1_271' title='bbox 31 3434 252 3516; x_wconf 84' lang='lat' dir='ltr'><strong>cognominari,</strong></span> <span class='ocrx_word' id='word_1_272' title='bbox 275 3442 305 3496; x_wconf 84' lang='lat' dir='ltr'><strong>et</strong></span> <span class='ocrx_word' id='word_1_273' title='bbox 325 3443 433 3497; x_wconf 84' lang='lat' dir='ltr'><strong>terram</strong></span> <span class='ocrx_word' id='word_1_274' title='bbox 453 3443 483 3496; x_wconf 88' lang='lat' dir='ltr'><strong>et</strong></span> <span class='ocrx_word' id='word_1_275' title='bbox 497 3439 623 3494; x_wconf 86' lang='lat' dir='ltr'><strong>matrem</strong></span> 
     </span>
     <span class='ocr_line' id='line_1_38' title="bbox 32 3517 623 3602; baseline -0.012 -19"><span class='ocrx_word' id='word_1_276' title='bbox 32 3521 118 3602; x_wconf 88' lang='lat' dir='ltr'><strong>quasi</strong></span> <span class='ocrx_word' id='word_1_277' title='bbox 139 3527 264 3582; x_wconf 89' lang='lat' dir='ltr'><strong>matrem</strong></span> <span class='ocrx_word' id='word_1_278' title='bbox 284 3527 391 3595; x_wconf 85' lang='lat' dir='ltr'><strong>terrae,</strong></span> <span class='ocrx_word' id='word_1_279' title='bbox 413 3527 443 3580; x_wconf 87' lang='lat' dir='ltr'><strong>et</strong></span> <span class='ocrx_word' id='word_1_280' title='bbox 462 3517 543 3599; x_wconf 87' lang='lat' dir='ltr'><strong>quod</strong></span> <span class='ocrx_word' id='word_1_281' title='bbox 557 3533 623 3578; x_wconf 88' lang='lat' dir='ltr'><strong>ma·</strong></span> 
     </span>
     <span class='ocr_line' id='line_1_39' title="bbox 34 3604 622 3685; baseline -0.002 -20"><span class='ocrx_word' id='word_1_282' title='bbox 34 3605 81 3685; x_wconf 85' lang='lat' dir='ltr'><strong>gis</strong></span> <span class='ocrx_word' id='word_1_283' title='bbox 118 3605 215 3666; x_wconf 88' lang='lat' dir='ltr'><strong>rideas</strong></span> <span class='ocrx_word' id='word_1_284' title='bbox 252 3604 340 3666; x_wconf 90' lang='lat' dir='ltr'><strong>etiam</strong></span> <span class='ocrx_word' id='word_1_285' title='bbox 375 3604 512 3685; x_wconf 85' lang='lat' dir='ltr'><strong>spiritum</strong></span> <span class='ocrx_word' id='word_1_286' title='bbox 549 3619 622 3664; x_wconf 85' lang='lat' dir='ltr'><strong>san·</strong></span> 
     </span>
     <span class='ocr_line' id='line_1_40' title="bbox 36 3689 258 3752; baseline -0.009 0"><span class='ocrx_word' id='word_1_287' title='bbox 36 3689 144 3752; x_wconf 71' lang='lat' dir='ltr'><strong>ctuml.</strong></span> <span class='ocrx_word' id='word_1_288' title='bbox 165 3721 200 3731; x_wconf 88' lang='lat'>-</span> <span class='ocrx_word' id='word_1_289' title='bbox 216 3721 258 3732; x_wconf 92' lang='lat'><em>-</em></span> 
     </span>
    </p>
   </div>
   <div class='ocr_carea' id='block_1_6' title="bbox 82 3801 649 4004">
    <p class='ocr_par' dir='ltr' id='par_1_7' title="bbox 82 3801 649 4004">
     <span class='ocr_line' id='line_1_41' title="bbox 274 3801 393 3854; baseline -0.017 0"><span class='ocrx_word' id='word_1_290' title='bbox 274 3803 307 3854; x_wconf 85' lang='lat' dir='ltr'><strong>Ca</strong></span> <span class='ocrx_word' id='word_1_291' title='bbox 328 3839 333 3852; x_wconf 90' lang='lat'><strong>.</strong></span> <span class='ocrx_word' id='word_1_292' title='bbox 351 3801 393 3852; x_wconf 85' lang='grc'><strong>21.</strong></span> 
     </span>
     <span class='ocr_line' id='line_1_42' title="bbox 82 3819 649 4004; baseline 0.002 -42"><span class='ocrx_word' id='word_1_293' title='bbox 82 3901 216 3982; x_wconf 86' lang='lat' dir='ltr'><strong>Alioquin</strong></span> <span class='ocrx_word' id='word_1_294' title='bbox 233 3819 407 3980; x_wconf 68' lang='lat' dir='ltr'><strong>Demiurgus</strong></span> <span class='ocrx_word' id='word_1_295' title='bbox 428 3901 503 3963; x_wconf 88' lang='lat' dir='ltr'><strong>adeo</strong></span> <span class='ocrx_word' id='word_1_296' title='bbox 524 3917 649 4004; x_wconf 68' lang='lat' dir='ltr'><strong>rerum⁸</strong></span> 
     </span>
    </p>
   </div>
   <div class='ocr_carea' id='block_1_7' title="bbox 930 3245 999 3314">
    <p class='ocr_par' dir='ltr' id='par_1_8' title="bbox 930 3245 999 3314">
     <span class='ocr_line' id='line_1_43' title="bbox 930 3245 999 3314; baseline -0.014 -14"><span class='ocrx_word' id='word_1_297' title='bbox 930 3245 956 3314; x_wconf 69' lang='lat' dir='ltr'><strong>a.</strong></span> <span class='ocrx_word' id='word_1_298' title='bbox 975 3249 999 3300; x_wconf 87' lang='lat' dir='ltr'><strong>a.</strong></span> 
     </span>
    </p>
   </div>
   <div class='ocr_carea' id='block_1_8' title="bbox 670 3343 1261 3686">
    <p class='ocr_par' dir='ltr' id='par_1_9' title="bbox 670 3343 1261 3686">
     <span class='ocr_line' id='line_1_44' title="bbox 724 3343 1259 3433; baseline -0.002 -21"><span class='ocrx_word' id='word_1_299' title='bbox 724 3383 767 3395; x_wconf 88' lang='lat'><em>-</em></span> <span class='ocrx_word' id='word_1_300' title='bbox 786 3345 906 3433; x_wconf 77' lang='grc' dir='ltr'><strong><em>ταύτην</em></strong></span> <span class='ocrx_word' id='word_1_301' title='bbox 928 3347 964 3412; x_wconf 80' lang='grc' dir='ltr'><strong>δὲ</strong></span> <span class='ocrx_word' id='word_1_302' title='bbox 984 3343 1043 3432; x_wconf 76' lang='grc' dir='ltr'><strong>τὴν</strong></span> <span class='ocrx_word' id='word_1_303' title='bbox 1060 3351 1184 3432; x_wconf 78' lang='grc' dir='ltr'><strong><em>μητέρα</em></strong></span> <span class='ocrx_word' id='word_1_304' title='bbox 1203 3347 1259 3412; x_wconf 81' lang='grc' dir='ltr'><strong><em>καὶ</em></strong></span> 
     </span>
     <span class='ocr_line' id='line_1_45' title="bbox 670 3425 1258 3518; baseline -0.007 -18"><span class='ocrx_word' id='word_1_305' title='bbox 670 3425 832 3516; x_wconf 79' lang='grc' dir='ltr'><strong><em>Ὀγδοάδα</em></strong></span> <span class='ocrx_word' id='word_1_306' title='bbox 854 3431 1005 3511; x_wconf 79' lang='grc' dir='ltr'><strong><em>καλοῦσι,</em></strong></span> <span class='ocrx_word' id='word_1_307' title='bbox 1036 3433 1089 3498; x_wconf 79' lang='grc' dir='ltr'><strong><em>καὶ</em></strong></span> <span class='ocrx_word' id='word_1_308' title='bbox 1118 3436 1258 3518; x_wconf 77' lang='grc' dir='ltr'><strong><em>Σοφίαν,</em></strong></span> 
     </span>
     <span class='ocr_line' id='line_1_46' title="bbox 673 3511 1261 3602; baseline -0.003 -19"><span class='ocrx_word' id='word_1_309' title='bbox 673 3519 728 3584; x_wconf 76' lang='grc' dir='ltr'><strong><em>καὶ</em></strong></span> <span class='ocrx_word' id='word_1_310' title='bbox 747 3519 816 3602; x_wconf 77' lang='grc' dir='ltr'><strong>Γῆν</strong></span> <span class='ocrx_word' id='word_1_311' title='bbox 838 3551 877 3566; x_wconf 92' lang='lat'>-</span> <span class='ocrx_word' id='word_1_312' title='bbox 901 3553 940 3566; x_wconf 91' lang='lat'><em>-</em></span> <span class='ocrx_word' id='word_1_313' title='bbox 965 3517 1019 3582; x_wconf 76' lang='grc' dir='ltr'><strong><em>καὶ</em></strong></span> <span class='ocrx_word' id='word_1_314' title='bbox 1039 3511 1132 3602; x_wconf 81' lang='grc' dir='ltr'><strong><em>άχιον</em></strong></span> <span class='ocrx_word' id='word_1_315' title='bbox 1153 3516 1261 3581; x_wconf 79' lang='grc' dir='ltr'><strong><em>Πνεῦ-</em></strong></span> 
     </span>
     <span class='ocr_line' id='line_1_47' title="bbox 673 3627 833 3686; baseline -0.006 0"><span class='ocrx_word' id='word_1_316' title='bbox 673 3627 722 3686; x_wconf 73' lang='grc' dir='ltr'><strong>μα</strong></span> <span class='ocrx_word' id='word_1_317' title='bbox 736 3637 776 3652; x_wconf 88' lang='grc'><strong>-·</strong></span> <span class='ocrx_word' id='word_1_318' title='bbox 794 3637 833 3648; x_wconf 92' lang='grc'>-</span> 
     </span>
    </p>
   </div>
   <div class='ocr_carea' id='block_1_9' title="bbox 935 3798 1003 3867">
    <p class='ocr_par' dir='ltr' id='par_1_10' title="bbox 935 3798 1003 3867">
     <span class='ocr_line' id='line_1_48' title="bbox 935 3798 1003 3867; baseline -0.029 -15"><span class='ocrx_word' id='word_1_319' title='bbox 935 3798 961 3867; x_wconf 70' lang='lat' dir='ltr'><strong>o.</strong></span> <span class='ocrx_word' id='word_1_320' title='bbox 980 3803 1003 3852; x_wconf 83' lang='grc' dir='ltr'><strong>ι.</strong></span> 
     </span>
    </p>
   </div>
   <div class='ocr_carea' id='block_1_10' title="bbox 731 3891 1263 3980">
    <p class='ocr_par' dir='ltr' id='par_1_11' title="bbox 731 3891 1263 3980">
     <span class='ocr_line' id='line_1_49' title="bbox 731 3891 1263 3980; baseline -0.008 -18"><span class='ocrx_word' id='word_1_321' title='bbox 731 3934 769 3946; x_wconf 94' lang='grc'>-</span> <span class='ocrx_word' id='word_1_322' title='bbox 791 3933 833 3962; x_wconf 89' lang='lat'><strong>.—</strong></span> <span class='ocrx_word' id='word_1_323' title='bbox 856 3897 913 3964; x_wconf 79' lang='grc' dir='ltr'><strong>διὰ</strong></span> <span class='ocrx_word' id='word_1_324' title='bbox 936 3900 1035 3963; x_wconf 81' lang='grc' dir='ltr'><strong><em>τοῦτο</em></strong></span> <span class='ocrx_word' id='word_1_325' title='bbox 1061 3891 1263 3980; x_wconf 86' lang='grc' dir='ltr'><strong><em>άτονώτερον</em></strong></span> 
     </span>
    </p>
   </div>
   <div class='ocr_carea' id='block_1_11' title="bbox 16 4069 626 4468">
    <p class='ocr_par' dir='ltr' id='par_1_12' title="bbox 16 4069 626 4404">
     <span class='ocr_line' id='line_1_50' title="bbox 76 4069 331 4136; baseline -0.004 -17"><span class='ocrx_word' id='word_1_326' title='bbox 76 4088 98 4136; x_wconf 84' lang='lat' dir='ltr'><strong>q.</strong></span> <span class='ocrx_word' id='word_1_327' title='bbox 117 4071 151 4119; x_wconf 86' lang='lat' dir='ltr'><strong>lle</strong></span> <span class='ocrx_word' id='word_1_328' title='bbox 168 4085 213 4118; x_wconf 86' lang='lat' dir='ltr'><strong>suo</strong></span> <span class='ocrx_word' id='word_1_329' title='bbox 231 4069 331 4119; x_wconf 77' lang='lat' dir='ltr'><strong>addidit¹</strong></span> 
     </span>
     <span class='ocr_line' id='line_1_51' title="bbox 16 4127 626 4202; baseline 0.003 -14"><span class='ocrx_word' id='word_1_330' title='bbox 16 4171 17 4194; x_wconf 47' lang='lat'>2</span> <span class='ocrx_word' id='word_1_331' title='bbox 77 4155 96 4188; x_wconf 88' lang='lat' dir='ltr'><strong>r.</strong></span> <span class='ocrx_word' id='word_1_332' title='bbox 115 4131 293 4202; x_wconf 76' lang='grc' dir='ltr'><strong><em>διακρίναντα</em></strong></span> <span class='ocrx_word' id='word_1_333' title='bbox 310 4130 359 4190; x_wconf 78' lang='grc' dir='ltr'><strong>τάς</strong></span> <span class='ocrx_word' id='word_1_334' title='bbox 382 4129 431 4186; x_wconf 75' lang='lat' dir='ltr'><strong>doio</strong></span> <span class='ocrx_word' id='word_1_335' title='bbox 450 4127 545 4190; x_wconf 72' lang='lat' dir='ltr'><strong>odaiae</strong></span> <span class='ocrx_word' id='word_1_336' title='bbox 562 4147 626 4202; x_wconf 73' lang='lat' dir='ltr'><strong>wr-</strong></span> 
     </span>
     <span class='ocr_line' id='line_1_52' title="bbox 16 4201 439 4350; baseline -0.005 -26"><span class='ocrx_word' id='word_1_337' title='bbox 16 4241 18 4318; x_wconf 58' lang='lat' dir='ltr'><strong>i</strong></span> <span class='ocrx_word' id='word_1_338' title='bbox 42 4201 224 4324; x_wconf 36' lang='lat' dir='ltr'><strong>ametritae</strong></span> <span class='ocrx_word' id='word_1_339' title='bbox 241 4271 299 4350; x_wconf 74' lang='lat' dir='ltr'><strong>legit</strong></span> <span class='ocrx_word' id='word_1_340' title='bbox 317 4271 439 4350; x_wconf 75' lang='lat' dir='ltr'><strong>Rigaltioa.</strong></span> 
     </span>
     <span class='ocr_line' id='line_1_53' title="bbox 16 4341 430 4404; baseline -0.01 -12"><span class='ocrx_word' id='word_1_341' title='bbox 16 4375 17 4402; x_wconf 75' lang='grc'><strong><em>,</em></strong></span> <span class='ocrx_word' id='word_1_342' title='bbox 78 4351 94 4392; x_wconf 87' lang='lat' dir='ltr'><strong>t.</strong></span> <span class='ocrx_word' id='word_1_343' title='bbox 112 4341 272 4404; x_wconf 81' lang='lat' dir='ltr'><strong>Transposutt</strong></span> <span class='ocrx_word' id='word_1_344' title='bbox 289 4347 430 4389; x_wconf 76' lang='lat' dir='ltr'><strong>sententies.</strong></span> 
     </span>
    </p>

    <p class='ocr_par' dir='ltr' id='par_1_13' title="bbox 79 4405 526 4468">
     <span class='ocr_line' id='line_1_54' title="bbox 79 4405 526 4468; baseline -0.007 -9"><span class='ocrx_word' id='word_1_345' title='bbox 79 4425 102 4460; x_wconf 88' lang='lat' dir='ltr'><strong>o.</strong></span> <span class='ocrx_word' id='word_1_346' title='bbox 119 4414 199 4458; x_wconf 71' lang='lat' dir='ltr'><strong>nector</strong></span> <span class='ocrx_word' id='word_1_347' title='bbox 218 4407 371 4456; x_wconf 82' lang='lat' dir='ltr'><strong>hauddubie</strong></span> <span class='ocrx_word' id='word_1_348' title='bbox 390 4405 526 4468; x_wconf 81' lang='lat' dir='ltr'><strong>legendum.</strong></span> 
     </span>
    </p>
   </div>
   <div class='ocr_carea' id='block_1_12' title="bbox 677 4067 1265 4202">
    <p class='ocr_par' dir='ltr' id='par_1_14' title="bbox 677 4067 1265 4202">
     <span class='ocr_line' id='line_1_55' title="bbox 677 4067 1265 4134; baseline -0.007 -14"><span class='ocrx_word' id='word_1_349' title='bbox 677 4069 743 4120; x_wconf 79' lang='lat' dir='ltr'><strong>tinas</strong></span> <span class='ocrx_word' id='word_1_350' title='bbox 762 4071 880 4134; x_wconf 80' lang='lat' dir='ltr'><strong>interpres</strong></span> <span class='ocrx_word' id='word_1_351' title='bbox 900 4067 992 4118; x_wconf 84' lang='lat' dir='ltr'><strong>irenaei</strong></span> <span class='ocrx_word' id='word_1_352' title='bbox 1012 4067 1083 4116; x_wconf 79' lang='lat' dir='ltr'><strong>habet</strong></span> <span class='ocrx_word' id='word_1_353' title='bbox 1101 4067 1265 4128; x_wconf 73' lang='lat' dir='ltr'><strong>lrclaopetom</strong></span> 
     </span>
     <span class='ocr_line' id='line_1_56' title="bbox 677 4145 791 4202; baseline -0.026 -13"><span class='ocrx_word' id='word_1_354' title='bbox 677 4145 791 4202; x_wconf 66' lang='lat' dir='ltr'><strong>wion,</strong></span> 
     </span>
    </p>
   </div>
   <div class='ocr_carea' id='block_1_13' title="bbox 678 4231 1264 4356">
    <p class='ocr_par' dir='ltr' id='par_1_15' title="bbox 678 4231 1264 4356">
     <span class='ocr_line' id='line_1_57' title="bbox 711 4231 1264 4298; baseline -0.009 -11"><span class='ocrx_word' id='word_1_355' title='bbox 711 4252 733 4289; x_wconf 84' lang='grc' dir='ltr'><strong>ι.</strong></span> <span class='ocrx_word' id='word_1_356' title='bbox 751 4237 795 4288; x_wconf 86' lang='lat' dir='ltr'><strong>llic</strong></span> <span class='ocrx_word' id='word_1_357' title='bbox 813 4235 901 4286; x_wconf 83' lang='lat' dir='ltr'><strong>multas</strong></span> <span class='ocrx_word' id='word_1_358' title='bbox 920 4249 995 4298; x_wconf 79' lang='lat' dir='ltr'><strong>noges</strong></span> <span class='ocrx_word' id='word_1_359' title='bbox 1013 4235 1089 4285; x_wconf 79' lang='lat' dir='ltr'><strong>serias</strong></span> <span class='ocrx_word' id='word_1_360' title='bbox 1100 4231 1264 4286; x_wconf 73' lang='lat' dir='ltr'><strong>Tertullianus</strong></span> 
     </span>
     <span class='ocr_line' id='line_1_58' title="bbox 678 4304 863 4356; baseline -0.027 0"><span class='ocrx_word' id='word_1_361' title='bbox 678 4304 743 4356; x_wconf 78' lang='lat' dir='ltr'><strong>addit</strong></span> <span class='ocrx_word' id='word_1_362' title='bbox 761 4305 791 4355; x_wconf 86' lang='lat' dir='ltr'><strong>de</strong></span> <span class='ocrx_word' id='word_1_363' title='bbox 809 4319 863 4354; x_wconf 82' lang='lat' dir='ltr'><strong>ooo.</strong></span> 
     </span>
    </p>
   </div>
   <div class='ocr_carea' id='block_1_14' title="bbox 16 4401 1268 4674">
    <p class='ocr_par' dir='ltr' id='par_1_16' title="bbox 16 4401 1268 4674">
     <span class='ocr_line' id='line_1_59' title="bbox 714 4401 1267 4454; baseline -0.009 1"><span class='ocrx_word' id='word_1_364' title='bbox 714 4406 738 4454; x_wconf 86' lang='lat' dir='ltr'><strong>b.</strong></span> <span class='ocrx_word' id='word_1_365' title='bbox 757 4405 843 4454; x_wconf 82' lang='lat' dir='ltr'><strong>Parum</strong></span> <span class='ocrx_word' id='word_1_366' title='bbox 854 4402 986 4453; x_wconf 78' lang='lat' dir='ltr'><strong>verecunde</strong></span> <span class='ocrx_word' id='word_1_367' title='bbox 1002 4401 1107 4452; x_wconf 80' lang='lat' dir='ltr'><strong>locator:</strong></span> <span class='ocrx_word' id='word_1_368' title='bbox 1127 4401 1267 4452; x_wconf 77' lang='lat' dir='ltr'><strong>omnesnlo-</strong></span> 
     </span>
     <span class='ocr_line' id='line_1_60' title="bbox 79 4465 1263 4538; baseline -0.008 -12"><span class='ocrx_word' id='word_1_369' title='bbox 79 4491 100 4526; x_wconf 79' lang='grc' dir='ltr'><strong>τ.</strong></span> <span class='ocrx_word' id='word_1_370' title='bbox 117 4476 232 4525; x_wconf 74' lang='lat' dir='ltr'><strong>interdum</strong></span> <span class='ocrx_word' id='word_1_371' title='bbox 249 4477 346 4538; x_wconf 71' lang='grc' dir='ltr'><strong><em>[ιαἰικι,</em></strong></span> <span class='ocrx_word' id='word_1_372' title='bbox 365 4465 552 4524; x_wconf 67' lang='grc' dir='ltr'><strong><em>ὑποτίθενται.</em></strong></span> <span class='ocrx_word' id='word_1_373' title='bbox 680 4487 759 4523; x_wconf 72' lang='lat' dir='ltr'><strong>eorem</strong></span> <span class='ocrx_word' id='word_1_374' title='bbox 776 4473 922 4521; x_wconf 64' lang='lat' dir='ltr'><strong>comminuet</strong></span> <span class='ocrx_word' id='word_1_375' title='bbox 939 4473 1044 4534; x_wconf 71' lang='lat' dir='ltr'><strong>(minae,</strong></span> <span class='ocrx_word' id='word_1_376' title='bbox 1062 4475 1118 4534; x_wconf 73' lang='lat' dir='ltr'><strong>pulo</strong></span> <span class='ocrx_word' id='word_1_377' title='bbox 1129 4475 1150 4517; x_wconf 82' lang='lat' dir='ltr'><strong>et</strong></span> <span class='ocrx_word' id='word_1_378' title='bbox 1161 4468 1263 4528; x_wconf 77' lang='grc' dir='ltr'><strong><em>οαοακ,</em></strong></span> 
     </span>
     <span class='ocr_line' id='line_1_61' title="bbox 81 4534 1268 4606; baseline -0.008 -13"><span class='ocrx_word' id='word_1_379' title='bbox 81 4559 101 4606; x_wconf 75' lang='grc' dir='ltr'><strong>χ,</strong></span> <span class='ocrx_word' id='word_1_380' title='bbox 119 4542 206 4593; x_wconf 78' lang='lat' dir='ltr'><strong>Omisit</strong></span> <span class='ocrx_word' id='word_1_381' title='bbox 223 4543 391 4602; x_wconf 71' lang='lat' dir='ltr'><strong>deopimilem.</strong></span> <span class='ocrx_word' id='word_1_382' title='bbox 680 4555 710 4588; x_wconf 75' lang='lat' dir='ltr'><strong>ne</strong></span> <span class='ocrx_word' id='word_1_383' title='bbox 732 4540 834 4589; x_wconf 65' lang='lat' dir='ltr'><strong>ditm</strong></span> <span class='ocrx_word' id='word_1_384' title='bbox 856 4546 939 4588; x_wconf 81' lang='lat' dir='ltr'><strong>cetero.</strong></span> <span class='ocrx_word' id='word_1_385' title='bbox 974 4538 1065 4599; x_wconf 80' lang='lat' dir='ltr'><strong>Nempe</strong></span> <span class='ocrx_word' id='word_1_386' title='bbox 1091 4535 1179 4585; x_wconf 72' lang='lat' dir='ltr'><strong>atione</strong></span> <span class='ocrx_word' id='word_1_387' title='bbox 1208 4534 1268 4584; x_wconf 80' lang='lat' dir='ltr'><strong>iocis</strong></span> 
     </span>
     <span class='ocr_line' id='line_1_62' title="bbox 16 4599 1267 4674; baseline -0.006 -16"><span class='ocrx_word' id='word_1_388' title='bbox 16 4645 18 4674; x_wconf 84' lang='grc'><strong><em>,</em></strong></span> <span class='ocrx_word' id='word_1_389' title='bbox 80 4625 99 4660; x_wconf 84' lang='grc' dir='ltr'><strong>ι.</strong></span> <span class='ocrx_word' id='word_1_390' title='bbox 118 4611 143 4660; x_wconf 96' lang='lat' dir='ltr'><strong>ln</strong></span> <span class='ocrx_word' id='word_1_391' title='bbox 161 4623 248 4672; x_wconf 83' lang='lat' dir='ltr'><strong>graeoo</strong></span> <span class='ocrx_word' id='word_1_392' title='bbox 267 4599 449 4674; x_wconf 73' lang='grc' dir='ltr'><strong><em>ετιἌχχιλον.</em></strong></span> <span class='ocrx_word' id='word_1_393' title='bbox 485 4607 534 4658; x_wconf 81' lang='lat' dir='ltr'><strong>Sed</strong></span> <span class='ocrx_word' id='word_1_394' title='bbox 552 4616 576 4658; x_wconf 83' lang='lat' dir='ltr'><strong>et</strong></span> <span class='ocrx_word' id='word_1_395' title='bbox 593 4608 629 4657; x_wconf 83' lang='lat' dir='ltr'><strong>la·</strong></span> <span class='ocrx_word' id='word_1_396' title='bbox 681 4621 744 4671; x_wconf 86' lang='lat' dir='ltr'><strong>epm</strong></span> <span class='ocrx_word' id='word_1_397' title='bbox 763 4615 821 4656; x_wconf 77' lang='lat' dir='ltr'><strong>erat,</strong></span> <span class='ocrx_word' id='word_1_398' title='bbox 841 4599 948 4658; x_wconf 79' lang='lat' dir='ltr'><strong>Gnostlei</strong></span> <span class='ocrx_word' id='word_1_399' title='bbox 966 4619 995 4654; x_wconf 81' lang='lat' dir='ltr'><strong>eo</strong></span> <span class='ocrx_word' id='word_1_400' title='bbox 1013 4604 1197 4654; x_wconf 78' lang='lat' dir='ltr'><strong>detenebantur.</strong></span> <span class='ocrx_word' id='word_1_401' title='bbox 1217 4602 1267 4651; x_wconf 82' lang='lat' dir='ltr'><strong>lain</strong></span> 
     </span>
    </p>
   </div>
   <div class='ocr_carea' id='block_1_15' title="bbox 0 0 1542 5220">
    <p class='ocr_par' dir='ltr' id='par_1_17' title="bbox 0 0 1542 5220">
     <span class='ocr_line' id='line_1_63' title="bbox 0 0 1542 5220; baseline 0 0"><span class='ocrx_word' id='word_1_402' title='bbox 0 0 1542 5220; x_wconf 95' lang='lat' dir='ltr'><strong> </strong></span> 
     </span>
    </p>
   </div>
  </div>
 </body>
</html>
