3082 5238
254 349 316 412 562
338 367 376 408 os
390 365 464 408 vam
478 357 592 409 aurare
606 367 642 408 ac
657 365 805 410 occanum
819 365 1006 410 scnreronuu
1021 363 1217 408 rsaruccnm
1232 362 1417 408 orsrorarrc

252 514 361 576 librum
383 515 420 577 de
434 514 602 576 ldololatria
622 514 782 594 pertinere.
811 514 907 594 htque
928 514 976 576 hic
998 531 1053 594 ego
1076 533 1136 576 nou
1157 507 1231 592 puto
1251 531 1387 576 necesse
1408 531 1486 578 esar.

254 607 288 674 ut
308 599 524 677 respondeatur
545 599 582 660 ad
604 616 648 670 ea,
671 616 746 676 qnae
766 598 860 659 voluit
874 597 1091 672 Tibemoutius,
1115 599 1194 660 hunc
1209 597 1321 660 librum
1337 596 1486 674 scriptun

254 699 321 744 esse
350 682 582 755 aTertubiano,
609 689 767 761 postquam
795 682 861 762 ipse
888 701 983 744 novae
1010 681 1134 744 alicuius
1156 691 1253 742 sectae
1277 691 1389 742 auctor
1412 683 1485 742 exti-

253 766 350 826 tisset.
396 767 484 839 Quod
515 766 625 845 absque
657 765 773 826 ratione
805 766 886 826 omni
918 765 1085 826 detenditur
1117 773 1146 826 et
1173 773 1218 826 cst
1240 765 1277 828 ab
1300 765 1486 826 lloh'manno

254 851 435 912 contutatum
464 850 555 924 (biso.
579 850 627 910 cit
651 853 680 926 ἦ.
703 848 778 910 Vlll.
800 869 829 928 p.
854 853 929 925 ab),
958 849 1008 929 qui
1036 850 1068 910 in
1097 848 1278 928 argumentis
1307 867 1349 909 ex
1379 850 1485 928 quibus

254 935 383 995 eruenda
411 942 457 995 est
484 934 552 994 libri
574 942 654 995 aetas
676 933 831 994 nobiscum
854 935 916 994 lere
938 933 1095 1006 consentit,
1125 933 1165 994 ita
1187 941 1286 994 tamen
1310 941 1347 992 ut
1370 952 1390 992 a
1413 934 1485 993 Τει-

253 1017 373 1078 tulliano
406 1018 585 1080 Montanista
616 1018 698 1078 illum
729 1017 878 1078 existimet
909 1017 1062 1096 scriptum.
1107 1017 1189 1089 Quae
1222 1017 1349 1096 quidem
1388 1017 1485 1095 opinio

253 1109 333 1162 stare
354 1121 416 1163 non
438 1110 547 1181 potest,
570 1101 597 1162 si
618 1119 721 1163 verum
743 1111 790 1162 cst
811 1101 851 1173 id,
880 1101 960 1180 quod
983 1101 1120 1181 superius
1143 1100 1303 1179 probatum
1332 1101 1484 1170 dedimus

252 1201 314 1245 non
336 1186 393 1247 nisi
415 1207 442 1248 a.
465 1187 521 1248 CC.
544 1205 611 1248 eum
633 1204 666 1247 se
689 1185 910 1246 contubssead
932 1185 1116 1265 disciplinam
1132 1185 1273 1246 Montani.
1318 1184 1434 1264 Neque
1454 1185 1485 1245 ad

254 1281 318 1330 eam
346 1271 539 1332 asserendam
565 1270 642 1331 bene
669 1269 865 1331 llollmannns
894 1268 1028 1330 adhibuit
1054 1268 1151 1330 locum
1181 1269 1363 1330 Tertulliani
1394 1269 1484 1348 ipsivs

253 1353 302 1426 (de
324 1355 397 1415 ldol.
420 1374 484 1434 cap.
508 1357 576 1419 22:
606 1354 698 1417 Multi
724 1355 827 1415 dicum
864 1372 949 1416 nemo
978 1373 1011 1415 ac
1033 1355 1116 1416 debet
1134 1353 1369 1434 promathcrc),
1403 1373 1485 1432 quem

253 1437 314 1500 vult
341 1439 498 1512 indicasse,
529 1438 609 1516 quod
642 1437 731 1500 luerit
752 1438 810 1498 iam
833 1447 895 1499 tum
918 1438 996 1498 inter
1017 1438 1209 1499 Montanistas
1232 1446 1263 1498 et
1285 1437 1484 1498 Orthodoxor

254 1523 387 1600 quaestio
414 1524 520 1602 agitata
549 1523 674 1600 defuga
702 1521 732 1582 in
760 1523 980 1601 persecutione.
1024 1521 1136 1600 Nempe
1157 1521 1221 1600 ipsa
1244 1521 1346 1581 series
1373 1525 1485 1582 oratio·

253 1605 301 1666 nis
335 1606 372 1666 de
390 1608 487 1684 omni
519 1607 676 1684 negatione
708 1606 776 1667 lidei
809 1625 978 1692 sermonem
1006 1624 1074 1667 esse
1103 1605 1199 1678 docet,
1231 1623 1331 1684 neque
1359 1606 1403 1666 de
1426 1609 1483 1683 top

274 1689 350 1761 nice,
384 1700 414 1752 et
446 1711 481 1752 cx
516 1690 718 1770 antiquissima
746 1697 880 1752 veterum
903 1689 1138 1752 Christianorum
1160 1689 1297 1760 historia,
1333 1690 1433 1751 veluti
1455 1709 1484 1749 ea

267 1773 359 1850 gnatii
385 1793 420 1836 ac
440 1774 591 1854 Polycarpi
620 1775 772 1853 exemplo,
800 1782 935 1856 apparet,
964 1774 1097 1834 diversas
1125 1773 1204 1834 inter
1231 1773 1320 1851 ipsos
1353 1775 1483 1853 purioris

274 1857 405 1918 octrinae
429 1858 613 1920 Christianos
636 1876 670 1918 ea
692 1859 729 1920 de
751 1877 785 1919 re
806 1857 901 1920 luisse
923 1857 1096 1919 sententias.
1126 1857 1186 1918 Sed
1208 1867 1304 1917 ortem
1329 1858 1415 1919 hanc
1431 1859 1483 1920 01-

265 1939 403 2002 hodoros
429 1942 508 2002 inter
535 1951 565 2002 et
584 1943 778 2004 Monunistas
801 1942 1030 2022 disputationem
1053 1959 1090 2002 ex
1111 1943 1186 2003 lecto
1209 1940 1326 2014 militis,
1358 1943 1415 2022 qui
1437 1963 1483 2002 co-

271 2043 360 2085 onam
381 2026 509 2088 lauream
531 2027 696 2103 repudiavit
717 2027 850 2106 adeoque
873 2027 951 2087 hunc
971 2026 1080 2087 librum
1101 2033 1170 2104 post
1192 2043 1269 2098 eum,
1293 2026 1348 2104 qui
1376 2037 1427 2086 est
1452 2027 1480 2084 ιιι

254 2107 381 2182 Corona,
410 2109 552 2188 seriptum
575 2125 652 2178 esse,
675 2109 703 2168 id
726 2129 798 2171 vero
821 2117 868 2170 cst
889 2109 1038 2182 hariolari,
1067 2109 1285 2188 conprobare,
1318 2111 1415 2188 quale
1437 2129 1481 2189 ge

254 2209 311 2250 nus
334 2191 556 2272 argumentandi
578 2190 666 2252 debet
687 2190 722 2253 ab
746 2195 827 2255 omni
849 2193 1048 2272 disputatione
1070 2193 1283 2254 alienissimum
1308 2213 1399 2254 esse.

799 2395 828 2469 a.
858 2392 930 2454 xvi.

339 2529 478 2607 Sequitur
507 2527 743 2606 elegantissimus
765 2528 984 2607 Apologeticus‚
1016 2546 1102 2607 quem
1129 2527 1274 2589 librorum
1305 2529 1482 2592 'l'ertulliam¹

254 2621 284 2676 et
311 2613 443 2674 doctrina
471 2620 500 2674 et
527 2610 654 2673 candore
681 2613 970 2689 praestantissimum
998 2613 1092 2674 audeo
1121 2610 1228 2673 dicere.
1274 2612 1375 2675 Cuius
1410 2625 1481 2675 aeta

204 2711 214 2726 ‘¹
252 2697 372 2760 tametsi
394 2696 515 2776 copiose
537 2696 684 2774 disputata
707 2694 746 2756 sit
767 2695 803 2756 ab
825 2696 973 2768 omnibus,
998 2696 1048 2774 qui
1071 2703 1187 2756 ceteros
1203 2697 1292 2758 etiam
1307 2696 1415 2759 libros
1430 2717 1482 2759 uon

141 2785 144 2792 '
254 2783 386 2861 tetigere,
415 2782 541 2844 maxime
568 2799 584 2840 a
607 2779 782 2852 lloshemio,
811 2781 1029 2859 elegantissimo
1059 2781 1133 2852 viro,
1162 2778 1208 2841 cui
1236 2780 1266 2839 ιιι
1289 2781 1354 2842 boc
1379 2803 1481 2862 genere

252 2866 364 2946 primae
386 2865 547 2926 debentur:
570 2872 668 2924 tamen
690 2873 761 2942 post
782 2864 866 2925 istam
889 2881 1020 2925 messem
1042 2864 1110 2926 licet
1131 2863 1227 2942 spicas
1248 2867 1404 2942 quasdam
1428 2867 1480 2928 eol-

252 2950 351 3028 ligere,
374 2958 471 3028 atque,
493 2947 713 3028 praetermissis
735 2947 783 3018 iis,
806 2967 880 3026 quae
902 2947 1076 3009 doctissime
1100 2941 1169 3009 ¹sum
1191 2947 1266 3008 dicta
1282 2948 1321 3008 ab
1340 2949 1393 3022 eo,
1418 2951 1480 3012 bre

252 3033 382 3102 vissime,
403 3051 490 3112 quam
512 3033 674 3112 possimus,
696 3031 785 3092 veluti
806 3050 861 3111 per
882 3033 990 3110 gradum
1023 3031 1229 3092 adscendcudo
1262 3051 1344 3110 quae
1367 3035 1431 3096 ista
1452 3037 1481 3094 de

252 3135 285 3176 re
307 3117 430 3178 dicenda
452 3115 596 3177 habemus
629 3133 787 3194 exponere.
831 3115 963 3177 Primum
984 3116 1073 3194 igitur
1095 3115 1216 3188 nemini,
1238 3117 1290 3194 qui
1314 3117 1375 3179 luit
1400 3119 1431 3180 in
1453 3139 1481 3180 er

252 3199 328 3260 libro
357 3201 508 3262 tractando
536 3219 603 3261 cum
626 3219 695 3261 cura
717 3199 813 3278 aliqua
835 3209 980 3274 versatus,
1009 3208 1107 3278 potest
1128 3217 1196 3260 esse
1217 3198 1401 3276 obscurum,
1431 3203 1481 3264 isto

253 3291 387 3359 tempore
420 3284 551 3344 nondum
585 3284 676 3345 luisse
707 3283 802 3362 legem
836 3283 938 3345 Severi
972 3295 1074 3345 contra
1107 3283 1290 3344 Christianos
1326 3287 1479 3349 emissam.

252 3365 383 3442 Namque
409 3366 488 3428 hunc
509 3367 615 3427 librum
648 3367 801 3428 offerendo
833 3368 1020 3446 praesidibus
1053 3368 1119 3446 quis
1141 3367 1241 3428 credet
1262 3367 1479 3432 Tertullianum

252 3447 289 3507 ab
311 3446 348 3506 iis
371 3457 524 3525 expectare
545 3450 691 3528 potuisse,
712 3460 745 3513 ut
765 3453 840 3513 iram
861 3451 1003 3513 adversus
1018 3451 1203 3513 Christianos
1225 3461 1410 3531 conceptam
1428 3475 1479 3516 uon

254 3528 422 3608 mitigarent
437 3533 542 3604 solum,
567 3535 620 3594 sed
645 3535 731 3612 plane
746 3535 930 3614 deponerent
951 3535 1190 3614 dimitterentque
1206 3555 1259 3596 eos
1275 3535 1479 3600 innocentes?

253 3614 280 3676 si
308 3621 405 3674 umen
432 3616 617 3693 praesidibus
645 3619 790 3696 agendum
812 3620 919 3682 luisset
940 3621 1102 3682 secundum
1124 3619 1225 3680 Severi
1246 3619 1342 3697 leges,
1374 3642 1393 3683 a
1419 3623 1480 3702 qui-

252 3699 308 3760 bus
331 3715 386 3758 nec
407 3697 513 3761 licebat
532 3701 578 3762 vel
599 3703 689 3763 latum
710 3721 837 3782 unguem
860 3704 1016 3778 recedere3
1038 3703 1212 3781 praesertim
1232 3721 1299 3764 cum
1316 3717 1478 3772 constaret

252 3790 359 3860 quanta
380 3781 536 3844 acerbitate
558 3786 724 3860 ususolim
746 3788 852 3848 fuisset
872 3787 1015 3849 adversus
1038 3805 1101 3862 eos,
1123 3805 1200 3866 quos
1221 3787 1416 3852 intellexerat
1438 3795 1477 3851 ol·

252 3867 319 3928 licio
341 3865 446 3927 iudicis
469 3867 547 3927 haud
568 3869 643 3930 bene
665 3871 820 3932 defunctos
842 3873 887 3946 (V.
910 3871 1098 3952 spartianum
1119 3871 1151 3931 in
1174 3871 1240 3932 Ser.
1264 3891 1289 3932 c.
1313 3874 1374 3947 8.).
1424 3875 1476 3935 Ne-

253 3969 310 4028 que
331 3969 402 4011 vero
424 3949 533 4010 mirum
556 3953 602 4010 cui
625 3953 717 4015 rideri
738 3955 835 4028 debet,
859 3956 885 4018 si
907 3956 1058 4035 praesides
1081 3974 1147 4017 cum
1161 3955 1247 4034 plebe
1263 3956 1322 4016 soli
1339 3957 1477 4020 iniuriosi

253 4035 373 4096 fuerumt
394 4035 425 4096 in
447 4033 642 4106 Christianos,
664 4055 750 4112 quam
774 4039 812 4099 ob
834 4058 898 4101 rem
920 4057 980 4100 nou
1003 4039 1039 4100 ad
1062 4041 1218 4102 Caesarem
1239 4039 1340 4117 ipsum
1358 4041 1477 4104 Tertul-

251 4116 347 4178 lianus
369 4117 582 4196 provocaverit,
606 4135 698 4196 seque
721 4121 878 4184 Christiani
899 4125 1066 4201 receperint
1085 4125 1116 4185 in
1139 4123 1202 4186 eius
1223 4123 1375 4186 tumlam?
1411 4127 1476 4188 Ele

252 4199 314 4260 nim
337 4199 363 4260 si
386 4200 546 4261 Christiani
568 4201 724 4263 occasione
747 4222 860 4278 comm,
883 4207 933 4286 qui
954 4215 1077 4286 propter
1097 4207 1179 4286 Nigri
1192 4207 1352 4287 hlbiuiqne
1374 4213 1476 4272 amici·

254 4282 322 4344 tiam
349 4283 561 4360 plectebantur,
590 4293 711 4346 auctore
737 4287 901 4361 Plautiano,
928 4309 1017 4352 omne
1035 4293 1238 4353 'calamitatum
1265 4311 1364 4369 genus
1386 4297 1476 4356 susti-

254 4373 398 4439 nuerunt,
432 4368 498 4428 talis
532 4370 568 4430 ad
601 4370 757 4432 Caesarem
788 4374 958 4450 provocabo
989 4383 1112 4454 propter
1143 4393 1288 4436 summam
1320 4377 1479 4448 Plautiani,

250 4449 402 4529 practorio
430 4453 580 4529 praelecti,
613 4455 818 4516 auctoritatem
840 4455 936 4516 locum
959 4475 1019 4517 non
1041 4461 1148 4520 luisset
1168 4459 1318 4532 habitura,
1352 4481 1395 4522 ne
1421 4473 1475 4524 tum

252 4532 380 4614 quidem,
395 4533 422 4596 si
435 4535 508 4597 lacta
531 4546 610 4598 esset
630 4539 667 4599 ad
689 4538 786 4618 ipsum
797 4539 991 4616 Plautianum,
1003 4541 1285 4622 impotentissimum
1295 4545 1475 4608 crudelissi·

1519 905 1521 994 l
