<?xml version="1.0" encoding="UTF-8"?>
<!DOCTYPE html PUBLIC "-//W3C//DTD XHTML 1.0 Transitional//EN"
    "http://www.w3.org/TR/xhtml1/DTD/xhtml1-transitional.dtd">
<html xmlns="http://www.w3.org/1999/xhtml" xml:lang="en" lang="en">
 <head>
  <title>
</title>
<meta http-equiv="Content-Type" content="text/html;charset=utf-8" />
  <meta name='ocr-system' content='tesseract 3.04.00' />
  <meta name='ocr-capabilities' content='ocr_page ocr_carea ocr_par ocr_line ocrx_word'/>
</head>
<body>
  <div class='ocr_page' id='page_1' title='image "./quaesupersuntom01oehlgoog_0533.png"; bbox 0 0 3078 5248; ppageno 0'>
   <div class='ocr_carea' id='block_1_1' title="bbox 273 393 1357 456">
    <p class='ocr_par' dir='ltr' id='par_1_1' title="bbox 273 393 1357 456">
     <span class='ocr_line' id='line_1_1' title="bbox 273 393 1357 456; baseline -0.004 0"><span class='ocrx_word' id='word_1_1' title='bbox 273 393 341 456; x_wconf 81' lang='lat'><strong>528</strong></span> <span class='ocrx_word' id='word_1_2' title='bbox 468 410 562 452; x_wconf 79' lang='lat' dir='ltr'><strong>orm</strong></span> <span class='ocrx_word' id='word_1_3' title='bbox 576 409 770 453; x_wconf 75' lang='grc' dir='ltr'>τιτυιιωιι</span> <span class='ocrx_word' id='word_1_4' title='bbox 784 409 875 452; x_wconf 78' lang='lat' dir='ltr'><strong>oms</strong></span> <span class='ocrx_word' id='word_1_5' title='bbox 889 409 920 450; x_wconf 81' lang='grc' dir='ltr'><strong>ιιι</strong></span> <span class='ocrx_word' id='word_1_6' title='bbox 934 409 1123 451; x_wconf 67' lang='lat' dir='ltr'><strong>semmuro</strong></span> <span class='ocrx_word' id='word_1_7' title='bbox 1137 410 1258 452; x_wconf 75' lang='lat' dir='ltr'><strong>snum</strong></span> <span class='ocrx_word' id='word_1_8' title='bbox 1271 411 1357 453; x_wconf 81' lang='lat' dir='ltr'><strong>rmum</strong></span> 
     </span>
    </p>
   </div>
   <div class='ocr_carea' id='block_1_2' title="bbox 277 559 1449 2654">
    <p class='ocr_par' dir='ltr' id='par_1_2' title="bbox 277 559 1449 2654">
     <span class='ocr_line' id='line_1_2' title="bbox 279 559 1444 639; baseline -0.003 -15"><span class='ocrx_word' id='word_1_9' title='bbox 279 565 366 624; x_wconf 83' lang='lat' dir='ltr'><strong>nius·</strong></span> <span class='ocrx_word' id='word_1_10' title='bbox 393 571 423 623; x_wconf 87' lang='lat' dir='ltr'><strong>et</strong></span> <span class='ocrx_word' id='word_1_11' title='bbox 442 559 589 620; x_wconf 79' lang='lat' dir='ltr'><strong>Allixius·</strong></span> <span class='ocrx_word' id='word_1_12' title='bbox 617 559 828 620; x_wconf 85' lang='lat' dir='ltr'><strong>crediderunt·</strong></span> <span class='ocrx_word' id='word_1_13' title='bbox 857 560 997 632; x_wconf 83' lang='lat' dir='ltr'><strong>Quamvis</strong></span> <span class='ocrx_word' id='word_1_14' title='bbox 1019 561 1148 622; x_wconf 87' lang='lat' dir='ltr'><strong>enimet</strong></span> <span class='ocrx_word' id='word_1_15' title='bbox 1169 559 1308 620; x_wconf 84' lang='lat' dir='ltr'><strong>bicliber</strong></span> <span class='ocrx_word' id='word_1_16' title='bbox 1326 563 1444 639; x_wconf 63' lang='lat' dir='ltr'><strong>martyrio-</strong></span> 
     </span>
     <span class='ocr_line' id='line_1_3' title="bbox 277 644 1445 724; baseline -0.003 -15"><span class='ocrx_word' id='word_1_17' title='bbox 277 667 345 709; x_wconf 89' lang='lat' dir='ltr'><strong>rum</strong></span> <span class='ocrx_word' id='word_1_18' title='bbox 367 645 570 708; x_wconf 81' lang='lat' dir='ltr'><strong>necessitatem</strong></span> <span class='ocrx_word' id='word_1_19' title='bbox 591 644 759 724; x_wconf 85' lang='lat' dir='ltr'><strong>praecipiat,</strong></span> <span class='ocrx_word' id='word_1_20' title='bbox 782 653 828 705; x_wconf 88' lang='lat' dir='ltr'><strong>est</strong></span> <span class='ocrx_word' id='word_1_21' title='bbox 847 653 946 706; x_wconf 78' lang='lat' dir='ltr'><strong>tarum</strong></span> <span class='ocrx_word' id='word_1_22' title='bbox 966 655 1068 706; x_wconf 87' lang='lat' dir='ltr'><strong>contra</strong></span> <span class='ocrx_word' id='word_1_23' title='bbox 1089 645 1263 715; x_wconf 73' lang='lat' dir='ltr'><strong>bametioos,</strong></span> <span class='ocrx_word' id='word_1_24' title='bbox 1284 645 1330 724; x_wconf 84' lang='lat' dir='ltr'><strong>qui</strong></span> <span class='ocrx_word' id='word_1_25' title='bbox 1347 663 1445 706; x_wconf 72' lang='lat' dir='ltr'><strong>emoc-</strong></span> 
     </span>
     <span class='ocr_line' id='line_1_4' title="bbox 280 729 1444 812; baseline -0.002 -20"><span class='ocrx_word' id='word_1_26' title='bbox 280 733 400 812; x_wconf 88' lang='lat' dir='ltr'><strong>gabant,</strong></span> <span class='ocrx_word' id='word_1_27' title='bbox 423 749 483 791; x_wconf 91' lang='lat' dir='ltr'><strong>non</strong></span> <span class='ocrx_word' id='word_1_28' title='bbox 504 738 607 790; x_wconf 90' lang='lat' dir='ltr'><strong>contra</strong></span> <span class='ocrx_word' id='word_1_29' title='bbox 628 729 793 790; x_wconf 88' lang='lat' dir='ltr'><strong>timidiores</strong></span> <span class='ocrx_word' id='word_1_30' title='bbox 815 729 997 802; x_wconf 77' lang='lat' dir='ltr'><strong>Catbolicos‚</strong></span> <span class='ocrx_word' id='word_1_31' title='bbox 1020 749 1097 808; x_wconf 85' lang='lat' dir='ltr'><strong>quos</strong></span> <span class='ocrx_word' id='word_1_32' title='bbox 1119 747 1153 790; x_wconf 86' lang='lat' dir='ltr'><strong>se</strong></span> <span class='ocrx_word' id='word_1_33' title='bbox 1175 731 1378 790; x_wconf 80' lang='lat' dir='ltr'><strong>wulutatunrm</strong></span> <span class='ocrx_word' id='word_1_34' title='bbox 1394 731 1444 790; x_wconf 85' lang='lat' dir='ltr'><strong>Ter·</strong></span> 
     </span>
     <span class='ocr_line' id='line_1_5' title="bbox 279 813 1445 894; baseline -0.005 -15"><span class='ocrx_word' id='word_1_35' title='bbox 279 817 417 879; x_wconf 78' lang='lat' dir='ltr'><strong>tullianm</strong></span> <span class='ocrx_word' id='word_1_36' title='bbox 438 816 468 876; x_wconf 93' lang='lat' dir='ltr'><strong>in</strong></span> <span class='ocrx_word' id='word_1_37' title='bbox 490 814 566 874; x_wconf 80' lang='lat' dir='ltr'><strong>fibro</strong></span> <span class='ocrx_word' id='word_1_38' title='bbox 588 813 625 874; x_wconf 90' lang='lat' dir='ltr'><strong>de</strong></span> <span class='ocrx_word' id='word_1_39' title='bbox 639 813 754 874; x_wconf 84' lang='lat' dir='ltr'><strong>Corona</strong></span> <span class='ocrx_word' id='word_1_40' title='bbox 768 815 922 894; x_wconf 84' lang='lat' dir='ltr'><strong>promittit,</strong></span> <span class='ocrx_word' id='word_1_41' title='bbox 943 815 1137 893; x_wconf 74' lang='lat' dir='ltr'><strong>eumerium.</strong></span> <span class='ocrx_word' id='word_1_42' title='bbox 1167 813 1258 874; x_wconf 87' lang='lat' dir='ltr'><strong>Liber</strong></span> <span class='ocrx_word' id='word_1_43' title='bbox 1275 833 1340 874; x_wconf 85' lang='lat' dir='ltr'><strong>roro</strong></span> <span class='ocrx_word' id='word_1_44' title='bbox 1353 815 1383 874; x_wconf 90' lang='lat' dir='ltr'><strong>de</strong></span> <span class='ocrx_word' id='word_1_45' title='bbox 1394 814 1445 892; x_wconf 77' lang='lat' dir='ltr'><strong>Fuga</strong></span> 
     </span>
     <span class='ocr_line' id='line_1_6' title="bbox 279 897 1446 977; baseline -0.005 -13"><span class='ocrx_word' id='word_1_46' title='bbox 279 903 376 964; x_wconf 72' lang='lat' dir='ltr'><strong>num</strong></span> <span class='ocrx_word' id='word_1_47' title='bbox 398 901 484 960; x_wconf 86' lang='lat' dir='ltr'><strong>iidem</strong></span> <span class='ocrx_word' id='word_1_48' title='bbox 504 899 602 977; x_wconf 80' lang='lat' dir='ltr'><strong>explet</strong></span> <span class='ocrx_word' id='word_1_49' title='bbox 623 905 653 958; x_wconf 88' lang='lat' dir='ltr'><strong>et</strong></span> <span class='ocrx_word' id='word_1_50' title='bbox 673 897 839 960; x_wconf 84' lang='lat' dir='ltr'><strong>Gatbolicos</strong></span> <span class='ocrx_word' id='word_1_51' title='bbox 860 899 890 959; x_wconf 91' lang='lat' dir='ltr'><strong>iu</strong></span> <span class='ocrx_word' id='word_1_52' title='bbox 912 899 1078 960; x_wconf 82' lang='lat' dir='ltr'><strong>confitenda</strong></span> <span class='ocrx_word' id='word_1_53' title='bbox 1100 899 1264 960; x_wconf 70' lang='lat' dir='ltr'><strong>Christiana</strong></span> <span class='ocrx_word' id='word_1_54' title='bbox 1285 899 1338 959; x_wconf 89' lang='lat' dir='ltr'><strong>lide</strong></span> <span class='ocrx_word' id='word_1_55' title='bbox 1356 899 1446 958; x_wconf 81' lang='lat' dir='ltr'><strong>mebor-</strong></span> 
     </span>
     <span class='ocr_line' id='line_1_7' title="bbox 279 983 1445 1063; baseline -0.006 -16"><span class='ocrx_word' id='word_1_56' title='bbox 279 988 361 1048; x_wconf 92' lang='lat' dir='ltr'><strong>losos</strong></span> <span class='ocrx_word' id='word_1_57' title='bbox 393 985 526 1063; x_wconf 81' lang='lat' dir='ltr'><strong>exagitat.</strong></span> <span class='ocrx_word' id='word_1_58' title='bbox 569 983 753 1044; x_wconf 74' lang='lat' dir='ltr'><strong>Manifestum</strong></span> <span class='ocrx_word' id='word_1_59' title='bbox 784 992 881 1044; x_wconf 88' lang='lat' dir='ltr'><strong>autem</strong></span> <span class='ocrx_word' id='word_1_60' title='bbox 911 997 1000 1062; x_wconf 86' lang='lat' dir='ltr'><strong>puto,</strong></span> <span class='ocrx_word' id='word_1_61' title='bbox 1036 1003 1103 1044; x_wconf 92' lang='lat' dir='ltr'><strong>eum</strong></span> <span class='ocrx_word' id='word_1_62' title='bbox 1136 983 1305 1044; x_wconf 79' lang='lat' dir='ltr'><strong>imminente</strong></span> <span class='ocrx_word' id='word_1_63' title='bbox 1332 983 1445 1042; x_wconf 81' lang='lat' dir='ltr'><strong>roratione</strong></span> 
     </span>
     <span class='ocr_line' id='line_1_8' title="bbox 279 1067 1446 1150; baseline -0.003 -19"><span class='ocrx_word' id='word_1_64' title='bbox 279 1072 358 1150; x_wconf 77' lang='lat' dir='ltr'><strong>gravi</strong></span> <span class='ocrx_word' id='word_1_65' title='bbox 387 1079 417 1131; x_wconf 89' lang='lat' dir='ltr'><strong>et</strong></span> <span class='ocrx_word' id='word_1_66' title='bbox 438 1069 494 1130; x_wconf 92' lang='lat' dir='ltr'><strong>iam</strong></span> <span class='ocrx_word' id='word_1_67' title='bbox 522 1067 843 1147; x_wconf 20' lang='lat' dir='ltr'><strong>inevitabiiikscriptum</strong></span> <span class='ocrx_word' id='word_1_68' title='bbox 865 1081 964 1128; x_wconf 83' lang='lat' dir='ltr'><strong>esse¹.</strong></span> <span class='ocrx_word' id='word_1_69' title='bbox 1007 1067 1044 1127; x_wconf 85' lang='lat' dir='ltr'><strong>Et</strong></span> <span class='ocrx_word' id='word_1_70' title='bbox 1066 1068 1212 1128; x_wconf 74' lang='lat' dir='ltr'><strong>Maximini</strong></span> <span class='ocrx_word' id='word_1_71' title='bbox 1240 1068 1351 1146; x_wconf 88' lang='lat' dir='ltr'><strong>quidem</strong></span> <span class='ocrx_word' id='word_1_72' title='bbox 1375 1085 1446 1146; x_wconf 81' lang='lat' dir='ltr'><strong>perse·</strong></span> 
     </span>
     <span class='ocr_line' id='line_1_9' title="bbox 280 1151 1446 1232; baseline -0.005 -16"><span class='ocrx_word' id='word_1_73' title='bbox 280 1156 359 1216; x_wconf 83' lang='lat' dir='ltr'><strong>cotio</strong></span> <span class='ocrx_word' id='word_1_74' title='bbox 381 1153 502 1232; x_wconf 88' lang='lat' dir='ltr'><strong>intelligi</strong></span> <span class='ocrx_word' id='word_1_75' title='bbox 524 1153 635 1231; x_wconf 85' lang='lat' dir='ltr'><strong>nequit,</strong></span> <span class='ocrx_word' id='word_1_76' title='bbox 657 1169 731 1230; x_wconf 85' lang='lat' dir='ltr'><strong>quae</strong></span> <span class='ocrx_word' id='word_1_77' title='bbox 754 1170 808 1212; x_wconf 91' lang='lat' dir='ltr'><strong>uec</strong></span> <span class='ocrx_word' id='word_1_78' title='bbox 827 1153 953 1214; x_wconf 72' lang='lat' dir='ltr'><strong>Africam</strong></span> <span class='ocrx_word' id='word_1_79' title='bbox 975 1153 1098 1229; x_wconf 65' lang='lat' dir='ltr'><strong>attigitt,</strong></span> <span class='ocrx_word' id='word_1_80' title='bbox 1120 1171 1177 1214; x_wconf 86' lang='lat' dir='ltr'><strong>uec</strong></span> <span class='ocrx_word' id='word_1_81' title='bbox 1189 1159 1292 1213; x_wconf 88' lang='lat' dir='ltr'><strong>contra</strong></span> <span class='ocrx_word' id='word_1_82' title='bbox 1305 1151 1446 1212; x_wconf 84' lang='lat' dir='ltr'><strong>Christianos</strong></span> 
     </span>
     <span class='ocr_line' id='line_1_10' title="bbox 280 1237 1448 1318; baseline -0.006 -17"><span class='ocrx_word' id='word_1_83' title='bbox 280 1259 399 1312; x_wconf 88' lang='lat' dir='ltr'><strong>omnes,</strong></span> <span class='ocrx_word' id='word_1_84' title='bbox 432 1239 485 1300; x_wconf 89' lang='lat' dir='ltr'><strong>sed</strong></span> <span class='ocrx_word' id='word_1_85' title='bbox 508 1245 619 1298; x_wconf 89' lang='lat' dir='ltr'><strong>tantum</strong></span> <span class='ocrx_word' id='word_1_86' title='bbox 641 1247 743 1298; x_wconf 80' lang='lat' dir='ltr'><strong>cono-a</strong></span> <span class='ocrx_word' id='word_1_87' title='bbox 765 1237 924 1318; x_wconf 86' lang='lat' dir='ltr'><strong>episcopos</strong></span> <span class='ocrx_word' id='word_1_88' title='bbox 947 1237 1078 1298; x_wconf 63' lang='lat' dir='ltr'><strong>saevitis</strong></span> <span class='ocrx_word' id='word_1_89' title='bbox 1121 1237 1317 1299; x_wconf 78' lang='lat' dir='ltr'><strong>Tertullianus</strong></span> <span class='ocrx_word' id='word_1_90' title='bbox 1338 1245 1416 1296; x_wconf 87' lang='lat' dir='ltr'><strong>auten</strong></span> <span class='ocrx_word' id='word_1_91' title='bbox 1430 1243 1448 1294; x_wconf 87' lang='lat' dir='ltr'><strong>ct</strong></span> 
     </span>
     <span class='ocr_line' id='line_1_11' title="bbox 280 1321 1447 1400; baseline -0.008 -14"><span class='ocrx_word' id='word_1_92' title='bbox 280 1326 317 1386; x_wconf 89' lang='lat' dir='ltr'><strong>de</strong></span> <span class='ocrx_word' id='word_1_93' title='bbox 337 1323 508 1385; x_wconf 74' lang='lat' dir='ltr'><strong>Africanicis</strong></span> <span class='ocrx_word' id='word_1_94' title='bbox 530 1321 741 1382; x_wconf 63' lang='lat' dir='ltr'><strong>calamitatibus</strong></span> <span class='ocrx_word' id='word_1_95' title='bbox 763 1322 850 1382; x_wconf 90' lang='lat' dir='ltr'><strong>etde</strong></span> <span class='ocrx_word' id='word_1_96' title='bbox 872 1321 920 1382; x_wconf 92' lang='lat' dir='ltr'><strong>bis</strong></span> <span class='ocrx_word' id='word_1_97' title='bbox 940 1322 1058 1400; x_wconf 87' lang='lat' dir='ltr'><strong>quidem</strong></span> <span class='ocrx_word' id='word_1_98' title='bbox 1085 1341 1160 1400; x_wconf 84' lang='lat' dir='ltr'><strong>quae</strong></span> <span class='ocrx_word' id='word_1_99' title='bbox 1188 1340 1292 1383; x_wconf 91' lang='lat' dir='ltr'><strong>omnes</strong></span> <span class='ocrx_word' id='word_1_100' title='bbox 1312 1321 1411 1382; x_wconf 87' lang='lat' dir='ltr'><strong>Christo</strong></span> <span class='ocrx_word' id='word_1_101' title='bbox 1425 1321 1447 1378; x_wconf 86' lang='lat' dir='ltr'><strong>l·</strong></span> 
     </span>
     <span class='ocr_line' id='line_1_12' title="bbox 286 1405 1448 1487; baseline -0.006 -16"><span class='ocrx_word' id='word_1_102' title='bbox 286 1409 367 1472; x_wconf 90' lang='lat' dir='ltr'><strong>deles</strong></span> <span class='ocrx_word' id='word_1_103' title='bbox 389 1409 516 1469; x_wconf 88' lang='lat' dir='ltr'><strong>obruere</strong></span> <span class='ocrx_word' id='word_1_104' title='bbox 537 1408 728 1472; x_wconf 83' lang='lat' dir='ltr'><strong>minarentur,</strong></span> <span class='ocrx_word' id='word_1_105' title='bbox 755 1406 894 1485; x_wconf 90' lang='lat' dir='ltr'><strong>loquitur,</strong></span> <span class='ocrx_word' id='word_1_106' title='bbox 918 1415 948 1466; x_wconf 89' lang='lat' dir='ltr'><strong>et</strong></span> <span class='ocrx_word' id='word_1_107' title='bbox 969 1405 1059 1468; x_wconf 88' lang='lat' dir='ltr'><strong>laicos</strong></span> <span class='ocrx_word' id='word_1_108' title='bbox 1077 1425 1169 1486; x_wconf 88' lang='lat' dir='ltr'><strong>aeque</strong></span> <span class='ocrx_word' id='word_1_109' title='bbox 1190 1427 1225 1468; x_wconf 90' lang='lat' dir='ltr'><strong>ac</strong></span> <span class='ocrx_word' id='word_1_110' title='bbox 1246 1408 1391 1487; x_wconf 86' lang='lat' dir='ltr'><strong>episcopos</strong></span> <span class='ocrx_word' id='word_1_111' title='bbox 1407 1405 1448 1480; x_wconf 78' lang='lat' dir='ltr'><strong>iugc</strong></span> 
     </span>
     <span class='ocr_line' id='line_1_13' title="bbox 280 1485 1448 1569; baseline -0.008 -14"><span class='ocrx_word' id='word_1_112' title='bbox 280 1493 338 1555; x_wconf 90' lang='lat' dir='ltr'><strong>sibi</strong></span> <span class='ocrx_word' id='word_1_113' title='bbox 360 1485 513 1554; x_wconf 67' lang='lat' dir='ltr'><strong>consulere</strong></span> <span class='ocrx_word' id='word_1_114' title='bbox 535 1491 729 1569; x_wconf 65' lang='lat' dir='ltr'><strong>indignatur.</strong></span> <span class='ocrx_word' id='word_1_115' title='bbox 758 1491 868 1552; x_wconf 83' lang='lat' dir='ltr'><strong>Demus</strong></span> <span class='ocrx_word' id='word_1_116' title='bbox 890 1490 987 1563; x_wconf 79' lang='lat' dir='ltr'><strong>edam,</strong></span> <span class='ocrx_word' id='word_1_117' title='bbox 1010 1491 1041 1551; x_wconf 94' lang='lat' dir='ltr'><strong>in</strong></span> <span class='ocrx_word' id='word_1_118' title='bbox 1062 1490 1138 1551; x_wconf 91' lang='lat' dir='ltr'><strong>libro</strong></span> <span class='ocrx_word' id='word_1_119' title='bbox 1159 1493 1196 1552; x_wconf 89' lang='lat' dir='ltr'><strong>de</strong></span> <span class='ocrx_word' id='word_1_120' title='bbox 1218 1492 1331 1553; x_wconf 86' lang='lat' dir='ltr'><strong>Corona</strong></span> <span class='ocrx_word' id='word_1_121' title='bbox 1354 1488 1448 1569; x_wconf 85' lang='lat' dir='ltr'><strong>promitti</strong></span> 
     </span>
     <span class='ocr_line' id='line_1_14' title="bbox 281 1571 1448 1664; baseline -0.009 -24"><span class='ocrx_word' id='word_1_122' title='bbox 281 1579 474 1664; x_wconf 72' lang='lat' dir='ltr'><strong>Scorpiacen,</strong></span> <span class='ocrx_word' id='word_1_123' title='bbox 502 1576 580 1656; x_wconf 85' lang='lat' dir='ltr'><strong>quod</strong></span> <span class='ocrx_word' id='word_1_124' title='bbox 603 1576 728 1636; x_wconf 83' lang='lat' dir='ltr'><strong>baronio</strong></span> <span class='ocrx_word' id='word_1_125' title='bbox 751 1585 781 1636; x_wconf 90' lang='lat' dir='ltr'><strong>et</strong></span> <span class='ocrx_word' id='word_1_126' title='bbox 801 1575 904 1636; x_wconf 77' lang='lat' dir='ltr'><strong>Allixio</strong></span> <span class='ocrx_word' id='word_1_127' title='bbox 925 1575 1049 1654; x_wconf 76' lang='lat' dir='ltr'><strong>placuit3</strong></span> <span class='ocrx_word' id='word_1_128' title='bbox 1083 1576 1240 1656; x_wconf 85' lang='lat' dir='ltr'><strong>Scorpiace</strong></span> <span class='ocrx_word' id='word_1_129' title='bbox 1262 1577 1362 1636; x_wconf 85' lang='lat' dir='ltr'><strong>iterum</strong></span> <span class='ocrx_word' id='word_1_130' title='bbox 1381 1571 1448 1634; x_wconf 85' lang='lat' dir='ltr'><strong>incidit</strong></span> 
     </span>
     <span class='ocr_line' id='line_1_15' title="bbox 278 1655 1448 1742; baseline -0.009 -16"><span class='ocrx_word' id='word_1_131' title='bbox 278 1665 310 1725; x_wconf 91' lang='lat' dir='ltr'><strong>in</strong></span> <span class='ocrx_word' id='word_1_132' title='bbox 332 1673 463 1742; x_wconf 86' lang='lat' dir='ltr'><strong>tempora</strong></span> <span class='ocrx_word' id='word_1_133' title='bbox 485 1660 596 1732; x_wconf 81' lang='lat' dir='ltr'><strong>Severi,</strong></span> <span class='ocrx_word' id='word_1_134' title='bbox 619 1670 652 1720; x_wconf 89' lang='lat' dir='ltr'><strong>ut</strong></span> <span class='ocrx_word' id='word_1_135' title='bbox 672 1679 708 1721; x_wconf 86' lang='lat' dir='ltr'><strong>ex</strong></span> <span class='ocrx_word' id='word_1_136' title='bbox 729 1659 896 1721; x_wconf 82' lang='lat' dir='ltr'><strong>narratione</strong></span> <span class='ocrx_word' id='word_1_137' title='bbox 923 1661 960 1720; x_wconf 85' lang='lat' dir='ltr'><strong>cle</strong></span> <span class='ocrx_word' id='word_1_138' title='bbox 982 1661 1102 1739; x_wconf 75' lang='lat' dir='ltr'><strong>Pythion</strong></span> <span class='ocrx_word' id='word_1_139' title='bbox 1124 1679 1220 1739; x_wconf 90' lang='lat' dir='ltr'><strong>agone</strong></span> <span class='ocrx_word' id='word_1_140' title='bbox 1241 1655 1448 1739; x_wconf 77' lang='lat' dir='ltr'><strong>Carthaginiensi·</strong></span> 
     </span>
     <span class='ocr_line' id='line_1_16' title="bbox 279 1742 1448 1825; baseline -0.009 -15"><span class='ocrx_word' id='word_1_141' title='bbox 279 1749 336 1810; x_wconf 87' lang='lat' dir='ltr'><strong>bos</strong></span> <span class='ocrx_word' id='word_1_142' title='bbox 358 1747 495 1809; x_wconf 88' lang='lat' dir='ltr'><strong>restituto</strong></span> <span class='ocrx_word' id='word_1_143' title='bbox 510 1745 716 1806; x_wconf 78' lang='lat' dir='ltr'><strong>‘l’illemontios</strong></span> <span class='ocrx_word' id='word_1_144' title='bbox 738 1745 803 1824; x_wconf 87' lang='lat' dir='ltr'><strong>ipse</strong></span> <span class='ocrx_word' id='word_1_145' title='bbox 825 1745 999 1806; x_wconf 65' lang='lat' dir='ltr'><strong>conduditl.</strong></span> <span class='ocrx_word' id='word_1_146' title='bbox 1027 1745 1128 1824; x_wconf 88' lang='lat' dir='ltr'><strong>itaque</strong></span> <span class='ocrx_word' id='word_1_147' title='bbox 1150 1755 1180 1807; x_wconf 92' lang='lat' dir='ltr'><strong>et</strong></span> <span class='ocrx_word' id='word_1_148' title='bbox 1194 1745 1349 1825; x_wconf 88' lang='lat' dir='ltr'><strong>Scorpiace</strong></span> <span class='ocrx_word' id='word_1_149' title='bbox 1368 1742 1448 1802; x_wconf 84' lang='lat' dir='ltr'><strong>etliba</strong></span> 
     </span>
     <span class='ocr_line' id='line_1_17' title="bbox 280 1827 1447 1910; baseline -0.008 -17"><span class='ocrx_word' id='word_1_150' title='bbox 280 1833 318 1893; x_wconf 89' lang='lat' dir='ltr'><strong>de</strong></span> <span class='ocrx_word' id='word_1_151' title='bbox 340 1833 419 1910; x_wconf 77' lang='lat' dir='ltr'><strong>Fuga</strong></span> <span class='ocrx_word' id='word_1_152' title='bbox 440 1831 589 1910; x_wconf 82' lang='lat' dir='ltr'><strong>pertinent</strong></span> <span class='ocrx_word' id='word_1_153' title='bbox 609 1830 645 1890; x_wconf 90' lang='lat' dir='ltr'><strong>ad</strong></span> <span class='ocrx_word' id='word_1_154' title='bbox 653 1828 839 1890; x_wconf 78' lang='lat' dir='ltr'><strong>severianam</strong></span> <span class='ocrx_word' id='word_1_155' title='bbox 861 1829 1107 1909; x_wconf 83' lang='lat' dir='ltr'><strong>persecutionem,</strong></span> <span class='ocrx_word' id='word_1_156' title='bbox 1130 1840 1161 1891; x_wconf 91' lang='lat' dir='ltr'><strong>et</strong></span> <span class='ocrx_word' id='word_1_157' title='bbox 1182 1831 1315 1892; x_wconf 91' lang='lat' dir='ltr'><strong>collectio</strong></span> <span class='ocrx_word' id='word_1_158' title='bbox 1326 1827 1447 1890; x_wconf 87' lang='lat' dir='ltr'><strong>certissim</strong></span> 
     </span>
     <span class='ocr_line' id='line_1_18' title="bbox 281 1913 1447 1993; baseline -0.009 -14"><span class='ocrx_word' id='word_1_159' title='bbox 281 1926 335 1991; x_wconf 87' lang='lat' dir='ltr'><strong>est,</strong></span> <span class='ocrx_word' id='word_1_160' title='bbox 358 1917 464 1978; x_wconf 88' lang='lat' dir='ltr'><strong>librum</strong></span> <span class='ocrx_word' id='word_1_161' title='bbox 486 1915 523 1975; x_wconf 88' lang='lat' dir='ltr'><strong>de</strong></span> <span class='ocrx_word' id='word_1_162' title='bbox 545 1913 671 1986; x_wconf 85' lang='lat' dir='ltr'><strong>Corona,</strong></span> <span class='ocrx_word' id='word_1_163' title='bbox 693 1915 744 1992; x_wconf 84' lang='lat' dir='ltr'><strong>qui</strong></span> <span class='ocrx_word' id='word_1_164' title='bbox 766 1924 892 1993; x_wconf 87' lang='lat' dir='ltr'><strong>utroque</strong></span> <span class='ocrx_word' id='word_1_165' title='bbox 914 1913 1061 1993; x_wconf 88' lang='lat' dir='ltr'><strong>antiquior</strong></span> <span class='ocrx_word' id='word_1_166' title='bbox 1081 1923 1137 1986; x_wconf 89' lang='lat' dir='ltr'><strong>est,</strong></span> <span class='ocrx_word' id='word_1_167' title='bbox 1160 1923 1228 1975; x_wconf 91' lang='lat' dir='ltr'><strong>ante</strong></span> <span class='ocrx_word' id='word_1_168' title='bbox 1249 1915 1325 1976; x_wconf 90' lang='lat' dir='ltr'><strong>illam</strong></span> <span class='ocrx_word' id='word_1_169' title='bbox 1347 1914 1447 1991; x_wconf 87' lang='lat' dir='ltr'><strong>scriptun</strong></span> 
     </span>
     <span class='ocr_line' id='line_1_19' title="bbox 280 1998 1448 2078; baseline -0.005 -16"><span class='ocrx_word' id='word_1_170' title='bbox 280 2001 382 2063; x_wconf 87' lang='lat' dir='ltr'><strong>videri.</strong></span> <span class='ocrx_word' id='word_1_171' title='bbox 426 2001 485 2061; x_wconf 90' lang='lat' dir='ltr'><strong>los.</strong></span> <span class='ocrx_word' id='word_1_172' title='bbox 508 1999 686 2077; x_wconf 76' lang='lat' dir='ltr'><strong>Augustinus</strong></span> <span class='ocrx_word' id='word_1_173' title='bbox 709 1998 801 2059; x_wconf 87' lang='lat' dir='ltr'><strong>Orsi·</strong></span> <span class='ocrx_word' id='word_1_174' title='bbox 823 1998 909 2060; x_wconf 88' lang='lat' dir='ltr'><strong>etiam</strong></span> <span class='ocrx_word' id='word_1_175' title='bbox 937 2015 1046 2060; x_wconf 89' lang='lat' dir='ltr'><strong>aunum</strong></span> <span class='ocrx_word' id='word_1_176' title='bbox 1067 1999 1165 2060; x_wconf 91' lang='lat' dir='ltr'><strong>libello</strong></span> <span class='ocrx_word' id='word_1_177' title='bbox 1188 1999 1359 2078; x_wconf 85' lang='lat' dir='ltr'><strong>assignarit,</strong></span> <span class='ocrx_word' id='word_1_178' title='bbox 1379 2013 1448 2072; x_wconf 78' lang='lat' dir='ltr'><strong>osup</strong></span> 
     </span>
     <span class='ocr_line' id='line_1_20' title="bbox 281 2081 1448 2167; baseline -0.01 -20"><span class='ocrx_word' id='word_1_179' title='bbox 281 2106 312 2167; x_wconf 87' lang='lat' dir='ltr'><strong>p.</strong></span> <span class='ocrx_word' id='word_1_180' title='bbox 335 2086 366 2147; x_wconf 85' lang='lat' dir='ltr'><strong>C.</strong></span> <span class='ocrx_word' id='word_1_181' title='bbox 390 2085 425 2146; x_wconf 81' lang='lat' dir='ltr'><strong>tt.</strong></span> <span class='ocrx_word' id='word_1_182' title='bbox 448 2083 605 2156; x_wconf 82' lang='lat' dir='ltr'><strong>cxcvttt,</strong></span> <span class='ocrx_word' id='word_1_183' title='bbox 629 2101 685 2144; x_wconf 90' lang='lat' dir='ltr'><strong>nec</strong></span> <span class='ocrx_word' id='word_1_184' title='bbox 707 2083 771 2144; x_wconf 91' lang='lat' dir='ltr'><strong>sine</strong></span> <span class='ocrx_word' id='word_1_185' title='bbox 793 2101 896 2162; x_wconf 91' lang='lat' dir='ltr'><strong>magua</strong></span> <span class='ocrx_word' id='word_1_186' title='bbox 918 2083 979 2143; x_wconf 82' lang='lat' dir='ltr'><strong>reri</strong></span> <span class='ocrx_word' id='word_1_187' title='bbox 1002 2083 1117 2162; x_wconf 87' lang='lat' dir='ltr'><strong>specie,</strong></span> <span class='ocrx_word' id='word_1_188' title='bbox 1140 2103 1206 2145; x_wconf 90' lang='lat' dir='ltr'><strong>cum</strong></span> <span class='ocrx_word' id='word_1_189' title='bbox 1233 2085 1266 2146; x_wconf 93' lang='lat' dir='ltr'><strong>in</strong></span> <span class='ocrx_word' id='word_1_190' title='bbox 1293 2103 1356 2144; x_wconf 90' lang='lat' dir='ltr'><strong>com</strong></span> <span class='ocrx_word' id='word_1_191' title='bbox 1376 2091 1401 2142; x_wconf 87' lang='lat' dir='ltr'><strong>et</strong></span> <span class='ocrx_word' id='word_1_192' title='bbox 1415 2081 1448 2138; x_wconf 84' lang='lat' dir='ltr'><strong>dcc</strong></span> 
     </span>
     <span class='ocr_line' id='line_1_21' title="bbox 280 2165 1449 2248; baseline -0.009 -17"><span class='ocrx_word' id='word_1_193' title='bbox 280 2170 403 2248; x_wconf 79' lang='lat' dir='ltr'><strong>Augusti</strong></span> <span class='ocrx_word' id='word_1_194' title='bbox 425 2179 454 2229; x_wconf 89' lang='lat' dir='ltr'><strong>et</strong></span> <span class='ocrx_word' id='word_1_195' title='bbox 479 2171 678 2246; x_wconf 79' lang='lat' dir='ltr'><strong>Augustorum</strong></span> <span class='ocrx_word' id='word_1_196' title='bbox 704 2167 734 2226; x_wconf 94' lang='lat' dir='ltr'><strong>in</strong></span> <span class='ocrx_word' id='word_1_197' title='bbox 755 2167 863 2228; x_wconf 84' lang='lat' dir='ltr'><strong>milites</strong></span> <span class='ocrx_word' id='word_1_198' title='bbox 884 2167 1041 2228; x_wconf 81' lang='lat' dir='ltr'><strong>liberalitas</strong></span> <span class='ocrx_word' id='word_1_199' title='bbox 1062 2177 1092 2228; x_wconf 93' lang='lat' dir='ltr'><strong>et</strong></span> <span class='ocrx_word' id='word_1_200' title='bbox 1113 2169 1254 2230; x_wconf 79' lang='lat' dir='ltr'><strong>ecclesiae</strong></span> <span class='ocrx_word' id='word_1_201' title='bbox 1275 2187 1330 2247; x_wconf 85' lang='lat' dir='ltr'><strong>pax</strong></span> <span class='ocrx_word' id='word_1_202' title='bbox 1350 2165 1449 2227; x_wconf 85' lang='lat' dir='ltr'><strong>incidant</strong></span> 
     </span>
     <span class='ocr_line' id='line_1_22' title="bbox 282 2247 1449 2332; baseline -0.003 -20"><span class='ocrx_word' id='word_1_203' title='bbox 282 2256 372 2316; x_wconf 71' lang='lat' dir='ltr'><strong>tinius</strong></span> <span class='ocrx_word' id='word_1_204' title='bbox 393 2253 448 2316; x_wconf 87' lang='lat' dir='ltr'><strong>viri</strong></span> <span class='ocrx_word' id='word_1_205' title='bbox 471 2261 639 2330; x_wconf 88' lang='lat' dir='ltr'><strong>argumenta</strong></span> <span class='ocrx_word' id='word_1_206' title='bbox 647 2283 658 2322; x_wconf 92' lang='lat'><strong>,·</strong></span> <span class='ocrx_word' id='word_1_207' title='bbox 682 2269 755 2329; x_wconf 89' lang='lat' dir='ltr'><strong>quae</strong></span> <span class='ocrx_word' id='word_1_208' title='bbox 778 2262 848 2313; x_wconf 89' lang='lat' dir='ltr'><strong>snut</strong></span> <span class='ocrx_word' id='word_1_209' title='bbox 868 2252 1093 2332; x_wconf 87' lang='lat' dir='ltr'><strong>potentissima,</strong></span> <span class='ocrx_word' id='word_1_210' title='bbox 1121 2253 1207 2315; x_wconf 90' lang='lat' dir='ltr'><strong>nobis</strong></span> <span class='ocrx_word' id='word_1_211' title='bbox 1229 2254 1287 2315; x_wconf 90' lang='lat' dir='ltr'><strong>boc</strong></span> <span class='ocrx_word' id='word_1_212' title='bbox 1309 2270 1390 2313; x_wconf 90' lang='lat' dir='ltr'><strong>unum</strong></span> <span class='ocrx_word' id='word_1_213' title='bbox 1408 2247 1449 2309; x_wconf 84' lang='lat' dir='ltr'><strong>rci-</strong></span> 
     </span>
     <span class='ocr_line' id='line_1_23' title="bbox 281 2336 1448 2417; baseline -0.003 -21"><span class='ocrx_word' id='word_1_214' title='bbox 281 2346 423 2416; x_wconf 79' lang='lat' dir='ltr'><strong>querunt,</strong></span> <span class='ocrx_word' id='word_1_215' title='bbox 445 2345 478 2398; x_wconf 90' lang='lat' dir='ltr'><strong>ut</strong></span> <span class='ocrx_word' id='word_1_216' title='bbox 500 2336 679 2396; x_wconf 88' lang='lat' dir='ltr'><strong>&#39;lillemontii</strong></span> <span class='ocrx_word' id='word_1_217' title='bbox 699 2336 847 2406; x_wconf 90' lang='lat' dir='ltr'><strong>rationes,</strong></span> <span class='ocrx_word' id='word_1_218' title='bbox 875 2355 947 2414; x_wconf 87' lang='lat' dir='ltr'><strong>quas</strong></span> <span class='ocrx_word' id='word_1_219' title='bbox 969 2355 985 2397; x_wconf 88' lang='lat' dir='ltr'><strong>a</strong></span> <span class='ocrx_word' id='word_1_220' title='bbox 1006 2354 1153 2416; x_wconf 84' lang='lat' dir='ltr'><strong>quoquam</strong></span> <span class='ocrx_word' id='word_1_221' title='bbox 1175 2356 1320 2417; x_wconf 79' lang='lat' dir='ltr'><strong>expensas</strong></span> <span class='ocrx_word' id='word_1_222' title='bbox 1342 2354 1400 2397; x_wconf 88' lang='lat' dir='ltr'><strong>esse</strong></span> <span class='ocrx_word' id='word_1_223' title='bbox 1416 2347 1448 2392; x_wconf 85' lang='lat' dir='ltr'><strong>oct</strong></span> 
     </span>
     <span class='ocr_line' id='line_1_24' title="bbox 282 2417 1447 2502; baseline -0.006 -18"><span class='ocrx_word' id='word_1_224' title='bbox 282 2421 540 2502; x_wconf 84' lang='lat' dir='ltr'><strong>deprehendimus,</strong></span> <span class='ocrx_word' id='word_1_225' title='bbox 563 2420 751 2481; x_wconf 85' lang='lat' dir='ltr'><strong>dilueremus.</strong></span> <span class='ocrx_word' id='word_1_226' title='bbox 794 2421 895 2500; x_wconf 84' lang='lat' dir='ltr'><strong>ltaque</strong></span> <span class='ocrx_word' id='word_1_227' title='bbox 917 2419 1005 2482; x_wconf 90' lang='lat' dir='ltr'><strong>dubio</strong></span> <span class='ocrx_word' id='word_1_228' title='bbox 1028 2441 1129 2502; x_wconf 82' lang='lat' dir='ltr'><strong>carere</strong></span> <span class='ocrx_word' id='word_1_229' title='bbox 1150 2432 1222 2502; x_wconf 90' lang='lat' dir='ltr'><strong>puto</strong></span> <span class='ocrx_word' id='word_1_230' title='bbox 1244 2422 1352 2483; x_wconf 88' lang='lat' dir='ltr'><strong>librum</strong></span> <span class='ocrx_word' id='word_1_231' title='bbox 1370 2419 1400 2480; x_wconf 87' lang='lat' dir='ltr'><strong>de</strong></span> <span class='ocrx_word' id='word_1_232' title='bbox 1415 2417 1447 2476; x_wconf 82' lang='lat' dir='ltr'><strong>lc·</strong></span> 
     </span>
     <span class='ocr_line' id='line_1_25' title="bbox 282 2499 1448 2583; baseline -0.011 -14"><span class='ocrx_word' id='word_1_233' title='bbox 282 2525 355 2569; x_wconf 86' lang='lat' dir='ltr'><strong>rona</strong></span> <span class='ocrx_word' id='word_1_234' title='bbox 376 2505 477 2568; x_wconf 83' lang='lat' dir='ltr'><strong>Severi</strong></span> <span class='ocrx_word' id='word_1_235' title='bbox 499 2524 533 2566; x_wconf 89' lang='lat' dir='ltr'><strong>ac</strong></span> <span class='ocrx_word' id='word_1_236' title='bbox 553 2504 720 2583; x_wconf 82' lang='lat' dir='ltr'><strong>praesidum</strong></span> <span class='ocrx_word' id='word_1_237' title='bbox 752 2505 817 2566; x_wconf 87' lang='lat' dir='ltr'><strong>eius</strong></span> <span class='ocrx_word' id='word_1_238' title='bbox 851 2505 1051 2567; x_wconf 79' lang='lat' dir='ltr'><strong>crudelitatem</strong></span> <span class='ocrx_word' id='word_1_239' title='bbox 1086 2507 1259 2568; x_wconf 78' lang='lat' dir='ltr'><strong>antecedere</strong></span> <span class='ocrx_word' id='word_1_240' title='bbox 1297 2515 1330 2568; x_wconf 89' lang='lat' dir='ltr'><strong>et</strong></span> <span class='ocrx_word' id='word_1_241' title='bbox 1356 2499 1448 2566; x_wconf 82' lang='lat' dir='ltr'><strong>baeresic</strong></span> 
     </span>
     <span class='ocr_line' id='line_1_26' title="bbox 281 2590 576 2654; baseline -0.014 0"><span class='ocrx_word' id='word_1_242' title='bbox 281 2593 411 2654; x_wconf 87' lang='lat' dir='ltr'><strong>blontaui</strong></span> <span class='ocrx_word' id='word_1_243' title='bbox 431 2590 576 2652; x_wconf 84' lang='lat' dir='ltr'><strong>redolere.</strong></span> 
     </span>
    </p>
   </div>
   <div class='ocr_carea' id='block_1_3' title="bbox 836 2723 945 2817">
    <p class='ocr_par' dir='ltr' id='par_1_3' title="bbox 836 2723 945 2817">
     <span class='ocr_line' id='line_1_27' title="bbox 836 2723 945 2817; baseline 0 -33"><span class='ocrx_word' id='word_1_244' title='bbox 836 2727 866 2802; x_wconf 70' lang='lat' dir='ltr'><strong>c.</strong></span> <span class='ocrx_word' id='word_1_245' title='bbox 886 2723 945 2817; x_wconf 58' lang='lat' dir='ltr'><strong>vn.</strong></span> 
     </span>
    </p>
   </div>
   <div class='ocr_carea' id='block_1_4' title="bbox 281 2842 1453 3854">
    <p class='ocr_par' dir='ltr' id='par_1_4' title="bbox 281 2842 1453 3854">
     <span class='ocr_line' id='line_1_28' title="bbox 314 2842 1445 2920; baseline -0.006 -15"><span class='ocrx_word' id='word_1_246' title='bbox 314 2896 321 2905; x_wconf 97' lang='lat'><strong>.</strong></span> <span class='ocrx_word' id='word_1_247' title='bbox 367 2845 450 2917; x_wconf 79' lang='lat' dir='ltr'><strong>Quae</strong></span> <span class='ocrx_word' id='word_1_248' title='bbox 471 2845 600 2905; x_wconf 87' lang='lat' dir='ltr'><strong>comita</strong></span> <span class='ocrx_word' id='word_1_249' title='bbox 622 2843 691 2914; x_wconf 88' lang='lat' dir='ltr'><strong>sint,</strong></span> <span class='ocrx_word' id='word_1_250' title='bbox 714 2842 821 2904; x_wconf 87' lang='lat' dir='ltr'><strong>librum</strong></span> <span class='ocrx_word' id='word_1_251' title='bbox 844 2842 880 2903; x_wconf 91' lang='lat' dir='ltr'><strong>de</strong></span> <span class='ocrx_word' id='word_1_252' title='bbox 897 2843 1076 2920; x_wconf 80' lang='lat' dir='ltr'><strong>Spectaculis</strong></span> <span class='ocrx_word' id='word_1_253' title='bbox 1098 2863 1134 2905; x_wconf 80' lang='lat' dir='ltr'><strong>er</strong></span> <span class='ocrx_word' id='word_1_254' title='bbox 1156 2845 1257 2906; x_wconf 90' lang='lat' dir='ltr'><strong>eadem</strong></span> <span class='ocrx_word' id='word_1_255' title='bbox 1273 2843 1392 2905; x_wconf 83' lang='lat' dir='ltr'><strong>Montani</strong></span> <span class='ocrx_word' id='word_1_256' title='bbox 1405 2855 1445 2898; x_wconf 83' lang='lat' dir='ltr'><strong>no·</strong></span> 
     </span>
     <span class='ocr_line' id='line_1_29' title="bbox 281 2926 1448 3008; baseline -0.004 -17"><span class='ocrx_word' id='word_1_257' title='bbox 281 2937 350 2992; x_wconf 89' lang='lat' dir='ltr'><strong>neta</strong></span> <span class='ocrx_word' id='word_1_258' title='bbox 372 2947 441 2990; x_wconf 88' lang='lat' dir='ltr'><strong>esse</strong></span> <span class='ocrx_word' id='word_1_259' title='bbox 463 2947 516 2990; x_wconf 89' lang='lat' dir='ltr'><strong>our</strong></span> <span class='ocrx_word' id='word_1_260' title='bbox 536 2926 775 3006; x_wconf 77' lang='lat' dir='ltr'><strong>ambigeremus?</strong></span> <span class='ocrx_word' id='word_1_261' title='bbox 817 2927 933 2990; x_wconf 83' lang='lat' dir='ltr'><strong>Pr0diit</strong></span> <span class='ocrx_word' id='word_1_262' title='bbox 958 2929 1052 3000; x_wconf 87' lang='lat' dir='ltr'><strong>enim,</strong></span> <span class='ocrx_word' id='word_1_263' title='bbox 1086 2947 1152 2990; x_wconf 90' lang='lat' dir='ltr'><strong>cum</strong></span> <span class='ocrx_word' id='word_1_264' title='bbox 1181 2947 1237 3008; x_wconf 84' lang='lat' dir='ltr'><strong>pax</strong></span> <span class='ocrx_word' id='word_1_265' title='bbox 1264 2928 1396 2991; x_wconf 84' lang='lat' dir='ltr'><strong>eeclesiae</strong></span> <span class='ocrx_word' id='word_1_266' title='bbox 1411 2937 1448 2981; x_wconf 80' lang='lat' dir='ltr'><strong>ott</strong></span> 
     </span>
     <span class='ocr_line' id='line_1_30' title="bbox 282 3007 1451 3096; baseline -0.003 -20"><span class='ocrx_word' id='word_1_267' title='bbox 282 3013 400 3096; x_wconf 89' lang='lat' dir='ltr'><strong>quidem</strong></span> <span class='ocrx_word' id='word_1_268' title='bbox 422 3014 524 3075; x_wconf 83' lang='lat' dir='ltr'><strong>Severi</strong></span> <span class='ocrx_word' id='word_1_269' title='bbox 545 3013 665 3084; x_wconf 89' lang='lat' dir='ltr'><strong>edictis,</strong></span> <span class='ocrx_word' id='word_1_270' title='bbox 698 3013 751 3073; x_wconf 90' lang='lat' dir='ltr'><strong>sed</strong></span> <span class='ocrx_word' id='word_1_271' title='bbox 773 3012 949 3074; x_wconf 87' lang='lat' dir='ltr'><strong>clamoribus</strong></span> <span class='ocrx_word' id='word_1_272' title='bbox 971 3011 1073 3092; x_wconf 89' lang='lat' dir='ltr'><strong>populi</strong></span> <span class='ocrx_word' id='word_1_273' title='bbox 1099 3026 1130 3074; x_wconf 90' lang='lat' dir='ltr'><strong>et</strong></span> <span class='ocrx_word' id='word_1_274' title='bbox 1151 3014 1322 3093; x_wconf 89' lang='lat' dir='ltr'><strong>praesidum</strong></span> <span class='ocrx_word' id='word_1_275' title='bbox 1345 3007 1451 3073; x_wconf 66' lang='lat' dir='ltr'><strong>apodiat</strong></span> 
     </span>
     <span class='ocr_line' id='line_1_31' title="bbox 282 3089 1450 3177; baseline -0.008 -16"><span class='ocrx_word' id='word_1_276' title='bbox 282 3095 397 3161; x_wconf 83' lang='lat' dir='ltr'><strong>sublata</strong></span> <span class='ocrx_word' id='word_1_277' title='bbox 419 3107 513 3171; x_wconf 80' lang='lat' dir='ltr'><strong>esset3</strong></span> <span class='ocrx_word' id='word_1_278' title='bbox 541 3098 618 3177; x_wconf 89' lang='lat' dir='ltr'><strong>quod</strong></span> <span class='ocrx_word' id='word_1_279' title='bbox 641 3115 676 3158; x_wconf 87' lang='lat' dir='ltr'><strong>ex</strong></span> <span class='ocrx_word' id='word_1_280' title='bbox 697 3096 797 3157; x_wconf 86' lang='lat' dir='ltr'><strong>multis</strong></span> <span class='ocrx_word' id='word_1_281' title='bbox 819 3097 893 3158; x_wconf 84' lang='lat' dir='ltr'><strong>loeis</strong></span> <span class='ocrx_word' id='word_1_282' title='bbox 915 3099 1103 3159; x_wconf 76' lang='lat' dir='ltr'><strong>manifestum</strong></span> <span class='ocrx_word' id='word_1_283' title='bbox 1125 3098 1226 3177; x_wconf 59' lang='lat' dir='ltr'><strong>putul.</strong></span> <span class='ocrx_word' id='word_1_284' title='bbox 1270 3099 1327 3160; x_wconf 82' lang='lat' dir='ltr'><strong>list</strong></span> <span class='ocrx_word' id='word_1_285' title='bbox 1346 3096 1416 3175; x_wconf 80' lang='lat' dir='ltr'><strong>igitur</strong></span> <span class='ocrx_word' id='word_1_286' title='bbox 1430 3089 1450 3148; x_wconf 89' lang='lat' dir='ltr'><strong>l·</strong></span> 
     </span>
     <span class='ocr_line' id='line_1_32' title="bbox 282 3173 1450 3262; baseline -0.008 -16"><span class='ocrx_word' id='word_1_287' title='bbox 282 3184 396 3246; x_wconf 83' lang='lat' dir='ltr'><strong>hrode</strong></span> <span class='ocrx_word' id='word_1_288' title='bbox 418 3183 535 3245; x_wconf 84' lang='lat' dir='ltr'><strong>Corona</strong></span> <span class='ocrx_word' id='word_1_289' title='bbox 556 3182 704 3244; x_wconf 89' lang='lat' dir='ltr'><strong>recentior</strong></span> <span class='ocrx_word' id='word_1_290' title='bbox 730 3190 760 3242; x_wconf 93' lang='lat' dir='ltr'><strong>et</strong></span> <span class='ocrx_word' id='word_1_291' title='bbox 787 3199 841 3260; x_wconf 90' lang='lat' dir='ltr'><strong>per</strong></span> <span class='ocrx_word' id='word_1_292' title='bbox 866 3182 1012 3258; x_wconf 85' lang='lat' dir='ltr'><strong>regulam,</strong></span> <span class='ocrx_word' id='word_1_293' title='bbox 1040 3183 1123 3244; x_wconf 87' lang='lat' dir='ltr'><strong>ouius</strong></span> <span class='ocrx_word' id='word_1_294' title='bbox 1143 3183 1202 3243; x_wconf 87' lang='lat' dir='ltr'><strong>vim</strong></span> <span class='ocrx_word' id='word_1_295' title='bbox 1223 3201 1315 3262; x_wconf 86' lang='lat' dir='ltr'><strong>supra</strong></span> <span class='ocrx_word' id='word_1_296' title='bbox 1337 3173 1450 3259; x_wconf 78' lang='lat' dir='ltr'><strong>explicati·</strong></span> 
     </span>
     <span class='ocr_line' id='line_1_33' title="bbox 283 3263 1452 3346; baseline -0.005 -16"><span class='ocrx_word' id='word_1_297' title='bbox 283 3286 367 3338; x_wconf 87' lang='lat' dir='ltr'><strong>mos,</strong></span> <span class='ocrx_word' id='word_1_298' title='bbox 401 3267 466 3329; x_wconf 90' lang='lat' dir='ltr'><strong>siue</strong></span> <span class='ocrx_word' id='word_1_299' title='bbox 493 3267 582 3328; x_wconf 92' lang='lat' dir='ltr'><strong>dubio</strong></span> <span class='ocrx_word' id='word_1_300' title='bbox 603 3265 838 3328; x_wconf 84' lang='lat' dir='ltr'><strong>lloutanistious.</strong></span> <span class='ocrx_word' id='word_1_301' title='bbox 881 3265 982 3344; x_wconf 84' lang='lat' dir='ltr'><strong>Neque</strong></span> <span class='ocrx_word' id='word_1_302' title='bbox 1002 3266 1105 3327; x_wconf 79' lang='lat' dir='ltr'><strong>Allixio</strong></span> <span class='ocrx_word' id='word_1_303' title='bbox 1134 3269 1304 3340; x_wconf 84' lang='lat' dir='ltr'><strong>credemus,</strong></span> <span class='ocrx_word' id='word_1_304' title='bbox 1338 3265 1382 3346; x_wconf 86' lang='lat' dir='ltr'><strong>qui</strong></span> <span class='ocrx_word' id='word_1_305' title='bbox 1404 3263 1452 3320; x_wconf 76' lang='lat' dir='ltr'><strong>butt</strong></span> 
     </span>
     <span class='ocr_line' id='line_1_34' title="bbox 282 3348 1453 3432; baseline -0.008 -19"><span class='ocrx_word' id='word_1_306' title='bbox 282 3352 410 3413; x_wconf 86' lang='lat' dir='ltr'><strong>libellum</strong></span> <span class='ocrx_word' id='word_1_307' title='bbox 449 3351 479 3411; x_wconf 94' lang='lat' dir='ltr'><strong>iu</strong></span> <span class='ocrx_word' id='word_1_308' title='bbox 510 3351 602 3412; x_wconf 92' lang='lat' dir='ltr'><strong>altero</strong></span> <span class='ocrx_word' id='word_1_309' title='bbox 631 3349 681 3411; x_wconf 95' lang='lat' dir='ltr'><strong>illo</strong></span> <span class='ocrx_word' id='word_1_310' title='bbox 711 3352 748 3412; x_wconf 88' lang='lat' dir='ltr'><strong>de</strong></span> <span class='ocrx_word' id='word_1_311' title='bbox 770 3351 886 3411; x_wconf 82' lang='lat' dir='ltr'><strong>Corona</strong></span> <span class='ocrx_word' id='word_1_312' title='bbox 925 3349 1007 3410; x_wconf 90' lang='lat' dir='ltr'><strong>citari</strong></span> <span class='ocrx_word' id='word_1_313' title='bbox 1045 3351 1176 3431; x_wconf 86' lang='lat' dir='ltr'><strong>adeoque</strong></span> <span class='ocrx_word' id='word_1_314' title='bbox 1204 3361 1337 3432; x_wconf 87' lang='lat' dir='ltr'><strong>tempore</strong></span> <span class='ocrx_word' id='word_1_315' title='bbox 1362 3348 1453 3429; x_wconf 81' lang='lat' dir='ltr'><strong>priorcn</strong></span> 
     </span>
     <span class='ocr_line' id='line_1_35' title="bbox 282 3433 1453 3516; baseline -0.006 -18"><span class='ocrx_word' id='word_1_316' title='bbox 282 3453 350 3498; x_wconf 88' lang='lat' dir='ltr'><strong>esse</strong></span> <span class='ocrx_word' id='word_1_317' title='bbox 373 3435 488 3497; x_wconf 89' lang='lat' dir='ltr'><strong>censuit</strong></span> <span class='ocrx_word' id='word_1_318' title='bbox 499 3446 520 3495; x_wconf 89' lang='lat'><strong>·.</strong></span> <span class='ocrx_word' id='word_1_319' title='bbox 563 3435 612 3495; x_wconf 82' lang='lat' dir='ltr'><strong>llis</strong></span> <span class='ocrx_word' id='word_1_320' title='bbox 635 3435 713 3495; x_wconf 87' lang='lat' dir='ltr'><strong>euim</strong></span> <span class='ocrx_word' id='word_1_321' title='bbox 735 3435 895 3514; x_wconf 88' lang='lat' dir='ltr'><strong>Septimius</strong></span> <span class='ocrx_word' id='word_1_322' title='bbox 921 3443 1024 3496; x_wconf 89' lang='lat' dir='ltr'><strong>noster</strong></span> <span class='ocrx_word' id='word_1_323' title='bbox 1045 3435 1081 3495; x_wconf 90' lang='lat' dir='ltr'><strong>de</strong></span> <span class='ocrx_word' id='word_1_324' title='bbox 1102 3437 1337 3516; x_wconf 86' lang='lat' dir='ltr'><strong>spectaculorum</strong></span> <span class='ocrx_word' id='word_1_325' title='bbox 1358 3433 1453 3507; x_wconf 72' lang='lat' dir='ltr'><strong>volupe</strong></span> 
     </span>
     <span class='ocr_line' id='line_1_36' title="bbox 281 3515 1453 3601; baseline -0.003 -19"><span class='ocrx_word' id='word_1_326' title='bbox 281 3519 360 3582; x_wconf 88' lang='lat' dir='ltr'><strong>tibus</strong></span> <span class='ocrx_word' id='word_1_327' title='bbox 393 3518 566 3598; x_wconf 85' lang='lat' dir='ltr'><strong>scripserat,</strong></span> <span class='ocrx_word' id='word_1_328' title='bbox 600 3537 702 3598; x_wconf 90' lang='lat' dir='ltr'><strong>graece</strong></span> <span class='ocrx_word' id='word_1_329' title='bbox 731 3526 761 3581; x_wconf 90' lang='lat' dir='ltr'><strong>et</strong></span> <span class='ocrx_word' id='word_1_330' title='bbox 785 3519 884 3580; x_wconf 88' lang='lat' dir='ltr'><strong>latine.</strong></span> <span class='ocrx_word' id='word_1_331' title='bbox 927 3521 968 3579; x_wconf 81' lang='lat' dir='ltr'><strong>Ao</strong></span> <span class='ocrx_word' id='word_1_332' title='bbox 995 3537 1130 3598; x_wconf 89' lang='lat' dir='ltr'><strong>graecum</strong></span> <span class='ocrx_word' id='word_1_333' title='bbox 1163 3521 1282 3600; x_wconf 87' lang='lat' dir='ltr'><strong>quidem</strong></span> <span class='ocrx_word' id='word_1_334' title='bbox 1311 3515 1453 3601; x_wconf 63' lang='lat' dir='ltr'><strong>opusculum</strong></span> 
     </span>
     <span class='ocr_line' id='line_1_37' title="bbox 281 3599 1453 3685; baseline -0.007 -19"><span class='ocrx_word' id='word_1_335' title='bbox 281 3599 361 3685; x_wconf 84' lang='lat' dir='ltr'><strong>quod</strong></span> <span class='ocrx_word' id='word_1_336' title='bbox 390 3605 529 3682; x_wconf 87' lang='lat' dir='ltr'><strong>allegatur</strong></span> <span class='ocrx_word' id='word_1_337' title='bbox 556 3604 586 3665; x_wconf 92' lang='lat' dir='ltr'><strong>in</strong></span> <span class='ocrx_word' id='word_1_338' title='bbox 606 3603 682 3665; x_wconf 89' lang='lat' dir='ltr'><strong>libro</strong></span> <span class='ocrx_word' id='word_1_339' title='bbox 705 3605 741 3665; x_wconf 90' lang='lat' dir='ltr'><strong>de</strong></span> <span class='ocrx_word' id='word_1_340' title='bbox 763 3601 903 3676; x_wconf 66' lang='lat' dir='ltr'><strong>Coronat,</strong></span> <span class='ocrx_word' id='word_1_341' title='bbox 938 3604 1042 3683; x_wconf 79' lang='lat' dir='ltr'><strong>periit3</strong></span> <span class='ocrx_word' id='word_1_342' title='bbox 1077 3605 1209 3680; x_wconf 89' lang='lat' dir='ltr'><strong>latinum,</strong></span> <span class='ocrx_word' id='word_1_343' title='bbox 1243 3605 1323 3685; x_wconf 90' lang='lat' dir='ltr'><strong>qood</strong></span> <span class='ocrx_word' id='word_1_344' title='bbox 1345 3601 1453 3684; x_wconf 71' lang='lat' dir='ltr'><strong>superest</strong></span> 
     </span>
     <span class='ocr_line' id='line_1_38' title="bbox 282 3688 1453 3770; baseline -0.007 -18"><span class='ocrx_word' id='word_1_345' title='bbox 282 3691 337 3752; x_wconf 90' lang='lat' dir='ltr'><strong>bac</strong></span> <span class='ocrx_word' id='word_1_346' title='bbox 359 3708 428 3751; x_wconf 84' lang='lat' dir='ltr'><strong>vero</strong></span> <span class='ocrx_word' id='word_1_347' title='bbox 451 3688 622 3768; x_wconf 78' lang='lat' dir='ltr'><strong>allegatione</strong></span> <span class='ocrx_word' id='word_1_348' title='bbox 645 3707 704 3750; x_wconf 92' lang='lat' dir='ltr'><strong>noo</strong></span> <span class='ocrx_word' id='word_1_349' title='bbox 726 3690 911 3768; x_wconf 88' lang='lat' dir='ltr'><strong>designatur,</strong></span> <span class='ocrx_word' id='word_1_350' title='bbox 950 3707 986 3750; x_wconf 86' lang='lat' dir='ltr'><strong>cx</strong></span> <span class='ocrx_word' id='word_1_351' title='bbox 1015 3689 1111 3750; x_wconf 88' lang='lat' dir='ltr'><strong>causis</strong></span> <span class='ocrx_word' id='word_1_352' title='bbox 1140 3709 1213 3770; x_wconf 88' lang='lat' dir='ltr'><strong>quas</strong></span> <span class='ocrx_word' id='word_1_353' title='bbox 1234 3691 1380 3751; x_wconf 87' lang='lat' dir='ltr'><strong>attulimus</strong></span> <span class='ocrx_word' id='word_1_354' title='bbox 1404 3695 1453 3744; x_wconf 77' lang='lat' dir='ltr'><strong>oud</strong></span> 
     </span>
     <span class='ocr_line' id='line_1_39' title="bbox 282 3759 1453 3854; baseline -0.008 -19"><span class='ocrx_word' id='word_1_355' title='bbox 282 3774 465 3836; x_wconf 88' lang='lat' dir='ltr'><strong>dubitatione</strong></span> <span class='ocrx_word' id='word_1_356' title='bbox 486 3783 598 3835; x_wconf 85' lang='lat' dir='ltr'><strong>remota</strong></span> <span class='ocrx_word' id='word_1_357' title='bbox 620 3774 770 3854; x_wconf 85' lang='lat' dir='ltr'><strong>posterius</strong></span> <span class='ocrx_word' id='word_1_358' title='bbox 798 3773 961 3836; x_wconf 85' lang='lat' dir='ltr'><strong>habebitur.</strong></span> <span class='ocrx_word' id='word_1_359' title='bbox 1004 3774 1175 3836; x_wconf 82' lang='lat' dir='ltr'><strong>Pamelius⁸</strong></span> <span class='ocrx_word' id='word_1_360' title='bbox 1207 3785 1237 3837; x_wconf 89' lang='lat' dir='ltr'><strong>et</strong></span> <span class='ocrx_word' id='word_1_361' title='bbox 1264 3759 1453 3836; x_wconf 66' lang='lat' dir='ltr'><strong>tillemontius*</strong></span> 
     </span>
    </p>
   </div>
   <div class='ocr_carea' id='block_1_5' title="bbox 281 3885 1457 4704">
    <p class='ocr_par' dir='ltr' id='par_1_5' title="bbox 281 3885 1457 4704">
     <span class='ocr_line' id='line_1_40' title="bbox 316 3885 1453 3960; baseline -0.005 -16"><span class='ocrx_word' id='word_1_362' title='bbox 316 3904 333 3944; x_wconf 90' lang='lat' dir='ltr'><strong>t.</strong></span> <span class='ocrx_word' id='word_1_363' title='bbox 351 3895 436 3944; x_wconf 82' lang='lat' dir='ltr'><strong>baron.</strong></span> <span class='ocrx_word' id='word_1_364' title='bbox 455 3893 537 3944; x_wconf 80' lang='lat' dir='ltr'><strong>lunai.</strong></span> <span class='ocrx_word' id='word_1_365' title='bbox 557 3894 586 3942; x_wconf 91' lang='lat' dir='ltr'><strong>ad</strong></span> <span class='ocrx_word' id='word_1_366' title='bbox 605 3909 625 3942; x_wconf 86' lang='lat' dir='ltr'><strong>a.</strong></span> <span class='ocrx_word' id='word_1_367' title='bbox 644 3893 706 3944; x_wconf 81' lang='lat' dir='ltr'><strong>cet.</strong></span> <span class='ocrx_word' id='word_1_368' title='bbox 726 3889 750 3956; x_wconf 54' lang='grc' dir='ltr'><strong>ἦ.</strong></span> <span class='ocrx_word' id='word_1_369' title='bbox 772 3891 810 3942; x_wconf 84' lang='grc'><strong>19.</strong></span> <span class='ocrx_word' id='word_1_370' title='bbox 913 3894 989 3944; x_wconf 82' lang='lat' dir='ltr'><strong>leones</strong></span> <span class='ocrx_word' id='word_1_371' title='bbox 1008 3895 1189 3960; x_wconf 69' lang='lat' dir='ltr'><strong>expostulentur,</strong></span> <span class='ocrx_word' id='word_1_372' title='bbox 1209 3885 1453 3960; x_wconf 69' lang='lat' dir='ltr'><strong>intepeseeoometc</strong></span> 
     </span>
     <span class='ocr_line' id='line_1_41' title="bbox 315 3959 1453 4024; baseline -0.004 -12"><span class='ocrx_word' id='word_1_373' title='bbox 315 3979 339 4012; x_wconf 93' lang='lat' dir='ltr'><strong>u.</strong></span> <span class='ocrx_word' id='word_1_374' title='bbox 358 3963 383 4012; x_wconf 82' lang='grc' dir='ltr'><strong>Ρ.</strong></span> <span class='ocrx_word' id='word_1_375' title='bbox 401 3962 469 4012; x_wconf 77' lang='lat' dir='ltr'><strong>tillir.</strong></span> <span class='ocrx_word' id='word_1_376' title='bbox 489 3963 527 4012; x_wconf 88' lang='lat' dir='ltr'><strong>cit.</strong></span> <span class='ocrx_word' id='word_1_377' title='bbox 546 3960 600 4010; x_wconf 92' lang='lat' dir='ltr'><strong>loco</strong></span> <span class='ocrx_word' id='word_1_378' title='bbox 619 3976 670 4024; x_wconf 89' lang='lat' dir='ltr'><strong>cap.</strong></span> <span class='ocrx_word' id='word_1_379' title='bbox 688 3961 735 4009; x_wconf 87' lang='lat' dir='ltr'><strong>llll.</strong></span> <span class='ocrx_word' id='word_1_380' title='bbox 755 3977 778 4024; x_wconf 87' lang='lat' dir='ltr'><strong>p.</strong></span> <span class='ocrx_word' id='word_1_381' title='bbox 797 3959 839 4010; x_wconf 71' lang='grc' dir='ltr'><strong>δῖ.</strong></span> <span class='ocrx_word' id='word_1_382' title='bbox 912 3967 1042 4022; x_wconf 73' lang='lat' dir='ltr'><strong>emuntur,</strong></span> <span class='ocrx_word' id='word_1_383' title='bbox 1060 3964 1113 4012; x_wconf 84' lang='lat' dir='ltr'><strong>iude</strong></span> <span class='ocrx_word' id='word_1_384' title='bbox 1130 3963 1412 4018; x_wconf 80' lang='lat' dir='ltr'><strong>tentotiooecemittuntur;</strong></span> <span class='ocrx_word' id='word_1_385' title='bbox 1425 3959 1453 4001; x_wconf 75' lang='lat' dir='ltr'><strong>att</strong></span> 
     </span>
     <span class='ocr_line' id='line_1_42' title="bbox 315 4025 1452 4095; baseline -0.004 -15"><span class='ocrx_word' id='word_1_386' title='bbox 315 4045 336 4080; x_wconf 87' lang='lat' dir='ltr'><strong>x.</strong></span> <span class='ocrx_word' id='word_1_387' title='bbox 355 4029 494 4080; x_wconf 69' lang='lat' dir='ltr'><strong>tertullian.</strong></span> <span class='ocrx_word' id='word_1_388' title='bbox 508 4030 544 4090; x_wconf 80' lang='lat' dir='ltr'><strong>,ds</strong></span> <span class='ocrx_word' id='word_1_389' title='bbox 560 4029 623 4090; x_wconf 80' lang='lat' dir='ltr'><strong>Fuga</strong></span> <span class='ocrx_word' id='word_1_390' title='bbox 643 4043 694 4093; x_wconf 83' lang='lat' dir='ltr'><strong>cap.</strong></span> <span class='ocrx_word' id='word_1_391' title='bbox 715 4028 726 4077; x_wconf 91' lang='lat'>1</span> <span class='ocrx_word' id='word_1_392' title='bbox 746 4036 770 4078; x_wconf 89' lang='lat' dir='ltr'><strong>et</strong></span> <span class='ocrx_word' id='word_1_393' title='bbox 789 4027 828 4078; x_wconf 80' lang='lat' dir='ltr'><strong>tt.</strong></span> <span class='ocrx_word' id='word_1_394' title='bbox 913 4027 963 4078; x_wconf 58' lang='lat'><strong>30:</strong></span> <span class='ocrx_word' id='word_1_395' title='bbox 986 4033 1041 4079; x_wconf 84' lang='lat' dir='ltr'><strong>item</strong></span> <span class='ocrx_word' id='word_1_396' title='bbox 1059 4031 1180 4095; x_wconf 82' lang='lat' dir='ltr'><strong>praesides</strong></span> <span class='ocrx_word' id='word_1_397' title='bbox 1209 4037 1364 4094; x_wconf 65' lang='lat' dir='ltr'><strong>perecutores</strong></span> <span class='ocrx_word' id='word_1_398' title='bbox 1380 4025 1452 4076; x_wconf 69' lang='lat' dir='ltr'><strong>oasim</strong></span> 
     </span>
     <span class='ocr_line' id='line_1_43' title="bbox 316 4092 1168 4162; baseline -0.002 -14"><span class='ocrx_word' id='word_1_399' title='bbox 316 4114 335 4162; x_wconf 71' lang='lat' dir='ltr'><strong>p.</strong></span> <span class='ocrx_word' id='word_1_400' title='bbox 356 4099 410 4160; x_wconf 83' lang='lat' dir='ltr'><strong>Pagi</strong></span> <span class='ocrx_word' id='word_1_401' title='bbox 430 4099 508 4148; x_wconf 79' lang='lat' dir='ltr'><strong>critic.</strong></span> <span class='ocrx_word' id='word_1_402' title='bbox 528 4097 558 4146; x_wconf 87' lang='lat' dir='ltr'><strong>ed</strong></span> <span class='ocrx_word' id='word_1_403' title='bbox 575 4111 597 4146; x_wconf 88' lang='lat' dir='ltr'><strong>a.</strong></span> <span class='ocrx_word' id='word_1_404' title='bbox 615 4095 673 4146; x_wconf 74' lang='lat'><strong>235.</strong></span> <span class='ocrx_word' id='word_1_405' title='bbox 693 4092 719 4160; x_wconf 60' lang='grc' dir='ltr'><strong>ᾖ.</strong></span> <span class='ocrx_word' id='word_1_406' title='bbox 737 4095 762 4146; x_wconf 86' lang='grc'><strong>3.</strong></span> <span class='ocrx_word' id='word_1_407' title='bbox 911 4099 1020 4146; x_wconf 77' lang='lat' dir='ltr'><strong>nominis.</strong></span> <span class='ocrx_word' id='word_1_408' title='bbox 1164 4151 1168 4160; x_wconf 35' lang='lat'>¹</span> 
     </span>
     <span class='ocr_line' id='line_1_44' title="bbox 316 4161 1396 4230; baseline -0.005 -16"><span class='ocrx_word' id='word_1_409' title='bbox 316 4180 335 4214; x_wconf 88' lang='lat' dir='ltr'><strong>z.</strong></span> <span class='ocrx_word' id='word_1_410' title='bbox 356 4165 441 4214; x_wconf 79' lang='lat' dir='ltr'><strong>Euseb.</strong></span> <span class='ocrx_word' id='word_1_411' title='bbox 459 4165 548 4215; x_wconf 85' lang='lat' dir='ltr'><strong>ilistor.</strong></span> <span class='ocrx_word' id='word_1_412' title='bbox 567 4165 618 4214; x_wconf 82' lang='lat' dir='ltr'><strong>tib.</strong></span> <span class='ocrx_word' id='word_1_413' title='bbox 637 4165 672 4213; x_wconf 84' lang='lat' dir='ltr'><strong>Vl.</strong></span> <span class='ocrx_word' id='word_1_414' title='bbox 692 4179 743 4227; x_wconf 87' lang='lat' dir='ltr'><strong>esp.</strong></span> <span class='ocrx_word' id='word_1_415' title='bbox 762 4161 802 4214; x_wconf 78' lang='lat'><strong>28.</strong></span> <span class='ocrx_word' id='word_1_416' title='bbox 947 4179 969 4212; x_wconf 88' lang='lat' dir='ltr'><strong>e.</strong></span> <span class='ocrx_word' id='word_1_417' title='bbox 987 4165 1053 4214; x_wconf 76' lang='lat' dir='ltr'><strong>tillir.</strong></span> <span class='ocrx_word' id='word_1_418' title='bbox 1073 4165 1105 4215; x_wconf 89' lang='lat' dir='ltr'><strong>cit</strong></span> <span class='ocrx_word' id='word_1_419' title='bbox 1122 4163 1176 4214; x_wconf 91' lang='lat' dir='ltr'><strong>loco</strong></span> <span class='ocrx_word' id='word_1_420' title='bbox 1195 4180 1246 4230; x_wconf 85' lang='lat' dir='ltr'><strong>cap.</strong></span> <span class='ocrx_word' id='word_1_421' title='bbox 1265 4163 1299 4212; x_wconf 84' lang='lat' dir='ltr'><strong>tt.</strong></span> <span class='ocrx_word' id='word_1_422' title='bbox 1319 4179 1342 4227; x_wconf 86' lang='lat' dir='ltr'><strong>p.</strong></span> <span class='ocrx_word' id='word_1_423' title='bbox 1360 4162 1396 4212; x_wconf 77' lang='lat' dir='ltr'><strong>lb.</strong></span> 
     </span>
     <span class='ocr_line' id='line_1_45' title="bbox 316 4225 1455 4296; baseline -0.003 -16"><span class='ocrx_word' id='word_1_424' title='bbox 316 4247 338 4281; x_wconf 92' lang='lat' dir='ltr'><strong>a.</strong></span> <span class='ocrx_word' id='word_1_425' title='bbox 358 4232 496 4282; x_wconf 83' lang='lat' dir='ltr'><strong>¹l&#39;ertulliau.</strong></span> <span class='ocrx_word' id='word_1_426' title='bbox 515 4232 625 4295; x_wconf 79' lang='lat' dir='ltr'><strong>deiuge</strong></span> <span class='ocrx_word' id='word_1_427' title='bbox 644 4247 695 4296; x_wconf 86' lang='lat' dir='ltr'><strong>cap.</strong></span> <span class='ocrx_word' id='word_1_428' title='bbox 717 4231 754 4281; x_wconf 93' lang='lat' dir='ltr'><strong>ll.</strong></span> <span class='ocrx_word' id='word_1_429' title='bbox 948 4231 965 4280; x_wconf 89' lang='lat' dir='ltr'><strong>l.</strong></span> <span class='ocrx_word' id='word_1_430' title='bbox 983 4232 1084 4282; x_wconf 70' lang='lat' dir='ltr'><strong>tertull.</strong></span> <span class='ocrx_word' id='word_1_431' title='bbox 1103 4232 1133 4281; x_wconf 85' lang='lat' dir='ltr'><strong>de</strong></span> <span class='ocrx_word' id='word_1_432' title='bbox 1152 4231 1245 4283; x_wconf 84' lang='lat' dir='ltr'><strong>Corona</strong></span> <span class='ocrx_word' id='word_1_433' title='bbox 1264 4231 1358 4296; x_wconf 67' lang='lat' dir='ltr'><strong>copie</strong></span> <span class='ocrx_word' id='word_1_434' title='bbox 1375 4227 1412 4280; x_wconf 82' lang='lat' dir='ltr'><strong>sot</strong></span> <span class='ocrx_word' id='word_1_435' title='bbox 1425 4225 1455 4272; x_wconf 70' lang='lat' dir='ltr'><strong>litt</strong></span> 
     </span>
     <span class='ocr_line' id='line_1_46' title="bbox 316 4291 1456 4365; baseline -0.003 -17"><span class='ocrx_word' id='word_1_436' title='bbox 316 4299 340 4348; x_wconf 90' lang='lat' dir='ltr'><strong>b.</strong></span> <span class='ocrx_word' id='word_1_437' title='bbox 359 4298 494 4351; x_wconf 81' lang='lat' dir='ltr'><strong>tittenoot</strong></span> <span class='ocrx_word' id='word_1_438' title='bbox 513 4301 552 4352; x_wconf 89' lang='lat' dir='ltr'><strong>cit.</strong></span> <span class='ocrx_word' id='word_1_439' title='bbox 572 4302 626 4351; x_wconf 89' lang='lat' dir='ltr'><strong>loco</strong></span> <span class='ocrx_word' id='word_1_440' title='bbox 644 4307 700 4350; x_wconf 89' lang='lat' dir='ltr'><strong>note</strong></span> <span class='ocrx_word' id='word_1_441' title='bbox 716 4299 860 4349; x_wconf 85' lang='lat' dir='ltr'><strong>x.surl&#39;er·</strong></span> <span class='ocrx_word' id='word_1_442' title='bbox 911 4302 1020 4350; x_wconf 74' lang='lat' dir='ltr'><strong>mutulos</strong></span> <span class='ocrx_word' id='word_1_443' title='bbox 1044 4299 1084 4358; x_wconf 85' lang='lat' dir='ltr'><strong>(de</strong></span> <span class='ocrx_word' id='word_1_444' title='bbox 1101 4300 1254 4363; x_wconf 74' lang='lat' dir='ltr'><strong>spectaculis)</strong></span> <span class='ocrx_word' id='word_1_445' title='bbox 1275 4307 1366 4365; x_wconf 76' lang='lat' dir='ltr'><strong>propter</strong></span> <span class='ocrx_word' id='word_1_446' title='bbox 1386 4291 1456 4345; x_wconf 67' lang='lat' dir='ltr'><strong>noel*</strong></span> 
     </span>
     <span class='ocr_line' id='line_1_47' title="bbox 281 4358 1455 4432; baseline -0.001 -15"><span class='ocrx_word' id='word_1_447' title='bbox 281 4365 375 4417; x_wconf 84' lang='lat' dir='ltr'><strong>tullian.</strong></span> <span class='ocrx_word' id='word_1_448' title='bbox 392 4382 417 4431; x_wconf 84' lang='lat' dir='ltr'><strong>p.</strong></span> <span class='ocrx_word' id='word_1_449' title='bbox 437 4367 494 4418; x_wconf 73' lang='grc'><strong>546.</strong></span> <span class='ocrx_word' id='word_1_450' title='bbox 912 4369 964 4417; x_wconf 81' lang='lat' dir='ltr'><strong>dios</strong></span> <span class='ocrx_word' id='word_1_451' title='bbox 990 4375 1082 4418; x_wconf 81' lang='lat' dir='ltr'><strong>nostros</strong></span> <span class='ocrx_word' id='word_1_452' title='bbox 1105 4383 1185 4431; x_wconf 73' lang='lat' dir='ltr'><strong>praeco</strong></span> <span class='ocrx_word' id='word_1_453' title='bbox 1209 4381 1297 4432; x_wconf 75' lang='lat' dir='ltr'><strong>quoose</strong></span> <span class='ocrx_word' id='word_1_454' title='bbox 1321 4367 1373 4416; x_wconf 80' lang='lat' dir='ltr'><strong>stilo</strong></span> <span class='ocrx_word' id='word_1_455' title='bbox 1394 4358 1455 4416; x_wconf 60' lang='lat' dir='ltr'><strong>edili</strong></span> 
     </span>
     <span class='ocr_line' id='line_1_48' title="bbox 317 4433 990 4500; baseline 0.006 -16"><span class='ocrx_word' id='word_1_456' title='bbox 317 4449 337 4484; x_wconf 81' lang='lat' dir='ltr'><strong>e.</strong></span> <span class='ocrx_word' id='word_1_457' title='bbox 356 4434 410 4484; x_wconf 84' lang='lat' dir='ltr'><strong>Orsi</strong></span> <span class='ocrx_word' id='word_1_458' title='bbox 435 4435 495 4485; x_wconf 85' lang='lat' dir='ltr'><strong>lliss.</strong></span> <span class='ocrx_word' id='word_1_459' title='bbox 520 4437 554 4485; x_wconf 79' lang='lat' dir='ltr'><strong>lta</strong></span> <span class='ocrx_word' id='word_1_460' title='bbox 579 4435 653 4486; x_wconf 80' lang='lat' dir='ltr'><strong>Criu.</strong></span> <span class='ocrx_word' id='word_1_461' title='bbox 680 4436 756 4500; x_wconf 80' lang='lat' dir='ltr'><strong>Capit.</strong></span> <span class='ocrx_word' id='word_1_462' title='bbox 779 4433 860 4484; x_wconf 83' lang='lat' dir='ltr'><strong>lbsol.</strong></span> <span class='ocrx_word' id='word_1_463' title='bbox 910 4437 990 4488; x_wconf 68' lang='lat' dir='ltr'><strong>tim</strong></span> 
     </span>
     <span class='ocr_line' id='line_1_49' title="bbox 282 4485 1454 4568; baseline -0.005 -14"><span class='ocrx_word' id='word_1_464' title='bbox 282 4503 346 4554; x_wconf 72' lang='lat' dir='ltr'><strong>see.</strong></span> <span class='ocrx_word' id='word_1_465' title='bbox 365 4501 394 4553; x_wconf 88' lang='grc' dir='ltr'><strong>ιι.</strong></span> <span class='ocrx_word' id='word_1_466' title='bbox 413 4517 464 4566; x_wconf 73' lang='lat' dir='ltr'><strong>op.</strong></span> <span class='ocrx_word' id='word_1_467' title='bbox 483 4502 511 4553; x_wconf 87' lang='lat'><strong>11.</strong></span> <span class='ocrx_word' id='word_1_468' title='bbox 530 4504 633 4565; x_wconf 73' lang='lat' dir='ltr'><strong>otgers.</strong></span> <span class='ocrx_word' id='word_1_469' title='bbox 650 4504 679 4554; x_wconf 89' lang='grc' dir='ltr'><strong>ιι.</strong></span> <span class='ocrx_word' id='word_1_470' title='bbox 696 4502 786 4568; x_wconf 83' lang='lat' dir='ltr'><strong>p.104</strong></span> <span class='ocrx_word' id='word_1_471' title='bbox 806 4517 859 4567; x_wconf 66' lang='lat' dir='ltr'><strong>sqq.</strong></span> <span class='ocrx_word' id='word_1_472' title='bbox 946 4519 968 4566; x_wconf 62' lang='grc' dir='ltr'><strong>ς.</strong></span> <span class='ocrx_word' id='word_1_473' title='bbox 987 4503 1106 4554; x_wconf 67' lang='lat' dir='ltr'><strong>ramerius</strong></span> <span class='ocrx_word' id='word_1_474' title='bbox 1123 4503 1147 4552; x_wconf 73' lang='lat' dir='ltr'><strong>ra</strong></span> <span class='ocrx_word' id='word_1_475' title='bbox 1166 4503 1216 4552; x_wconf 74' lang='lat' dir='ltr'><strong>vin</strong></span> <span class='ocrx_word' id='word_1_476' title='bbox 1234 4501 1333 4552; x_wconf 66' lang='lat' dir='ltr'><strong>ranan.</strong></span> <span class='ocrx_word' id='word_1_477' title='bbox 1351 4485 1454 4549; x_wconf 65' lang='lat' dir='ltr'><strong>acted·</strong></span> 
     </span>
     <span class='ocr_line' id='line_1_50' title="bbox 316 4563 1457 4636; baseline -0.006 -15"><span class='ocrx_word' id='word_1_478' title='bbox 316 4570 340 4621; x_wconf 85' lang='lat' dir='ltr'><strong>d.</strong></span> <span class='ocrx_word' id='word_1_479' title='bbox 358 4569 496 4621; x_wconf 67' lang='lat' dir='ltr'><strong>tertullien.</strong></span> <span class='ocrx_word' id='word_1_480' title='bbox 514 4569 662 4636; x_wconf 67' lang='lat' dir='ltr'><strong>cosmetae.</strong></span> <span class='ocrx_word' id='word_1_481' title='bbox 680 4585 732 4635; x_wconf 83' lang='lat' dir='ltr'><strong>cap.</strong></span> <span class='ocrx_word' id='word_1_482' title='bbox 743 4569 793 4621; x_wconf 73' lang='lat' dir='ltr'><strong>lb:</strong></span> <span class='ocrx_word' id='word_1_483' title='bbox 810 4571 861 4620; x_wconf 80' lang='lat' dir='ltr'><strong>lilia</strong></span> <span class='ocrx_word' id='word_1_484' title='bbox 946 4571 969 4620; x_wconf 90' lang='lat' dir='ltr'><strong>b.</strong></span> <span class='ocrx_word' id='word_1_485' title='bbox 994 4571 1131 4622; x_wconf 82' lang='lat' dir='ltr'><strong>Tillenout.</strong></span> <span class='ocrx_word' id='word_1_486' title='bbox 1157 4571 1196 4622; x_wconf 83' lang='lat' dir='ltr'><strong>cit,</strong></span> <span class='ocrx_word' id='word_1_487' title='bbox 1224 4569 1277 4621; x_wconf 85' lang='lat' dir='ltr'><strong>loeo</strong></span> <span class='ocrx_word' id='word_1_488' title='bbox 1302 4575 1352 4619; x_wconf 85' lang='lat' dir='ltr'><strong>not</strong></span> <span class='ocrx_word' id='word_1_489' title='bbox 1378 4563 1410 4616; x_wconf 82' lang='lat' dir='ltr'><strong>ll.</strong></span> <span class='ocrx_word' id='word_1_490' title='bbox 1432 4567 1457 4604; x_wconf 77' lang='lat' dir='ltr'><strong>so</strong></span> 
     </span>
     <span class='ocr_line' id='line_1_51' title="bbox 282 4637 1168 4704; baseline 0.002 -18"><span class='ocrx_word' id='word_1_491' title='bbox 282 4637 316 4698; x_wconf 88' lang='lat' dir='ltr'><strong>(io</strong></span> <span class='ocrx_word' id='word_1_492' title='bbox 335 4640 443 4688; x_wconf 77' lang='lat' dir='ltr'><strong>coetibus</strong></span> <span class='ocrx_word' id='word_1_493' title='bbox 461 4639 619 4691; x_wconf 83' lang='lat' dir='ltr'><strong>etbnicomml</strong></span> <span class='ocrx_word' id='word_1_494' title='bbox 637 4641 662 4688; x_wconf 83' lang='lat' dir='ltr'><strong>io</strong></span> <span class='ocrx_word' id='word_1_495' title='bbox 679 4653 721 4690; x_wconf 81' lang='lat' dir='ltr'><strong>sos</strong></span> <span class='ocrx_word' id='word_1_496' title='bbox 731 4640 861 4702; x_wconf 81' lang='lat' dir='ltr'><strong>quotidiani</strong></span> <span class='ocrx_word' id='word_1_497' title='bbox 912 4637 1051 4690; x_wconf 82' lang='lat' dir='ltr'><strong>Tertullian.</strong></span> <span class='ocrx_word' id='word_1_498' title='bbox 1068 4653 1093 4704; x_wconf 86' lang='lat' dir='ltr'><strong>p.</strong></span> <span class='ocrx_word' id='word_1_499' title='bbox 1111 4637 1168 4688; x_wconf 73' lang='grc'><strong>546.</strong></span> 
     </span>
    </p>
   </div>
   <div class='ocr_carea' id='block_1_6' title="bbox 0 0 1552 5248">
    <p class='ocr_par' dir='ltr' id='par_1_6' title="bbox 0 0 1552 5248">
     <span class='ocr_line' id='line_1_52' title="bbox 0 0 1552 5248; baseline 0 0"><span class='ocrx_word' id='word_1_500' title='bbox 0 0 1552 5248; x_wconf 95' lang='lat' dir='ltr'><strong> </strong></span> 
     </span>
    </p>
   </div>
  </div>
 </body>
</html>
