3078 5248
265 383 329 450 stt
423 403 516 446 oram
530 401 725 446 rauranum
740 401 831 446 ounn
844 401 876 445 nt
889 367 1080 448 uonrsnrsuo
1094 373 1330 464 'scnrrrnnnsnr

264 554 385 618 datione
417 554 502 632 digna
534 551 716 616 videbantur.
759 554 802 615 lie
833 553 890 615 lide
923 554 1055 633 ipsomm
1087 553 1196 614 nollem
1228 553 1365 620 cavillari,
1406 555 1495 633 quod

265 640 373 720 ipsum,
395 637 420 699 si
443 638 509 717 quis
533 645 641 699 temere
664 640 780 710 faceret,
809 639 896 700 etiam
919 639 1119 702 difficillimum
1137 639 1234 712 xforet;
1262 645 1387 700 cumei
1412 657 1493 699 ano-

264 741 369 803 nymus
397 723 445 784 ille
467 731 495 783 et
515 719 688 801 Apollonius
710 723 903 784 vetustissimi
935 733 1069 785 auctores
1091 723 1150 784 sint
1176 723 1330 804 ipsamque
1351 723 1495 784 Montani

263 817 388 870 aetatem
410 807 567 886 attigerint.
609 807 710 885 Neque
731 817 828 868 tamen
850 807 962 881 duhite,
985 808 1055 886 quin
1076 808 1128 881 illi,
1151 808 1200 886 qui
1223 825 1258 868 ex
1278 807 1326 868 his
1348 809 1493 869 auctori-

263 893 322 956 bus
349 900 463 954 ceteros
492 910 545 953 sua
574 890 770 971 descripsisse
792 901 910 964 norunt,
937 892 1059 972 rigidius
1093 911 1214 954 examen
1235 892 1405 956 admissuri
1432 893 1494 954 sint

264 986 293 1040 et
314 977 396 1039 facile
418 976 630 1049 concesserint,
658 977 774 1054 quando
801 976 848 1038 his
870 977 1079 1056 indulgeretur,
1106 985 1204 1038 cetera
1225 995 1342 1056 quoque
1364 977 1492 1038 Monu-

264 1061 388 1124 nistirae
414 1060 537 1122 historia
565 1069 754 1124 monumenta
780 1060 987 1124 inemendabili
1013 1061 1204 1124 dubitationis
1224 1061 1295 1123 vitio
1316 1061 1492 1124 involutum

233 1149 240 1160 '
264 1148 310 1209 iri.
354 1146 396 1206 dc
416 1145 543 1224 primum
565 1146 677 1217 nescio,
699 1163 797 1206 arinen
819 1148 928 1208 multos
951 1146 980 1207 id
995 1164 1086 1207 unum
1104 1147 1254 1208 offendere
1268 1147 1379 1224 possit,
1408 1147 1491 1225 quod

263 1229 455 1293 vetustissimi
481 1247 581 1290 rerum
603 1230 870 1293 hlontanisticarnm
897 1239 1018 1292 auctore
1062 1239 1202 1294 nontam
1224 1231 1361 1292 historici
1383 1231 1491 1292 studio

263 1316 389 1396 partium
411 1333 536 1393 prorsus
558 1315 651 1386 vacui,
673 1331 760 1393 quam
781 1315 880 1394 potius
902 1315 932 1376 in
954 1251 1117 1394 ipsdcum
1139 1315 1267 1376 Montani
1293 1333 1387 1395 grege
1415 1335 1491 1376 con-

265 1399 418 1462 troversiis
440 1399 558 1461 volutati
581 1399 700 1472 inerint.
744 1399 809 1460 Non
829 1399 966 1479 squidem
989 1399 1103 1479 ignoro,
1126 1401 1163 1461 de
1184 1400 1290 1462 ceteris
1311 1399 1490 1479 etiample-

263 1487 365 1564 risque
393 1483 483 1545 sectis
511 1481 608 1544 nullos
637 1483 712 1545 alies
734 1485 893 1550 historicos
915 1503 1082 1564 superesse,
1111 1485 1169 1546 nisi
1191 1485 1239 1564 qui
1262 1485 1351 1545 simul
1374 1485 1489 1546 adrer-

264 1569 334 1632 sarii
357 1569 478 1630 inerint.
508 1569 567 1630 Sed
588 1569 646 1630 hee
666 1569 763 1648 ipsum
785 1568 1003 1630 incommodum
1026 1569 1132 1630 multas
1155 1569 1296 1630 historiae
1309 1571 1488 1630 haeresium

150 1729 153 1739 ,
262 1653 502 1735 partesluhricas
516 1653 682 1714 reddidisse
704 1661 733 1714 et
753 1662 913 1716 sectatores
935 1653 1007 1714 certi
1029 1671 1063 1714 ac
1083 1653 1143 1714 reri
1166 1654 1320 1732 religiosos
1344 1655 1377 1714 in
1403 1655 1487 1716 anci-

263 1739 333 1820 pitis
355 1737 544 1798 dubitationis
567 1739 672 1800 fluctus
694 1739 826 1812 misisse,
848 1739 960 1800 utinam
981 1738 1055 1800 falso
1077 1736 1249 1800 instaretur!
1281 1737 1419 1800 Tenehit
1434 1740 1487 1800 hoc

263 1831 342 1884 certe
365 1822 495 1883 omnium
517 1839 621 1884 eorum
642 1823 757 1884 animos
780 1841 955 1902 suspensos,
973 1823 1022 1902 qui
1045 1823 1197 1884 hominnm
1220 1823 1336 1902 ingenia
1361 1835 1484 1894 norunt,

265 1916 295 1968 et
326 1925 411 1985 quam
444 1906 526 1968 facile
556 1907 628 1967 viris
656 1907 827 1986 ceteroquin
855 1906 1052 1987 integerrimis
1080 1907 1213 1969 vincendi
1240 1907 1433 1969 desiderium
1460 1921 1483 1968 et

218 2040 228 2062 ,
264 1991 432 2071 disputandi
461 2000 540 2052 artes
568 1991 651 2070 quasi
680 2011 715 2052 ex
741 1991 856 2052 insidiis
884 1992 1037 2072 obrepant,
1070 1993 1269 2073 exemplorum
1291 1992 1484 2054 mtdtitudine

264 2075 437 2138 didicerunt.
480 2075 590 2136 Deinde
612 2093 774 2155 anonymus
796 2076 843 2137 ille
864 2075 1058 2151 Eusebianns,
1087 2077 1147 2155 qni,
1177 2088 1208 2138 ut
1229 2077 1369 2148 diximus,
1394 2078 1483 2138 Aste-

263 2160 326 2220 rius
349 2160 483 2222 Urhanus
512 2159 586 2220 falso
614 2161 752 2234 creditur,
784 2161 879 2221 trihus
906 2159 989 2222 tibris
1011 2162 1074 2223 suis
1096 2162 1125 2222 id
1148 2161 1216 2240 egit,
1245 2170 1277 2222 nt
1296 2161 1482 2240 disputatio-

263 2261 343 2316 nem,
374 2261 429 2321 que
457 2261 523 2304 eum
545 2243 731 2306 hlontanistis
753 2246 883 2324 Ancyrae
912 2263 1090 2324 congressus
1120 2254 1191 2319 erat,
1220 2246 1286 2326 ipse
1308 2246 1408 2307 victor
1432 2247 1482 2307 de·

264 2327 437 2389 scriberet‘t
481 2328 568 2401 Quod
601 2329 626 2388 si
656 2337 735 2389 caste
763 2349 796 2390 ao
820 2329 957 2408 religiose.
979 2329 1056 2404 fecit,
1090 2349 1211 2392 necesse
1234 2339 1306 2402 erat,
1339 2337 1376 2391 ut
1397 2332 1483 2410 prius

262 2411 402 2473 victoriae
434 2431 503 2473 suae
534 2411 600 2472 aliis
630 2412 851 2491 persuadendae
885 2414 1023 2488 studium,
1057 2415 1136 2495 quod
1162 2416 1242 2476 inter
1261 2417 1391 2476 humana
1416 2416 1480 2476 titia

263 2496 435 2575 plerumque
461 2505 612 2576 pestremo
633 2496 698 2558 loco
722 2498 887 2576 deponitur,
917 2507 1045 2560 exueret.
1089 2500 1181 2579 Atque
1203 2509 1235 2561 ut
1256 2502 1479 2562 controversia-

263 2599 330 2641 rum
357 2581 422 2641 libri
452 2580 483 2641 in
510 2582 608 2654 rebus,
624 2599 710 2660 quae
739 2583 805 2644 laeti
828 2593 906 2657 sunt,
935 2601 1024 2663 saepe
1045 2585 1150 2646 merite
1172 2585 1299 2664 suspecti
1322 2584 1479 2656 hahentur,

263 2665 303 2726 ita
325 2665 438 2736 nescio,
460 2683 558 2726 annon
578 2674 719 2744 augeatur
740 2667 859 2728 lectoris
882 2667 1046 2742 haesitatio,
1075 2669 1191 2748 quando
1213 2670 1279 2748 quis
1300 2670 1409 2748 agonis
1434 2669 1477 2730 sui

264 2749 354 2810 simul
376 2760 406 2810 et
425 2758 507 2811 actor
528 2757 558 2810 et
577 2750 664 2813 iudex
686 2759 716 2812 et
736 2770 843 2830 praeco
864 2761 920 2826 est,
943 2771 997 2814 neo
1018 2762 1129 2814 tantum
1152 2763 1253 2814 contra
1275 2772 1348 2814 suos
1373 2755 1480 2816 adrer-

264 2834 360 2896 sarios
388 2843 505 2912 pugnat,
537 2836 591 2895 sed
619 2844 649 2897 et
674 2855 760 2914 quam
789 2837 911 2898 feliciter
939 2838 1008 2898 elim
1030 2835 1210 2917 pirgnaverit,
1242 2837 1307 2899 aliis
1329 2839 1475 2900 harundo

263 2925 484 2980 commemorat.
527 2917 564 2980 Et
583 2920 724 2998 gloriatur
744 2930 840 2983 umen
864 2939 1025 3002 anonymus
1047 2923 1094 2982 ille
1116 2923 1152 2983 de
1166 2923 1400 3002 perturbatione,
1419 2940 1486 3000 qua,

263 3003 385 3064 victoria
408 3022 461 3064 sua
482 3003 684 3078 Montanium,
707 3014 736 3066 et
757 3006 793 3067 'de
815 3007 939 3084 gaudiis,
959 3004 1064 3086 quibus
1086 3007 1188 3068 eadem
1211 3007 1398 3069 orthodoxos
1420 3009 1477 3068 im-

262 3087 410 3168 pleverit&
455 3087 550 3148 Erunt
576 3089 712 3150 fortassis
741 3090 828 3151 etiam
855 3091 953 3170 aliqui,
981 3090 1088 3170 quihus
1121 3101 1291 3170 suspectum
1320 3093 1478 3164 ridebitur,

263 3173 353 3250 quod,
375 3190 442 3233 cum
456 3172 597 3251 Ancyrani
619 3169 781 3252 presbyteri
802 3176 1132 3237 huncllontanistarum
1153 3177 1294 3238 victorem
1308 3187 1478 3256 rogassent,

264 3262 297 3316 ut
318 3255 526 3334 disputationis
548 3275 619 3318 suae
639 3275 783 3332 summam
805 3259 900 3321 adhuc
912 3261 1041 3338 Ancyrae
1062 3261 1156 3321 literis
1177 3261 1337 3335 mandaret,
1359 3263 1410 3323 ille
1433 3273 1478 3324 ta·

263 3357 331 3424 men
353 3339 455 3400 neseio
477 3340 583 3419 quihus
605 3359 641 3402 ex
663 3343 759 3404 causis
781 3344 944 3406 consultius
965 3345 1090 3418 duxerit,
1119 3361 1174 3406 nee
1194 3348 1333 3426 Ancyrae,
1355 3345 1408 3408 uhi
1431 3347 1478 3408 di-

264 3433 441 3502 sputaverat,
463 3443 517 3484 neo
538 3443 584 3496 eo,
607 3443 665 3504 quo
687 3427 730 3487 rei
753 3436 851 3505 gestae
872 3430 1015 3490 memoria
1035 3447 1128 3509 penes
1142 3429 1209 3500 hos,
1232 3431 1281 3509 qui
1296 3431 1479 3498 audiverant

263 3508 359 3570 adhuc
390 3527 494 3569 reeens
527 3527 595 3570 esse
626 3518 750 3589 poterat,
784 3521 926 3590 tempore,
960 3514 1013 3575 sed
1044 3522 1115 3592 pest
1145 3513 1263 3593 aliquod
1295 3515 1479 3578 intervallum

263 3591 397 3654 victrices
426 3611 495 3654 suas
524 3595 674 3655 orationes
702 3594 895 3657 describere·
936 3597 1055 3659 Accedit
1076 3606 1106 3660 et
1126 3598 1192 3671 hoc,
1221 3600 1300 3678 qnod
1321 3609 1409 3662 retus
1431 3601 1481 3662 ille

259 3695 426 3758 anonymus
450 3677 482 3738 in
511 3677 714 3740 descrihendis
743 3698 776 3740 ao
803 3680 969 3742 refellendis
991 3681 1175 3744 Montanistis
1196 3701 1257 3744 non
1279 3702 1402 3762 semper
1422 3687 1480 3746 iis-

263 3764 330 3824 dem
352 3763 440 3824 armis
462 3772 580 3842 prugnet,
604 3762 657 3824 sed
678 3763 769 3824 altero
792 3763 867 3825 lihro
882 3766 955 3846 ipsis
971 3768 1132 3829 concedere
1146 3767 1286 3842 videatur,
1308 3769 1390 3846 quod
1406 3772 1479 3831 ade-

236 3879 240 3889 s
262 3856 357 3910 meret
378 3849 479 3910 altero.
523 3847 595 3908 Nam
618 3865 695 3921 ecce,
718 3849 834 3926 quando
856 3850 893 3912 de
915 3851 1084 3931 prophetica
1099 3852 1227 3914 Montani
1248 3854 1410 3916 iactatione
1430 3856 1479 3916 lo-

262 3933 362 4013 quitur
399 3951 523 4011 eumque
554 3931 719 4018 redarguit,
747 3935 827 4012 quod
855 3935 1034 3997 contrarium
1062 3937 1223 4000 sentientes
1250 3947 1479 4017 persecutorum

261 4017 328 4078 lohe
356 4017 477 4090 haheat,
511 4026 589 4112 turre,
622 4017 699 4096 quis,
730 4019 834 4098 inquit,
867 4038 903 4080 ex
931 4020 1015 4081 turha
1043 4029 1138 4082 restra
1160 4022 1268 4084 Christi
1289 4023 1413 4086 nomine
1434 4025 1478 4086 vel

296 4233 320 4282 q.
339 4219 424 4268 Enseh.
443 4220 481 4269 eit.
501 4219 554 4270 loco
572 4235 624 4284 cap.
647 4219 684 4271 lli.
894 4235 949 4270 nov
959 4221 1157 4290 πρεσβυτέρων,
1178 4216 1483 4291 ὅπωςτῶνλεχθέηων

296 4301 316 4334 r.
336 4286 409 4335 ltin:
428 4279 465 4340 ὥς
482 4281 531 4347 τὴν
547 4280 781 4354 pericularitet}
801 4286 844 4338 oi·
893 4285 963 4338 κατὰ
993 4289 1049 4339 τῶν
1081 4285 1342 4360 ἀντιδιατιθεμένων
1365 4293 1407 4359 τῷ
1432 4297 1481 4356 τῆς

261 4347 410 4430 λιασθζῐναι
422 4347 550 4432 καὶῖπρός
564 4349 614 4416 τὴν
629 4347 761 4416 ἀλήθειαν
770 4304 844 4426 gud
894 4347 1021 4418 ἀληθείας
1043 4353 1116 4426 lo'yp
1133 4355 1308 4428 ὑπομνήματι
1325 4359 1482 4412 καταλίπω-

262 4415 414 4498 perderet,
433 4435 496 4475 coer
512 4417 543 4472 δὲ
558 4416 709 4480 ἐξεναντίας
725 4419 794 4492 πρὸς
811 4419 842 4474 τὸ
892 4439 952 4492 μεν,
972 4451 1005 4462 -
1022 4455 1055 4465 -
1072 4427 1153 4478 τοῦτο
1170 4423 1222 4496 μὲν
1239 4421 1287 4477 οὐκ
1303 4422 1481 4498 ἐπράξαμεν·

259 4501 353 4606 ggqaov
373 4479 599 4602 qinoxgqocdq'ros
619 4488 666 4542 καὶ
690 4488 752 4547 τοὺς
768 4485 842 4542 ἀντι·
892 4485 1110 4577 ἒπζιγγειζᾶμεθᾳ
1139 4491 1168 4546 di
1197 4490 1296 4576 ἒνθιξδε
1317 4491 1483 4582 yqoiqpcvqer

295 4569 582 4680 ..oqqideqtqstqotqtqu
596 4614 840 4680 oderoirzoerr'cro'.
891 4560 1204 4686 qqqrylqungyoetdtdwrot‘,
1224 4562 1271 4614 dm
1283 4560 1482 4636 mmmm-
1533 4585 1534 4612 Χ
