3092 5234
297 379 360 444 594
382 395 420 439 ΒΕ
435 395 509 438 vent
522 393 637 436 lusura
651 393 687 436 dii
700 391 849 436 nocturna
864 393 1051 438 sumntum
1065 393 1263 439 tutulum!
1275 396 1427 440 ntsruttrtu

297 546 387 608 rioris
409 543 539 606 stetisse.
583 541 671 614 Quod
692 549 897 618 argrrmenurm
925 559 1044 604 omnem
1073 551 1153 604 carte
1181 561 1245 605 rem
1273 545 1420 618 conficeret
1435 549 1467 608 nii

295 629 464 694 levissimus
492 627 524 688 in
552 624 736 705 exponendis
762 625 979 686 haereticorum
1006 625 1198 706 opinionibus
1224 629 1315 690 homo
1336 629 1467 708 Epinoion

297 715 385 776 ctiam
406 712 456 773 hic
483 728 567 771 mora
594 728 650 770 suo
679 707 775 779 errori
802 727 836 769 aa
866 709 1006 770 dedisset.
1057 709 1132 770 Nam
1162 720 1194 771 et
1218 711 1386 774 Gaianorum
1409 724 1467 774 uua

297 799 373 860 hanc
393 795 547 856 mulierem
575 793 719 854 addictam
747 792 839 854 huosa
871 792 913 854 ait
943 793 1008 871 ipse
1030 794 1229 856 Tertullianus
1257 798 1295 868 (a.
1321 801 1369 873 1.),
1387 815 1467 874 quoru

238 921 241 926 -
298 889 328 943 et
354 882 470 942 decreta
497 887 528 940 et
554 894 655 938 mores
681 876 804 938 mtdutm
837 875 1007 955 discrepant
1034 895 1050 938 a
1077 877 1322 942 Montanistarum
1353 881 1468 958 dacum

298 975 328 1027 et
348 979 498 1042 nunquam
519 960 704 1040 repudiatum
726 958 906 1038 baptismum
927 979 944 1022 a
965 961 1152 1024 llontanistis
1173 961 1311 1040 legimus,
1340 965 1389 1024 sed
1405 965 1467 1024 deta

298 1067 364 1111 sum
387 1046 512 1108 etiam'a
534 1045 715 1106 Tertulliano
735 1045 915 1106 hiontanista
934 1045 1037 1108 multis
1059 1045 1091 1106 in
1111 1045 1197 1118 locis,
1220 1055 1252 1108 ut
1272 1047 1312 1108 dc
1331 1047 1468 1108 Pudicitiae

300 1136 350 1196 19.
395 1131 452 1192 Sed
476 1138 547 1190 sunt
567 1129 622 1190 alia
640 1129 703 1210 duo
731 1137 903 1206 argumenta
931 1129 1008 1206 apud
1029 1129 1219 1207 Dupioiumr,
1247 1130 1355 1208 quibus
1375 1132 1469 1192 hunsl

297 1218 386 1278 hrum
412 1215 444 1274 in
470 1213 598 1274 indicem
627 1211 807 1290 scriptorum
838 1211 1048 1274 emendatioris
1080 1213 1231 1274 docuinae
1262 1215 1366 1285 inicrt,
1393 1215 1469 1274 altam

298 1300 377 1379 qnod
404 1297 477 1358 nulii
505 1297 565 1358 sint
591 1296 662 1357 huic
687 1295 765 1357 lihro
793 1313 912 1356 errores
940 1295 1184 1358 llontanistarum
1217 1297 1365 1376 adspersi,
1393 1298 1469 1358 altum

298 1383 378 1463 qarod
399 1383 477 1442 dicat
496 1388 676 1460 potestatem
697 1377 868 1440 conterendi
889 1378 1027 1458 baptismi
1048 1397 1109 1441 non
1130 1379 1190 1442 uisi
1212 1381 1411 1460 episcoporum
1427 1399 1469 1442 ersa

253 1501 256 1508 ·
300 1468 383 1528 naias
406 1465 493 1526 ctiam
516 1483 585 1526 esse
608 1463 634 1524 si
656 1464 723 1541 quis
745 1461 823 1522 illam
845 1459 1019 1524 mulieribus
1045 1462 1203 1534 concedat;
1230 1481 1308 1542 quaa
1337 1463 1415 1526 rerba
1429 1465 1470 1524 Tc·

299 1550 411 1612 tulliani
433 1548 474 1609 ilii
496 1548 632 1609 videntur
653 1547 800 1608 contraria
819 1545 1065 1608 montanistarum
1087 1545 1268 1626 disciplinae.
1314 1549 1352 1610 st
1375 1549 1430 1608 iliud
1444 1567 1470 1608 s·

298 1634 400 1714 parius
423 1631 541 1694 cludere
563 1631 657 1709 quide
680 1630 764 1691 facile
777 1637 879 1708 potest
891 1649 939 1703 ao,
961 1630 1041 1708 quod
1055 1629 1142 1703 dicat,
1164 1649 1225 1692 non
1239 1649 1312 1692 csse
1325 1631 1470 1694 hunclihrn

299 1717 471 1797 oppositum
503 1715 686 1777 orthodoxae
718 1713 866 1776 Ecclesiae
902 1714 1057 1786 doctrinis,
1093 1715 1172 1775 unde
1213 1733 1268 1776 nec
1303 1716 1470 1778 admiratione

298 1801 421 1862 hah'eret
442 1801 509 1872 hoo,
537 1799 617 1878 quod
639 1797 838 1859 Tertullianus
861 1797 1040 1859 manutium
1070 1797 1106 1860 ah
1134 1797 1184 1860 illa
1205 1799 1333 1860 ecclesia
1357 1799 1470 1860 disscnm

298 1885 482 1964 profiteatur,
505 1883 584 1962 qnod
607 1901 663 1944 nec
683 1882 714 1943 in
736 1881 800 1944 aliis
820 1881 899 1956 iacit,
921 1881 952 1942 iu
974 1881 1081 1960 quihus
1103 1881 1161 1944 sihi
1176 1901 1236 1943 non
1251 1883 1470 1962 pugnandunua

299 1967 450 2048 Psychicis
479 1985 548 2028 essa
568 1966 696 2039 videbat,
729 1965 819 2026 voluti
846 1964 875 2026 in
903 1965 979 2026 libro
1008 1965 1045 2026 do
1065 1965 1157 2026 Pallio
1185 1966 1312 2045 aliisque
1340 1985 1417 2046 supra
1435 1983 1470 2044 pc·

301 2052 442 2114 tractatis.
488 2051 547 2112 Sed
576 2051 605 2110 in
634 2050 726 2110 altero
756 2049 874 2128 llupinii
902 2057 1075 2128 argrrmcnto
1102 2049 1176 2112 falsa
1206 2051 1287 2112 raris
1325 2061 1392 2112 sunt
1415 2053 1471 2110 nin

300 2137 412 2213 ltaque,
447 2153 522 2212 quae
550 2142 631 2194 recte
659 2151 695 2194 ex
724 2151 760 2193 eo
787 2151 843 2211 pro
862 2134 982 2214 integra
1011 2133 1099 2194 huius
1131 2133 1198 2194 libri
1226 2134 1364 2195 doctrina
1389 2131 1471 2212 depron

299 2218 425 2298 possint
447 2225 554 2296 postca
574 2217 791 2296 disputabimus
819 2225 849 2276 et
879 2235 970 2278 unum
998 2217 1047 2278 hic
1074 2217 1344 2280 animadvertemus
1370 2219 1416 2280 riri
1431 2217 1471 2276 dut

211 2343 215 2348 ·
300 2319 443 2362 errorem.
488 2300 629 2360 Videlicet
649 2300 842 2361 Montanistas
870 2301 1038 2380 suspicatur
1064 2301 1181 2362 laminis
1208 2310 1389 2380 potestatem
1405 2300 1472 2380 pullu

300 2385 426 2447 docendi
447 2383 578 2454 dedisse,
600 2401 688 2461 quam
710 2402 776 2444 cum
799 2383 834 2445 iis
856 2383 966 2446 adimat
984 2385 1132 2446 leentiam
1151 2386 1354 2448 Tarurliianus
1368 2387 1397 2448 in
1413 2393 1472 2444 nasu

300 2469 408 2540 libello,
436 2468 515 2528 hunc
542 2474 625 2544 putat
655 2486 691 2528 ex
717 2485 842 2528 numero
870 2485 932 2528 non
958 2468 1232 2530 Montanisticorum
1264 2489 1350 2532 esse.
1401 2470 1470 2542 hp

277 2551 489 2614 hauddubie
515 2559 601 2624 errat,
636 2560 667 2612 et
694 2558 797 2612 conus
823 2550 987 2612 niteremur
1013 2552 1072 2612 hoc
1099 2553 1164 2613 ioco
1193 2570 1228 2613 ex
1255 2553 1336 2631 ipsis
1357 2549 1473 2614 uentu

300 2635 420 2716 scriptis
441 2636 499 2697 iam
521 2635 719 2696 Montanismo
740 2634 868 2707 iniectis,
891 2641 917 2695 e'.
940 2653 966 2697 c.
989 2654 1007 2696 e
1033 2634 1109 2696 libro
1137 2636 1175 2696 de
1196 2636 1338 2698 velandis
1359 2634 1473 2713 Virginis

299 2739 325 2780 c.
348 2723 389 2792 9.,
419 2719 477 2780 nisi
507 2737 571 2780 eam
599 2719 829 2797 disputationem
858 2729 1033 2798 occupasset
1060 2719 1103 2780 (ll.
1135 2720 1168 2780 V.
1192 2720 1377 2800 Theophilus
1396 2720 1472 2779 llam

299 2803 454 2864 dorffimr.
499 2803 594 2875 Quam
622 2803 661 2862 oh
683 2821 747 2864 rem
768 2819 950 2880 exponamus
979 2811 1119 2882 opportet
1148 2803 1235 2876 iilud,
1258 2806 1343 2883 quod
1364 2823 1413 2865 nos
1429 2818 1473 2862 con

298 2896 424 2960 moreat,
448 2895 481 2948 ut
501 2888 539 2947 de
558 2887 635 2947 libro
659 2893 763 2947 nostro
785 2886 879 2964 magis
901 2887 933 2946 in
954 2887 1159 2948 honestiorem
1181 2905 1269 2966 quam
1300 2889 1423 2968 peiorem
1438 2899 1473 2962 μ·

299 2979 359 3031 tam
380 2970 635 3050 pronunciandum
668 2989 735 3032 esse
765 2980 913 3049 putemus.
956 2969 1051 3030 lluius
1086 2970 1187 3032 iudicii
1214 2971 1327 3050 duplex
1354 2983 1398 3034 ast
1419 2983 1470 3030 oros

298 3055 431 3116 Primum
453 3073 520 3115 cum
542 3055 746 3132 quaestionem
774 3061 880 3114 tractat
901 3053 938 3114 de
960 3054 1007 3126 iis,
1035 3053 1143 3132 quihus
1165 3055 1212 3116 ius
1234 3056 1274 3116 ait
1296 3055 1427 3136 baptismi
1436 3069 1474 3111 ur

298 3138 411 3199 icrendi
441 3141 479 3210 (c.
510 3141 583 3212 rt),
600 3138 678 3198 illam
705 3145 882 3217 potestatem
911 3157 1060 3199 summum
1088 3139 1205 3210 holere,
1241 3139 1293 3210 ait,
1334 3139 1474 3202 emtore

299 3227 352 3301 poi
377 3233 424 3283 cat
450 3225 618 3302 episeopus,
648 3223 752 3284 dehinc
780 3223 979 3301 presbyteros
1008 3231 1037 3283 et
1058 3221 1212 3298 diaconos
1241 3243 1307 3285 oco
1338 3234 1426 3286 tum
1445 3223 1475 3279 dr

299 3308 433 3384 episcopi
466 3311 656 3378 auctoritate,
691 3315 821 3386 propter
851 3304 1001 3367 Ecclesiae
1039 3305 1192 3368 docorem.
1248 3307 1392 3390 dliopuia
1421 3307 1474 3366 etin

298 3387 411 3465 pergit,
440 3386 524 3450 loreis
551 3393 599 3450 ius
627 3402 682 3461 cst,
716 3421 751 3432 -
782 3421 823 3432 —
854 3389 906 3451 sed
934 3407 1000 3450 mm
1026 3407 1061 3450 eo
1087 3391 1254 3452 maioribus
1277 3401 1476 3472 competent·

299 3469 359 3530 sili
383 3471 546 3533 adsumam
574 3474 706 3534 dicatum
732 3477 879 3552 episcopis
908 3474 1045 3553 officium
1078 3478 1279 3554 episcopatus.
1346 3475 1421 3537 Unda
1440 3471 1475 3529 hat

299 3562 531 3632 consequuntur,
555 3556 767 3617 Tertullianum
789 3556 897 3618 lihrum
919 3565 1055 3636 nostrum
1078 3557 1246 3634 scripsisse,
1269 3565 1347 3632 tum,
1370 3575 1426 3618 rum
1442 3567 1489 3610 tr*

298 3645 416 3699 seretur
436 3637 467 3698 in
490 3631 696 3718 aliquo'coctu
720 3658 815 3712 sacro,
838 3633 888 3719 qui
911 3649 940 3700 ct
961 3640 1129 3720 Episcopos
1152 3659 1286 3704 summos
1312 3661 1382 3704 esse
1405 3635 1475 3720 puttlt'

296 3739 397 3782 rerum
419 3739 568 3782 sacrarum
590 3723 802 3796 moderatores,
826 3731 855 3784 et
875 3722 956 3784 laicis
984 3742 1045 3784 non
1073 3724 1131 3784 nisi
1154 3743 1268 3785 summa
1291 3725 1325 3785 in
1349 3723 1476 3806 necnsiut

297 3803 485 3866 versantibus
513 3805 561 3867 ius
590 3806 769 3868 concedehat
796 3807 922 3885 aliquem
956 3826 1041 3868 sacro
1069 3807 1184 3869 iavacro
1212 3807 1365 3870 abluendi.
1406 3804 1476 3868 Sodi

296 3888 541 3950 Montanistarum
570 3890 781 3952 conventiculis
809 3891 896 3969 longe
925 3891 980 3952 alia
1002 3891 1118 3953 ridetur
1139 3891 1326 3953 consuetudo
1351 3889 1473 3954 chorum

295 3971 379 4034 Nam.
392 3972 509 4034 tametsi
529 3991 591 4033 non
612 3991 727 4052 negem,
750 3974 786 4036 iis
809 3974 897 4035 etiam
919 3992 992 4035 suos
1022 3983 1052 4035 et
1072 3975 1263 4054 presbyteros
1286 3977 1387 4038 inisse
1407 3969 1489 4048 olis

296 4073 404 4129 conos,
427 4065 526 4117 tamen
548 4055 637 4118 alium
666 4057 696 4118 in
725 4074 828 4119 eorum
855 4057 1027 4119 doctoribus
1049 4058 1227 4120 collocandis
1256 4059 1395 4122 ordinem
1415 4057 1489 4117 obstr

296 4147 394 4200 vatum
415 4141 524 4214 luisse,
547 4141 632 4202 tostis
651 4149 698 4202 ast
718 4142 942 4222 llieronymus‘,
964 4143 1014 4222 qui
1036 4144 1119 4222 opud
1139 4163 1204 4214 cos,
1233 4143 1341 4222 inquit,
1371 4135 1478 4224 opcstdt·

297 4239 368 4282 rum
397 4219 494 4286 locum
524 4229 658 4305 epr'seopi
677 4235 786 4297 tacent,
815 4229 897 4306 opud
919 4244 968 4288 ecs
991 4230 1148 4306 episcopus
1172 4231 1282 4290 tertius
1307 4240 1367 4291 est.
1409 4223 1478 4286 notu

296 4309 375 4410 eobo
399 4313 516 4384 praiaco
539 4310 574 4370 de
597 4309 720 4390 Pepuzo
736 4310 944 4390 patriarches,
977 4313 1125 4372 secundos
1152 4329 1226 4391 puna
1247 4311 1408 4390 appellent
1426 4307 1479 4368 Cur

330 4449 356 4500 p.
380 4438 500 4490 docentia.
515 4441 683 4506 lllhltothlqtre
709 4443 754 4494 dea
777 4445 881 4494 dotem
935 4423 1257 4506 rolpocrcditisheereticis.
1276 4433 1474 4496 Gadanilliillll

296 4501 498 4570 Ecclesiastiqnes
522 4509 589 4558 Tom.
608 4509 627 4560 l.
646 4524 669 4572 p.
688 4509 730 4562 ot.
937 4507 963 4576 5.
984 4510 1021 4560 19.

330 4585 354 4636 q.
372 4569 877 4629 lnCommentatdehcntxnistiuaacii.
968 4591 989 4627 r.
1014 4577 1123 4642 Epistola
1150 4579 1181 4629 td
1207 4577 1366 4640 Uenetum,
1401 4589 1450 4642 Μ
1465 4583 1481 4614 ²*
