3196 5250
521 387 657 474 adcaoax
678 397 738 442 nac.
760 398 799 442 aa
819 397 946 444 namur.
1286 384 1347 448 ttt

119 569 188 630 cap.
212 551 287 626 12).
329 537 409 610 Dixit
430 558 528 610 autam
546 551 681 629 potioris
703 547 752 612 orl
771 551 902 612 notioris
924 546 1035 625 (ibid),
1064 556 1115 609 aut
1140 557 1175 610 ut
1200 549 1232 610 iu
1258 565 1349 614 manu

121 633 249 696 exaratis
271 632 384 696 nostrie
414 631 629 712 exemplaribus
657 644 687 695 rt
712 637 862 706 notioris5
885 651 942 694 nec
962 649 1088 712 prorsus
1115 632 1234 710 quidem
1260 635 1347 698 male.

121 717 274 798 Significat
294 717 405 779 etenim
426 735 460 778 se
481 717 612 780 deorum.
628 716 790 797 primordia
809 733 899 778 nona
913 716 1007 796 prima
1022 715 1205 780 idololatriae
1221 718 1346 796 origine,

122 820 212 882 quam
245 800 313 864 alibi
345 801 502 864 obscuram
535 819 604 863 osse
635 819 690 862 nec
717 819 734 862 a
762 801 875 864 cunctis
907 801 1031 862 eandem
1051 800 1196 880 assignari
1216 801 1346 865 vidimus

122 887 222 962 (Tom.
234 886 258 946 l.
279 886 419 965 Apparet.
442 885 1228 965 p.717etseqq.et1lissert.supano.30etsaqq.)‚
1245 887 1297 948 sed
1309 887 1346 950 ab

121 972 189 1051 ipsa
200 969 350 1032 divinitate
363 969 482 1032 Saturni
493 977 707 1042 enarraturum,
726 970 778 1049 quai
788 969 926 1032 omnibus
937 969 1002 1031 aliis
1017 968 1073 1030 diis
1084 969 1185 1050 potiar
1196 978 1226 1031 et
1245 971 1347 1034 nabor

120 1053 295 1118 habebatur.
341 1053 419 1128 Quid
439 1072 511 1116 vero
532 1053 648 1127 mirram,
672 1054 699 1116 si
720 1053 755 1115 ab
777 1045 828 1116 illo
849 1053 993 1127 ordiaturc
1016 1071 1082 1115 cum
1104 1054 1208 1127 Varro,
1230 1054 1282 1134 qui
1303 1063 1348 1118 tot

120 1140 217 1202 libros
239 1139 276 1200 de
297 1137 355 1201 diis
378 1138 441 1201 suis
464 1147 690 1218 composuerat,
719 1137 851 1201 omnium
881 1138 1005 1200 deorum
1027 1142 1251 1219 antiptisra'oaor
1272 1159 1348 1204 ora·

124 1226 201 1288 ditet
226 1223 337 1295 lacem,
370 1223 518 1286 lunonem
538 1233 568 1285 et
590 1223 761 1286 Minervam
774 1222 779 1239 '
792 1223 926 1296 (Tertull.
949 1221 999 1284 lib.
1021 1222 1058 1284 ll.
1082 1221 1118 1283 ad
1139 1221 1257 1284 Notion.
1283 1241 1347 1304 cap.

123 1312 201 1385 ta).
244 1308 282 1370 At
300 1307 412 1387 iupiter
432 1307 548 1386 garritus
570 1307 719 1370 serebatur
733 1326 751 1368 a
765 1307 904 1378 Saturno,
926 1307 977 1386 qui
993 1307 1119 1386 proinde
1133 1306 1183 1368 illo
1199 1307 1348 1387 antiquior
1424 1355 1439 1376 ,Α

123 1401 199 1456 erat.
241 1392 286 1454 Ab
307 1392 396 1454 buius
419 1400 515 1454 autem
538 1392 710 1472 parentibus
733 1391 832 1464 Caelo,
857 1391 920 1452 siva
943 1391 1073 1464 clarano,
1095 1398 1126 1454 et
1147 1391 1240 1452 Terra
1269 1391 1346 1454 iaci-

123 1475 267 1558 pieudum
295 1494 364 1538 esse
391 1493 453 1536 non
482 1475 607 1550 censmt,
639 1485 702 1538 tum
725 1476 793 1554 quia
814 1475 970 1548 Saturnus,
1003 1475 1109 1538 unicus
1132 1493 1236 1537 eorum
1257 1476 1346 1550 lilius,

121 1562 172 1623 bis
194 1579 229 1623 ac
250 1559 356 1622 ceteris
379 1559 516 1622 omnibus
537 1560 596 1622 diis
618 1560 719 1624 notior
739 1568 804 1624 erat
824 1567 854 1622 et
874 1559 976 1640 potior
996 1559 1180 1632 credebatur,
1202 1568 1264 1622 turn
1279 1560 1348 1640 quia

122 1647 198 1708 baec
218 1645 340 1707 ridicula
368 1651 525 1725 poemrum
548 1645 684 1708 duillius
707 1664 742 1708 ex
764 1644 853 1710 Coelo
876 1651 906 1706 et
926 1644 1019 1706 Terra
1041 1651 1108 1706 artu
1129 1651 1296 1706 commenta
1318 1651 1349 1706 et

123 1729 241 1793 fabulae
273 1737 352 1791 sunt.
396 1728 489 1790 Natus
523 1728 670 1808 siquidem
701 1748 738 1790 ex
759 1729 818 1790 illis
839 1728 1013 1808 lingebatur,
1047 1727 1186 1807 quoniam
1207 1735 1346 1807 parentes

124 1815 191 1878 eius
219 1814 311 1893 ignoti
341 1815 468 1876 luerunt
510 1813 584 1875 Nam
612 1833 651 1878 aaa
677 1815 893 1877 consuetudine
914 1813 1055 1883 bamam,
1076 1811 1118 1874 ait
1138 1811 1347 1886 Tertullianus,

124 1903 224 1979 ipaoti
252 1899 302 1960 acl
333 1917 371 1960 ero
403 1901 559 1978 inopinato
591 1910 774 1978 apparenter
806 1899 842 1960 aa
865 1897 946 1960 caelo
969 1901 1181 1976 supervenisse
1204 1897 1348 1960 dicantar

125 1981 310 2058 (Tertullian.
332 1981 486 2062 Apologat
514 1987 650 2061 capulo.
681 1993 711 2044 et
737 1982 789 2044 lib.
811 1980 847 2042 ΙΙ.
877 1982 913 2042 ad
934 1981 1051 2042 Notion.
1081 1983 1244 2060 cap.,12.),
1272 1980 1349 2042 siout

123 2076 157 2130 et
179 2067 282 2147 vulgus
303 2066 382 2128 filias
405 2075 501 2128 tarrae
522 2075 618 2138 vocat,
646 2085 773 2146 quonum
795 2066 939 2128 incernam
962 2073 1026 2128 crat
1046 2083 1150 2144 genus.
1194 2065 1254 2127 Sed
1275 2064 1350 2126 baec

124 2152 227 2214 omnia
246 2152 278 2212 in
300 2150 506 2230 superioribus
528 2151 642 2212 nostris
665 2150 921 2214 dissertationibus
937 2149 1156 2230 explanavimus
1179 2149 1347 2224 (Dissertat.

123 2237 157 2299 in
179 2236 286 2298 blinuc.
309 2235 410 2298 Oetae.
440 2251 503 2314 cap.
529 2239 578 2299 15.
611 2236 674 2297 brt.
700 2240 726 2298 t.
761 2243 791 2296 et
821 2235 948 2296 Dissert.
980 2234 1011 2294 in
1043 2233 1174 2295 Lactant.
1209 2251 1272 2312 cap.
1296 2235 1348 2297 30.

122 2324 188 2382 Art.
214 2324 241 2383 l.
265 2327 296 2380 et
316 2337 380 2399 cap.
404 2322 455 2384 31.
477 2321 539 2381 brt.
562 2323 617 2390 bl.
833 2383 837 2390 ,

210 2405 367 2466 Praeterea
389 2403 508 2466 cuilibet
528 2403 718 2484 perspicuum
739 2402 851 2465 ibidem
870 2402 993 2464 fecimus
1016 2418 1104 2481 quam
1124 2410 1205 2464 recta
1226 2400 1275 2461 ille
1297 2419 1347 2462 as·

123 2490 256 2552 seruerit
281 2487 434 2552 bominem
462 2488 555 2550 luisse
579 2487 749 2558 Saturnum,
778 2487 828 2567 qui
856 2496 925 2567 post
952 2486 1058 2548 multas
1087 2483 1290 2564 expeditiones
1318 2485 1350 2546 in

122 2575 239 2637 ltaliam
259 2572 372 2654 appulit
392 2591 427 2634 aa
447 2581 606 2653 postauam
627 2571 667 2633 ibi
690 2591 705 2634 a
727 2572 799 2632 lano
815 2579 973 2651 susceptus
988 2570 1103 2643 suisset,
1125 2587 1222 2640 mans,
1244 2568 1350 2648 inquit,

123 2677 216 2739 quem
237 2657 369 2730 incoluit,
391 2656 557 2720 Satarntm
581 2659 696 2728 dictam
727 2660 841 2725 cicitur,
863 2672 951 2736 paam
973 2652 1178 2734 depalaverat.
1202 2653 1352 2716 Snmroia

123 2740 633 2892 tzitttttd‘adbltbl
654 2735 1351 2902 till?,ltttltltlltbltltltt

124 2913 200 2988 cit).
243 2910 301 2973 Ubi
327 2911 407 2972 enim
434 2911 472 2972 de
499 2908 601 2972 mundi
627 2907 776 2970 creatione
803 2908 943 2968 adversus
965 2905 1183 2984 Hermogenem
1205 2903 1350 2982 disputat:

128 2997 247 3066 Οιιιηία,
276 2995 382 3075 inquit,
411 3013 506 3076 opero
532 3012 589 3056 aaa
609 2993 692 3054 Deae
721 2993 828 3054 ordine
850 2994 1078 3059 consummarit,
1106 2986 1229 3051 incultis
1249 2991 1351 3067 priore

126 3081 280 3144 ammte
314 3078 460 3160 depalans
493 3077 707 3158 quodammodo
740 3075 885 3137 mandam
920 3074 1013 3145 (idem
1041 3073 1092 3134 lib.
1122 3071 1187 3132 adv.
1210 3072 1351 3151 Hermog.

126 3185 193 3245 cap.
215 3167 290 3240 tlt).
321 3163 436 3225 Rursus
458 3181 528 3224 vero
551 3170 652 3224 contra
675 3160 868 3222 blarciouetn:
894 3159 982 3232 Quod
1003 3153 1199 3220 architectata
1221 3175 1253 3219 ae
1272 3174 1354 3236 pra-

4 3241 5 3246 ’
127 3253 245 3316 datum
266 3248 415 3328 afflarat,
439 3248 494 3309 boc
515 3251 682 3308 invenimus
704 3244 876 3325 aipaificari
895 3243 1100 3322 depalatorem
1115 3241 1290 3321 disciplinae
1306 3241 1354 3302 di-

127 3339 219 3396 cirtae
240 3353 259 3395 a
281 3341 419 3395 creatore
441 3331 534 3407 (idern
555 3330 605 3393 lib.
629 3331 662 3390 V.
685 3329 800 3390 advers.
823 3327 963 3390 biarcion.
987 3345 1050 3405 cap.
1074 3329 1128 3402 6.).
1158 3325 1258 3404 ltaque
1281 3323 1370 3388 dixit.

127 3438 145 3480 a
168 3417 296 3480 Saturno
323 3415 486 3497 depalatam
513 3415 667 3487 civitatem,
696 3413 725 3477 id
753 3421 800 3475 est
820 3411 967 3474 conditam
988 3411 1034 3472 vel
1056 3409 1163 3490 positis
1185 3409 1259 3490 palis
1282 3410 1352 3472 lun-

128 3501 238 3576 datam‚
260 3501 323 3563 sire
344 3509 378 3561 ut
397 3500 462 3562 aliis
484 3501 588 3580 placet,
609 3499 685 3578 palis
706 3493 892 3560 instructam.
926 3495 965 3558 Et
985 3496 1016 3557 bi
1038 3495 1156 3574 quidem
1179 3493 1354 3574 explicatio·

128 3605 200 3649 nem
221 3605 306 3648 suam
325 3586 443 3646 firmare
465 3591 610 3646 conantur
624 3585 671 3644 bis
685 3583 812 3644 Hermam
826 3580 940 3643 verbis:
964 3581 1037 3644 Cam
1052 3579 1222 3660 depulsaret
1235 3583 1354 3641 aiacem

129 3671 246 3746 (Herm.
268 3670 319 3732 lib.
343 3669 392 3730 tlt.
416 3669 534 3731 Similit.
558 3673 588 3732 5.
612 3672 642 3744 S.
664 3669 695 3731 2.
717 3686 746 3745 p·
770 3670 845 3741 bb).

217 3755 294 3818 Tum
324 3751 448 3815 deinde·
465 3752 678 3814 Tertullianus:
716 3752 856 3814 Consedit
876 3750 1020 3812 Saturnus
1048 3756 1188 3826 acceptas
1217 3745 1253 3807 ab
1276 3742 1354 3805 lateo

129 3840 182 3912 col
203 3839 278 3903 Iane
313 3837 408 3912 (MSS.
431 3837 528 3899 nostri
551 3836 665 3912 laetae),
698 3843 733 3896 at
755 3835 834 3897 Salii
852 3834 959 3896 colant
991 3831 1174 3908 (Tertullian.
1197 3826 1353 3907 Apolaget.

129 3928 281 4005 cupid-l.
303 3922 338 3984 ln
358 3921 594 3984 duobus¹autem
615 3937 702 3982 mauu
725 3917 884 3980 recentiori
906 3916 1031 3978 exaratis
1055 3911 1271 3991 exemplaribus
1295 3927 1354 3970 no-

130 4010 205 4073 stris
228 4015 259 4069 at
279 4008 310 4068 in
332 4007 430 4086 primo
452 4006 488 4067 ad
510 4005 651 4066 Nationes
672 4003 759 4075 libro,
787 4002 839 4064 ubi
861 4001 964 4062 eadem
985 4005 1175 4078 repetuntur:
1213 3995 1282 4056 Etsi
1301 3993 1359 4056 alii

130 4104 243 4158 uacant
264 4091 343 4164 (Lib.
358 4090 382 4152 1.
404 4091 441 4152 ad
461 4089 578 4152 Natiou.
601 4109 665 4168 cap.
683 4091 763 4162 12.);
784 4086 890 4148 melius
911 4084 1036 4146 forsitan
1058 4086 1137 4144 sicat
1157 4077 1221 4142 alii.
1253 4079 1355 4151 Quor-

133 4197 202 4240 sum
225 4176 305 4238 enim
326 4175 367 4236 ibi
390 4174 538 4238 Saliorum
559 4171 694 4235 mentio?
723 4169 871 4250 Numquid
893 4169 1009 4230 abillis
1032 4174 1083 4228 aut
1103 4163 1178 4226 solis
1190 4171 1241 4225 aut
1250 4162 1355 4242 primis

131 4264 281 4326 Saturnus
303 4259 398 4322 daus
419 4267 466 4321 est
486 4259 597 4334 alane,
619 4275 681 4318 non
703 4263 801 4318 autem
822 4254 893 4316 lano
917 4249 1079 4330 exceptus?
1110 4248 1169 4310 Sed
1190 4248 1263 4310 baec
1277 4247 1354 4310 alio-

130 4365 200 4409 rum
221 4344 332 4407 iudicio
353 4342 561 4423 permittimus.

186 4455 188 4460 ¹
216 4429 380 4508 Postquam
400 4445 471 4489 varo
494 4427 639 4489 Saturnus
661 4425 757 4502 datam
780 4421 837 4483 sibi
859 4438 876 4481 a
897 4420 968 4481 lano
990 4419 1092 4481 sedern
1113 4418 1243 4480 fixisset:
1283 4414 1358 4479 Tota

130 4515 237 4586 ltalia,
270 4513 311 4574 ait
331 4512 442 4575 Auctor
462 4515 591 4584 noster,
606 4520 679 4591 poet
709 4510 884 4570 Oenotriam
912 4502 1060 4566 Saturnia
1091 4501 1358 4582 copaomiaabatar

132 4597 272 4674 (Tertull.
288 4596 390 4675 ibid.):
412 4603 443 4660 et
463 4595 495 4660 in
516 4595 591 4660 libro
613 4595 651 4656 ad
664 4592 821 4657 Nationes:
847 4587 919 4654 Tota
941 4587 1035 4652 ltalia
1056 4589 1091 4652 de
1105 4587 1243 4652 Saturno
1265 4602 1359 4650 vaca-
1397 4617 1401 4632 ·
