3092 5234
202 383 206 394 ·
244 357 309 424 588
330 373 367 415 ox
381 369 455 414 rxnx
469 366 582 411 xernrx
596 366 632 412 rc
647 363 795 411 acernum
809 361 999 408 scnrrroaux
1015 361 1211 409 narrantum
1226 362 1407 408 orsrurxrxo

769 549 797 624 ς.
824 545 952 608 xxxxv.

334 667 426 734 Primi
447 664 567 746 generis
589 661 778 724 hauddubie
801 661 857 724 dici
878 670 980 742 potest
1000 660 1075 723 liber
1097 661 1134 722 de
1150 661 1300 733 Oratione,
1333 661 1400 742 qui,
1423 661 1482 722 nisi

249 756 437 818 vehementer
458 749 552 821 lallor,
575 746 689 828 primus
713 754 760 808 est
780 747 913 808 omnium
928 743 1102 807 Tertulliani
1119 743 1168 826 qui
1185 752 1309 808 aetatem
1333 745 1480 811 tulerunt
1525 751 1526 754 ’

249 855 413 918 magnoque
435 832 567 896 omnium
589 848 749 902 consensu,
777 828 801 891 si
825 829 860 890 ab
882 829 1061 892 Hollmanno
1084 829 1286 900 discesserim,
1315 829 1409 890 cuius
1435 829 1480 890 in-

191 965 194 972 ·
248 930 359 987 tereret
380 917 479 982 omnia
501 913 673 978 Tertulliani
695 913 804 993 scripta
825 913 862 976 ad
883 933 950 975 eum
965 912 1175 974 Montanistam
1190 915 1313 985 reterre,
1336 913 1372 974 in
1395 913 1480 974 libris

250 1005 386 1070 castioris
409 1000 560 1064 doctrinae
581 1005 763 1060 numeratur.
806 997 901 1075 Atque
927 997 952 1058 si
981 998 1056 1057 torte
1086 1005 1225 1076 suspecta
1252 1007 1299 1058 est
1320 996 1404 1057 tides
1429 997 1480 1056 lli-

247 1090 312 1154 larii
326 1084 531 1156 Pictariensis,
550 1081 600 1161 qni
615 1081 756 1160 scripturn
767 1081 848 1142 hunc
861 1079 992 1142 libellum
1006 1088 1074 1140 aute
1089 1078 1259 1142 Tertulliani
1277 1080 1481 1142 delectionem

248 1193 308 1236 non
333 1172 459 1233 obscure
482 1166 641 1246 significat,
664 1164 814 1226 tamenin
836 1163 1004 1244 libroipso
1036 1171 1080 1224 tot
1108 1172 1177 1225 sunt
1198 1173 1287 1225 notae
1308 1165 1480 1226 sententia-

248 1277 315 1322 rum
343 1256 525 1318 diversarum
555 1249 591 1310 ab
619 1248 668 1322 iis,
706 1266 779 1327 quas
807 1257 911 1326 postea
938 1248 970 1309 in
1000 1245 1117 1324 scriptis
1147 1246 1298 1310 erroribus
1323 1247 1480 1310 Montani-

248 1349 360 1406 starum
384 1336 499 1400 iniectis
532 1332 672 1406 defendit,
705 1340 738 1394 ut
771 1331 837 1392 libri
859 1332 947 1393 istius
971 1331 1104 1393 doctrina
1126 1331 1239 1392 nemini
1262 1332 1301 1392 sit
1324 1332 1363 1394 ad
1390 1352 1480 1410 repe-

249 1424 385 1488 riendum
413 1419 549 1490 difficilis,
583 1417 633 1496 qui
661 1431 841 1494 comparare·
861 1423 1055 1494 utrorumque
1084 1415 1246 1476 sententias
1276 1415 1359 1476 velit.
1412 1417 1483 1476 Nam

251 1509 379 1587 primum
401 1513 525 1584 quantae
547 1499 611 1562 bic‘
631 1509 702 1562 sunt
722 1498 825 1560 laudes
852 1498 952 1578 operis
973 1499 1100 1560 Hermae
1128 1498 1208 1576 quod
1230 1499 1341 1560 Pastor·
1364 1499 1480 1560 inseri·

248 1592 339 1664 bitur,
375 1607 441 1650 cum
471 1583 716 1646 consuetudinem
743 1581 916 1644 considendi
944 1582 1026 1644 finita
1053 1581 1188 1644 oratione
1220 1581 1426 1647 observatum
1450 1583 1483 1644 ab

250 1675 357 1738 Herma
378 1690 440 1734 non
461 1687 562 1732 secum
589 1686 721 1748 pugnare
748 1665 889 1739 ostendit,
922 1666 1001 1743 quod
1029 1667 1095 1744 [ere
1122 1670 1321 1748 scripturam,
1353 1685 1404 1738 ar,
1439 1673 1483 1738 (ne

250 1757 322 1821 illud
356 1758 424 1836 sere
456 1753 570 1814 cuidam
598 1751 736 1812 invidiam
764 1759 883 1826 nostrae
912 1749 1077 1810 sententiae
1105 1758 1232 1826 moreat)
1259 1757 1372 1829 postea
1406 1757 1484 1813 seri

247 1853 374 1922 pteram
408 1856 534 1917 prorsus
571 1833 722 1914 appellat?
786 1834 873 1906 Quod
913 1833 1029 1894 tametsi
1066 1852 1126 1894 non
1160 1834 1204 1894 sic
1239 1834 1378 1912 ceperim
1421 1855 1483 1896 cum

251 1923 431 1988 moratorios
452 1921 586 1998 aliisque,
610 1919 695 1998 quasi
717 1917 915 1980 Tertullianus
937 1917 1064 1978 Hermae
1085 1915 1177 1978 libros
1206 1919 1319 1980 relerat
1341 1918 1376 1980 in
1402 1919 1483 1980 libris

249 2009 284 2069 N.
308 2008 342 2068 T.
365 2005 515 2070 canonicis
538 2003 681 2082 (loquitur
713 2002 790 2062 enim
822 2021 858 2062 ex
886 2020 969 2062 more
999 2001 1091 2080 magis
1119 2001 1361 2088 adversariorum
1397 2023 1482 2082 qnam

252 2099 337 2166 suo),
375 2099 473 2152 tamen
501 2106 563 2149 non
591 2086 753 2147 contemnit
774 2085 900 2145 Hermae
923 2085 1137 2158 auctoritatem,
1171 2085 1224 2146 sed
1246 2085 1301 2146 sibi
1330 2087 1481 2156 conciliat

242 2176 338 2252 ¹longe
362 2191 448 2234 secus
477 2179 565 2250 atque
593 2170 622 2229 in
652 2168 728 2230 libro
757 2167 793 2230 de
815 2167 957 2229 Pudicitia
985 2171 1022 2241 (c.
1048 2173 1086 2232 10
1109 2177 1139 2228 et
1159 2171 1234 2243 Tb),
1263 2168 1293 2229 in
1326 2189 1394 2248 quo
1427 2191 1483 2231 non

250 2258 340 2320 modo
362 2255 489 2316 Hermae
512 2254 596 2314 ellata
618 2252 762 2332 repudiat,
785 2253 838 2314 sed
862 2251 996 2332 spurium
1023 2251 1094 2314 illud
1117 2253 1254 2314 omnibus
1278 2256 1482 2316 consentien-

250 2341 329 2402 tibus
352 2338 494 2416 scriptum
517 2336 643 2416 appellat
670 2346 701 2397 et
727 2334 809 2396 illum
830 2335 1033 2398 moechorum
1043 2337 1210 2398 Pastorem.
1266 2337 1361 2408 Quod
1388 2339 1480 2399 miror

250 2429 454 2502 argumentum
476 2420 613 2480 miratum
634 2419 664 2481 in
686 2419 792 2480 Allixio
815 2419 908 2480 luisse
930 2419 1140 2480 Hoffmannum
1163 2414 1401 2496 existimantem,
1427 2441 1482 2482 non

250 2507 415 2586 exagitasse
438 2502 651 2565 Tertullianum
676 2503 707 2563 in
735 2511 840 2564 nostro
870 2501 968 2564 libello
990 2503 1115 2564 Hermae
1137 2503 1293 2564 Pastorem
1316 2516 1482 2585 propterea

250 2591 328 2670 quod
351 2589 407 2650 sibi
429 2589 555 2670 Hermae
578 2586 738 2648 auctoritas
766 2605 827 2647 non
856 2593 966 2647 tanturn
996 2587 1162 2648 obstitisset
1189 2607 1275 2666 quam
1307 2597 1389 2662 tum,
1421 2611 1480 2651 curn

249 2681 383 2738 exararet
398 2671 509 2734 librum
532 2671 568 2731 de
590 2670 740 2742 Pudicitia,
769 2689 859 2749 quare
881 2689 936 2731 uec
956 2670 1062 2732 luisset
1082 2689 1217 2744 necesse,
1248 2679 1282 2732 ut
1310 2671 1383 2734 eius
1414 2693 1480 2752 pre·

251 2757 324 2819 tium
353 2758 487 2818 elevaret.
531 2753 605 2816 Nam
627 2753 742 2816 etiamsi
771 2772 832 2814 non
861 2759 1003 2832 negemus
1030 2755 1124 2833 magis
1155 2754 1356 2816 adversariam
1387 2759 1481 2820 luisse

251 2843 375 2904 Hermae
409 2839 627 2902 auctoritatem¹
646 2837 826 2900 Tertulliano
856 2837 886 2898 in
917 2838 1006 2898 rebus
1037 2838 1085 2910 iis,
1124 2857 1246 2917 quarum
1279 2841 1404 2901 mentio
1441 2851 1480 2902 est

251 2925 357 2988 iniecta
379 2925 409 2984 in
431 2921 530 2986 libello
554 2923 590 2984 de
604 2921 757 2994 Pudicitia,
782 2921 845 2982 eius
866 2929 964 2982 tamen
987 2921 1023 2982 de
1038 2921 1147 2983 Herma
1169 2922 1306 2984 iudicium
1322 2923 1355 2983 in
1372 2935 1480 2986 nostro

250 3010 286 3070 de
309 3009 450 3072 Oratione
472 3006 547 3068 libro
571 3025 631 3066 non
655 3005 750 3066 solum
773 3005 866 3066 multo
900 3014 945 3066 est
973 3005 1084 3076 mitius,
1114 3005 1167 3066 sed
1200 3005 1241 3067 ita
1271 3020 1480 3086 comparatu·

249 3092 346 3165 etiam,
370 3100 403 3152 ut
423 3089 625 3169 ipsellermae
648 3090 850 3151 auctoritatem
873 3107 934 3149 non
956 3090 1093 3150 universe
1115 3091 1314 3152 contemsisse
1333 3092 1480 3154 rideatur.

248 3175 289 3238 Ac
310 3175 379 3240 illud
401 3178 469 3254 sere
491 3178 656 3256 scripturo,
678 3174 757 3252 quod
779 3173 836 3234 vim
858 3173 947 3234 buius
968 3173 1132 3251 argumenti
1160 3174 1293 3235 minuere
1316 3174 1481 3237 Hoffman-

248 3278 306 3323 nus
339 3257 517 3329 arbitratur,
555 3257 627 3318 satis
660 3265 708 3317 est
740 3257 776 3318 ab
813 3275 848 3318 eo
878 3257 977 3336 inepte
1005 3258 1179 3336 explicatum
1208 3258 1261 3330 sic,
1298 3268 1335 3320 ut
1365 3267 1481 3322 temere

247 3343 346 3405 dicere
357 3340 483 3401 voluerit
497 3339 718 3413 Tertullianum,
741 3359 851 3402 nomen
861 3339 993 3402 Pastoris
1008 3339 1134 3402 Hermae
1156 3340 1253 3403 libello
1265 3341 1400 3420 imponi,
1418 3365 1480 3407 mm

250 3423 321 3486 illud
350 3441 459 3486 nomen
488 3423 567 3485 nullo
594 3424 684 3486 modo
712 3433 877 3497 mereatum
914 3442 979 3485 nam
1008 3423 1078 3485 illud
1108 3427 1176 3504 fere
1199 3429 1370 3506 eminuere,
1406 3441 1481 3490 nene

249 3518 296 3572 est
317 3510 355 3570 ita
378 3508 608 3587 intelligendum,
630 3508 781 3569 Hermiani
803 3507 893 3570 libelli
916 3509 1119 3570 auctoritatem
1147 3511 1209 3571 lere
1232 3510 1361 3571 eandem
1395 3532 1482 3592 quam

248 3611 401 3656 sacrorum
422 3591 565 3654 librorum
587 3592 693 3670 putari,
716 3594 796 3671 quod
817 3593 915 3671 ipsum
937 3611 972 3652 ex
996 3611 1032 3653 eo
1054 3599 1143 3673 patet,
1176 3594 1349 3673 quodcum
1373 3609 1481 3675 postea

247 3696 372 3757 prorsus
393 3681 580 3758 scripturam
608 3674 692 3749 dicat,
722 3694 818 3756 neque
845 3676 889 3737 sic
917 3693 995 3748 eum,
1023 3683 1056 3738 ut
1084 3677 1200 3756 opinor,
1230 3677 1433 3756 appellasset,
1460 3683 1483 3741 si

248 3769 306 3824 tam
329 3760 386 3842 ipsi
410 3768 576 3820 contemtus
598 3760 723 3820 Hermas
746 3761 863 3831 luisset,
892 3777 979 3838 quam
1010 3769 1072 3820 erat
1094 3767 1228 3840 tempore
1249 3764 1428 3844 conscripti
1450 3767 1481 3826 de

247 3844 389 3910 Pudicitia
410 3843 489 3912 libri,
536 3841 595 3903 Sed
618 3851 688 3904 sunt
708 3843 756 3904 bic
777 3845 865 3904 etism
887 3843 942 3904 alia
965 3843 1135 3904 Tertulliani
1158 3845 1235 3906 dicta
1257 3845 1393 3910 multum
1421 3850 1480 3910 dis-

247 3929 396 4008 crepantia
422 3927 459 3987 ab
491 3926 539 4001 iis,
562 3945 636 4006 quae
658 3927 689 3987 in
703 3927 788 3987 libris
799 3926 1013 3989 Montanisticis
1029 3929 1195 4006 proposuit,
1219 3946 1294 4007 quae
1309 3933 1481 3995 ostendunt

247 4011 420 4082 clarissime,
443 4019 506 4072 tum
525 4010 613 4089 longe
627 4010 712 4072 aliam
735 4011 828 4072 lauisse
841 4011 1013 4072 Tertulliani
1037 4011 1220 4091 disciplinam
1242 4030 1334 4091 quam
1359 4027 1481 4096 postea.

247 4095 388 4157 Videlicet
410 4095 541 4156 sectione
566 4097 614 4158 18.
639 4097 680 4172 tp.
703 4097 753 4158 35.
777 4094 881 4155 dierat.
910 4114 976 4156 cum
1004 4095 1133 4175 disputat
1148 4096 1290 4158 adversus
1314 4117 1389 4172 eos,
1424 4103 1481 4180 qui.

247 4178 315 4240 dum
339 4196 373 4238 se
395 4178 460 4239 cibo
483 4177 680 4250 abstinebant,
703 4197 758 4240 nec
779 4177 853 4240 alios
877 4178 1012 4240 solebant
1033 4180 1135 4242 osculo
1165 4180 1302 4258 excipere
1325 4202 1412 4256 nan,
1436 4186 1481 4246 ait

246 4265 308 4322 aiei
328 4262 374 4322 die
396 4259 536 4334 Paschae,
560 4281 621 4348 pao
639 4267 803 4324 communis
827 4274 855 4324 et
884 4268 972 4342 quusi
994 4263 1119 4344 publiea
1146 4268 1253 4326 ieiunii
1278 4265 1399 4347 redebio
1431 4281 1482 4336 ert.

280 4425 302 4461 e.
321 4411 445 4463 dissertat.
465 4415 527 4464 citat.
546 4411 570 4480 5.
586 4414 628 4465 lll.
648 4429 672 4480 p.
691 4413 723 4464 37
742 4427 778 4478 sq.
845 4415 849 4432 ⁴
884 4411 1249 4464 ebibliotbeoaerlmbrosianae
1258 4416 1348 4466 codiee
1358 4419 1483 4482 integrm

272 4479 296 4556 t.
322 4477 349 4528 G.
362 4477 400 4528 16.
419 4479 476 4529 edit.
494 4481 552 4530 Lod.
570 4482 623 4530 dut.
642 4481 765 4532 llamtorii
783 4495 830 4548 qua
882 4481 956 4532 edidit
975 4481 998 4529 ln
1010 4481 1138 4530 Anecdotis
1148 4481 1375 4535 britannorum.
1387 4488 1482 4553 phe

245 4552 342 4608 utemur,
353 4548 393 4610 qui
402 4554 512 4597 nostrum
523 4547 631 4599 libellum
641 4555 710 4599 antea
720 4547 829 4598 mutilum
916 4563 938 4611 g.
956 4547 983 4597 l.
1001 4563 1022 4598 e.
1042 4556 1091 4598 aot.
1109 4548 1134 4599 d.
1152 4563 1177 4613 p.
1196 4547 1237 4598 31.
