3092 5234
458 404 593 452 lucrose
615 407 657 451 m.
679 407 747 454 auo.
768 406 932 452 socessor.
1241 397 1305 464 587

85 555 270 618 Christianos
292 555 461 618 inimicitiae
482 557 671 636 pariantur·,
706 566 736 618 et
762 558 842 636 quod
871 577 936 636 cum
959 559 1098 621 Caracalli
1120 563 1306 641 temporibus

79 641 163 715 haec,
184 659 259 732 quap
281 640 479 712 traditeeunt
500 642 531 703 in
552 651 657 702 nostro
679 641 788 713 libello,
812 641 923 721 optime
945 643 1141 705 consentiant.
1171 646 1302 709 Tametsi

79 724 159 785 enirn
178 743 242 785 non
264 723 304 784 sit
317 721 490 786 'certissime
513 724 707 802 exploratum,
731 743 789 804 quo
811 743 889 786 anno
911 725 985 787 baec
998 725 1233 790 Christianorum
1248 731 1302 792 de-

78 807 177 869 fensio
200 807 347 869 elaborata
371 807 425 878 sit,
449 815 546 870 tamen
568 808 682 869 ratione
705 808 829 886 quadam
852 808 1009 888 probabili,
1031 803 1065 872 ut
1087 819 1135 872 est
1148 811 1179 872 in
1194 813 1244 874 tali
1258 833 1301 887 re,

75 891 176 972 primo
204 891 320 971 imperii
341 891 530 952 Antoniniani
558 909 635 952 anno
657 892 799 954 vindicari
827 911 861 953 ea
889 912 980 973 posse
1001 893 1127 955 videtur.
1170 895 1303 976 Namque

76 975 173 1038 illum*
188 977 261 1037 solis
290 975 452 1048 delectum,
485 993 574 1054 quem
603 975 801 1038 Tertullianus
830 975 871 1038 ait
897 995 975 1038 anno
998 979 1146 1057 superiori
1169 980 1302 1043 extitisse

77 1063 117 1130 (c.
142 1063 172 1124 3.
194 1079 225 1139 p.
249 1061 299 1124 86.
322 1059 381 1136 lb),
404 1059 570 1121 Antoninus
592 1057 733 1120 Lalovera
756 1059 889 1126 asseruit,
904 1079 930 1121 a.
954 1061 1074 1136 CCX.¹‘;
1100 1063 1147 1123 eui
1169 1065 1301 1142 qusnmm

76 1142 287 1204 Tillemontius
309 1143 432 1204 resistat
453 1163 499 1215 eo,
523 1143 602 1221 quod
618 1142 816 1205 Tertullianus
840 1144 934 1207 solem
955 1146 1062 1206 dixerit
1082 1165 1144 1209 nou
1163 1153 1303 1226 potuisse
1340 1141 1348 1154 ”

76 1228 135 1290 boc
157 1245 195 1289 en
217 1229 376 1289 ordinario
400 1227 526 1308 deliquio
545 1231 621 1307 poti,
645 1245 710 1288 com
731 1228 831 1308 scierit
851 1232 884 1290 in
906 1247 962 1292 ruo
978 1231 1152 1309 bppsomote
1171 1236 1301 1310 positus,

75 1319 176 1372 tamen
199 1311 277 1372 hunc
300 1309 436 1390 Septimii
458 1311 680 1390 argumentandi
701 1313 839 1384 modum,
873 1312 922 1390 qui
951 1314 1050 1375 omnia
1079 1314 1162 1376 norit
1183 1315 1301 1394 saepius

74 1395 178 1473 inepta
200 1395 273 1456 satis
296 1394 327 1455 in
349 1413 414 1454 rem
437 1413 521 1455 suam
543 1403 734 1469 convertere,
757 1394 926 1457 iamdudum
949 1395 1052 1458 derisit
1072 1397 1178 1460 berum
1200 1417 1300 1460 rerum

73 1477 280 1558 peritissimus
304 1477 434 1558 Scaliger
444 1489 465 1539 ⁶.
510 1477 621 1539 Deinde
644 1497 710 1538 cum
732 1478 842 1541 nullam
870 1497 997 1558 unquam
1018 1481 1114 1560 legem
1137 1481 1301 1550 Caracallus

74 1561 179 1624 tulerit
204 1563 345 1622 adversus
374 1561 574 1634 Christianos,
615 1569 734 1641 oportet
760 1564 895 1641 prolecto
928 1564 982 1625 bas
1010 1564 1188 1626 calamitates
1216 1565 1253 1625 iis
1284 1583 1301 1626 a

75 1645 203 1726 Scapula
226 1645 351 1706 inflictas
373 1645 511 1724 reliquias
535 1645 711 1707 Seuerianae
734 1645 914 1707 crudelitatis
936 1647 1037 1721 luisse,
1066 1666 1140 1728 quae
1162 1656 1225 1710 tum
1246 1667 1302 1727 pe·

74 1731 158 1792 nitus
180 1730 324 1790 extinctae
345 1729 490 1802 ridentur,
514 1747 582 1790 cum
604 1729 779 1802 Caracallus,
802 1730 958 1809 imperium
982 1731 1039 1792 sibi
1062 1731 1301 1805 confirmaturus,

78 1815 111 1874 in
140 1812 260 1874 exilium
290 1811 401 1874 missos
429 1811 627 1874 revocassetl.
673 1813 760 1885 Quod
790 1833 856 1875 cum
883 1814 986 1876 lecerit
1013 1815 1100 1894 paulo
1123 1823 1193 1896 post
1214 1833 1301 1894 quarn

80 1898 185 1958 Getam
207 1898 326 1957 fratrem
349 1896 404 1957 sub
426 1896 542 1958 initium
565 1916 592 1957 a.
616 1897 725 1958 CCXll.
744 1895 943 1968 substulerat,
976 1917 1038 1960 non
1059 1899 1159 1979 inepte
1181 1898 1211 1960 id
1233 1899 1302 1977 qui-¹

78 1981 148 2042 dem
170 1979 302 2055 didmus,
325 1980 479 2060 Scapulam
501 2001 528 2042 a.
552 1979 647 2042 CClll.
670 1981 813 2042 adversus
836 1981 1021 2044 Christianos
1044 1983 1153 2062 egisse.

79 2335 118 2377 DE
135 2335 229 2376 ttnttts
246 2333 441 2377 nunrututtttt
453 2335 574 2426 QUOlwll
585 2335 640 2377 rut.
651 2335 742 2376 Annas
755 2335 811 2376 rut.
822 2334 968 2378 noc'ttttttt
980 2335 1036 2376 VEL
1051 2334 1186 2386 UTRAQUE
1198 2334 1303 2380 utar.

597 2569 627 2642 s.
653 2565 783 2627 xxxin.
863 2513 871 2519 ¹

164 2683 265 2745 Tertia
287 2683 360 2744 baec
381 2683 541 2762 disputatio
563 2683 652 2743 linem
681 2682 767 2742 laciet
796 2682 1046 2754 exercitationum,
1075 2701 1148 2760 quas
1171 2681 1303 2742 institui-

73 2787 145 2830 mus
161 2767 424 2846 Septimianarum3
446 2767 477 2826 in
500 2765 607 2844 quibus
630 2785 695 2827 cum
718 2766 858 2828 hactenus
880 2765 1048 2846 pertractati
1072 2766 1133 2825 sint
1153 2764 1204 2826 isti
1225 2764 1302 2836 libri,

75 2870 204 2932 quorum
228 2861 257 2912 et
278 2859 358 2912 aetas
381 2859 411 2911 ct
432 2850 566 2911 doctrina
594 2857 711 2927 poterat
739 2858 818 2910 certa
846 2849 970 2927 quadani
991 2848 1038 2908 ria
1061 2855 1090 2908 et
1110 2847 1226 2908 ratione
1248 2848 1302 2907 de-

76 2936 256 3007 monstrari,
284 2953 364 2996 nnnc
390 2941 511 3013 oportet
540 2932 646 2994 subiici
669 2941 795 3005 ceteros,
821 2933 871 3011 qui
893 2939 1019 2994 aetatem
1042 2949 1126 2992 suam
1147 2949 1208 2991 non
1231 2929 1303 2992 satis

77 3020 200 3080 delinite
221 3019 361 3098 produnt,
390 3018 443 3079 sed
472 3017 605 3077 doctrina
634 3024 816 3078 tamennon
840 3025 885 3078 est
907 3015 1063 3076 admodum
1087 3014 1222 3087 obscura,
1244 3013 1303 3074 nisi
1405 3054 1408 3060 ,

75 3104 107 3165 in
133 3103 309 3182 quibusdam
330 3101 442 3182 paucis,
466 3101 515 3180 qui
537 3100 694 3178 ancipitem
723 3099 833 3161 babere
860 3101 986 3160 sormam
1013 3098 1159 3158 videntur.
1202 3097 1303 3176 ltaque

74 3187 207 3267 primum
229 3185 298 3247 illos
321 3184 513 3248 excitabimus
535 3192 629 3246 aetate
659 3183 798 3256 maiores,
828 3183 879 3262 qui
901 3182 1114 3244 Tertullianum
1144 3179 1304 3242 ostendunt

74 3271 211 3332 nondum
233 3269 320 3349 plane
341 3268 586 3330 Montanistarum
609 3267 743 3348 partibus
766 3266 933 3341 addietum
966 3265 1071 3327 deiude
1094 3284 1162 3338 eos,
1195 3263 1304 3344 quibus

75 3363 167 3416 notae
195 3354 385 3416 blontansimi
413 3371 473 3414 non
505 3359 575 3414 sunt
606 3352 710 3413 leviter
742 3351 921 3430 impressam
956 3357 1108 3430 postremo
1141 3351 1220 3422 bos,
1254 3347 1303 3426 qui

75 3441 218 3500 lectorem
247 3438 398 3498 dimittunt
428 3435 629 3509 dubitantem,¹
652 3435 778 3496 fueritne
804 3435 1002 3496 Tertullianus
1035 3441 1107 3508 tum,
1141 3451 1208 3496 cum
1237 3432 1304 3494 illos
1372 3497 1377 3506 ,

63 3522 297 3603 perscriberet,
326 3541 343 3582 a
371 3519 521 3583 communi
550 3519 671 3582 ecclesia
702 3521 854 3581 seiunctus
882 3537 986 3580 necne.
1041 3518 1094 3580 Cui
1122 3517 1229 3598 triplici
1265 3515 1303 3577 li-

74 3607 201 3668 brorum
224 3606 474 3684 Septimianorum
502 3603 602 3684 generi
630 3623 696 3666 cnm
725 3604 855 3666 dicamus
884 3610 1009 3665 aetatem
1032 3601 1125 3664 asseri
1148 3618 1209 3662 non
1232 3597 1304 3659 satis

76 3698 159 3753 certe
180 3709 282 3770 posse,
304 3708 366 3750 non
388 3689 525 3750 volumus
546 3687 576 3748 id
598 3687 727 3766 quidem,
759 3706 885 3766 prorsus
913 3686 1043 3766 ignorari
1065 3691 1190 3745 aetatem
1212 3681 1304 3742 cuivis

75 3774 265 3836 tribuendam
288 3774 357 3848 (erit
378 3773 457 3834 enim
480 3770 566 3832 etiam
590 3771 670 3850 quod
692 3771 887 3851 probabiliter
905 3770 942 3832 de
956 3771 1012 3830 bac
1026 3766 1172 3846 disputari
1186 3762 1305 3844 possit),

77 3859 134 3921 sed
170 3864 304 3920 aestuate
336 3858 433 3936 ipsum
466 3873 575 3916 annum
613 3854 791 3933 scriptorum
822 3854 966 3914 librorum
995 3850 1116 3913 definirl
1139 3865 1241 3928 posse,
1276 3845 1306 3906 id

78 3941 200 4021 quidem
221 3941 363 4002 audemus
386 3959 495 4020 negare
516 3944 685 4020 propterea,
717 3938 795 4016 quod
824 3936 921 3998 nullae
949 3936 981 3996 in
1002 3934 1040 3994 iis
1064 3939 1135 3993 sunt
1156 3930 1304 4010 signitica-

78 4025 179 4088 tiones
209 4034 315 4098 certae,
349 4043 423 4104 quae
452 4022 594 4084 vindicari
622 4029 703 4082 certo
733 4020 860 4100 quodam
882 4037 917 4080 ac
938 4017 1057 4080 delinito
1079 4033 1156 4077 anno
1178 4013 1306 4094 possint.

80 4109 140 4170 Sed
163 4108 200 4170 ad
220 4109 409 4189 propositum
430 4107 593 4169 ueniamus.
1210 4132 1217 4149 ι

115 4259 136 4293 a.
155 4243 208 4294 lloc
225 4243 283 4294 satis
301 4241 573 4303 aduersusScaligcrum
592 4239 666 4290 alios·
720 4253 815 4289 moram
840 4238 968 4300 llartprnm
987 4234 1101 4284 Sinceris.
1130 4233 1169 4284 ed.
1185 4230 1306 4284 Amxtelo-

80 4325 129 4376 que
147 4311 255 4360 detrudit
272 4312 337 4360 Sem.
354 4310 487 4372 basnagius
511 4308 565 4359 loco
585 4307 623 4358 cit.
643 4323 667 4371 p.
721 4307 776 4356 dam
795 4319 820 4370 p.
839 4303 897 4354 119.

81 4377 140 4429 218.
161 4385 210 4428 not
230 4378 269 4428 ll.
755 4389 775 4422 c.
795 4373 822 4422 lu
841 4370 1003 4422 Animaduers.
1023 4367 1159 4419 sdEnsebii
1174 4365 1306 4417 chronicon
1373 4371 1377 4377 ·

113 4446 139 4495 b.
164 4445 193 4495 ln
217 4445 287 4510 epist
315 4443 345 4494 ed
369 4442 404 4493 lo.
427 4442 570 4494 uouentem
595 4455 667 4506 quem
720 4439 806 4505 pili.

79 4513 154 4567 edidit
171 4512 359 4564 Tatnl’ossinna
377 4511 402 4560 iu
419 4511 483 4560 notis
500 4509 667 4560 sdActal’er·
753 4507 776 4556 d.
805 4507 829 4557 t.
855 4505 958 4556 Diouem
985 4503 1095 4554 Cassium
1129 4501 1170 4552 lib.
1198 4497 1303 4550 txxttt.

79 4588 167 4645 petrae
186 4587 209 4630 et
219 4579 350 4631 Felicitatis
369 4580 393 4629 io
411 4578 519 4629 Ruinertl
532 4576 597 4628 Actis
613 4576 666 4627 Pri·
719 4590 740 4626 c.
759 4572 783 4624 3.
