3114 5240
468 385 602 432 rucreruc
624 387 683 432 arc.
706 389 899 436 unrocus..
1228 379 1288 444 tra

78 551 172 612 gruere
207 533 350 597 omnibns
383 535 481 599 statim
512 538 597 602 ficret
626 539 837 604 manifestum?
881 541 1021 616 Quamvis
1050 559 1120 624 ergo
1142 543 1289 608 iudicibus

77 619 158 700 piam
181 637 219 680 se
242 619 351 681 sistere
372 639 463 683 ausus
485 639 546 684 non
568 625 672 698 suerit,
693 625 791 706 potuit
813 635 910 688 tamen
932 627 1077 700 comitae,
1099 635 1133 690 ut
1154 629 1221 709 ipse
1241 630 1290 693 lo-

77 705 180 783 quitur,
204 703 363 766 tacitamm
390 705 552 770 litterarum
580 709 644 771 viae
666 727 755 772 suurn
776 728 885 773 nomen
906 712 1110 792 praemittere,
1139 715 1217 794 quod
1240 715 1290 778 diu

77 789 216 850 resultare
238 807 302 850 non
322 797 449 869 poterat.
492 791 576 856 Nulla
597 812 715 874 quoque
735 795 851 859 videtur
872 815 938 858 esse
958 797 1044 870 rado,
1078 816 1129 860 mr
1150 798 1182 860 in
1202 799 1289 862 huius

75 873 164 952 potins
189 873 278 948 libri,
301 891 389 953 quam
411 873 536 939 aliorum
554 878 598 940 to
619 879 761 943 Nationes
782 889 812 943 et
831 881 876 943 ld
897 881 1052 962 Scapulam
1074 881 1158 944 titulo
1179 901 1290 946 nomeu

75 977 151 1020 uum
174 958 343 1021 redurerit.
465 974 471 982 ’
1179 1003 1183 1018 ·

147 1043 295 1106 Ceterum
325 1045 464 1124 quidquid
486 1045 523 1108 de
545 1047 632 1110 tacito
655 1049 717 1111 sire
738 1067 879 1130 expresso
901 1050 1072 1114 Tertulliani
1093 1052 1213 1113 nominc
1234 1053 1289 1116 dc·

74 1131 205 1203 hiatu,
229 1128 343 1190 nemini
365 1129 451 1208 plane
472 1131 593 1194 dubium
615 1151 683 1195 esse
705 1133 793 1196 debet
813 1133 884 1196 illud
905 1135 1009 1198 saltem
1032 1135 1207 1198 Christianis
1229 1155 1290 1200 non

73 1217 113 1277 diu
144 1214 247 1276 tuisse
278 1213 469 1293 incognitum.
512 1215 613 1296 Neque
639 1218 719 1280 enirn
744 1217 828 1282 latuit
847 1219 976 1282 Eusebio
1009 1237 1114 1301 neque·
1126 1220 1289 1296 Lactantio,

73 1301 112 1380 qui
133 1301 219 1362 hunc
242 1297 351 1360 libnun
373 1317 434 1361 non
455 1299 648 1375 dissimulato,
670 1303 712 1364 uti
734 1303 871 1377 vidimus,
895 1303 960 1367 eius
981 1305 1102 1367 nomina
1117 1305 1289 1368 citaverunt.

74 1385 221 1457 Quosdam
246 1383 334 1463 igituir
355 1383 442 1446 huius
464 1384 530 1446 libri
553 1386 670 1448 codices
692 1388 729 1449 ad
749 1406 868 1450 manum
889 1387 1051 1464 habebant,
1079 1390 1147 1468 ipso
1170 1390 1289 1452 Tertul-

73 1471 133 1532 liani
156 1478 298 1548 tempore
317 1468 396 1530 haud
418 1467 506 1532 dubie
527 1470 703 1550 descriptos,
736 1471 766 1532 in
787 1471 894 1551 quihus
915 1491 1025 1534 nornen
1047 1472 1111 1536 eius
1132 1475 1289 1555 praeposi-

73 1563 126 1616 um
149 1561 235 1624 erat,
271 1552 308 1614 ln
329 1552 445 1615 duobus
466 1563 564 1616 autem
585 1555 798 1636 antiquissimis
819 1557 931 1619 nostris
953 1556 1103 1628 codicibus
1124 1559 1290 1622 manuscri-

73 1641 125 1719 ptis
151 1639 205 1701 hic
235 1646 282 1700 est
309 1637 389 1700 illius
417 1638 534 1700 titulus:
563 1640 785 1721 apologeticum
809 1641 1005 1716 Tertullioai3
1034 1641 1117 1704 etin
1138 1643 1197 1705 fine
1218 1643 1292 1706 haec

72 1725 158 1786 rerba
179 1724 338 1802 leguntur:
361 1723 583 1804 Apologetr'cum
607 1725 716 1798 Quinti
738 1725 921 1788 Tertulliani
939 1727 1084 1808 Baptioit.
1128 1726 1161 1788 ln
1184 1728 1290 1792 ceteris

72 1827 187 1888 quoque
207 1807 277 1868 aliis
300 1805 462 1880 codicibus,
484 1817 542 1870 tam
563 1810 782 1889 manuscriptis,
804 1829 891 1889 qurum
913 1811 1017 1886 editis,
1039 1811 1089 1874 hic
1108 1811 1185 1874 liber
1205 1814 1289 1894 Apo·

76 1893 234 1972 loqcticesr
263 1900 315 1952 aut
346 1892 554 1971 apologeticus
584 1891 765 1956 inscribitur.
808 1895 912 1958 Veram
935 1905 1033 1958 autem
1053 1913 1122 1959 esse
1143 1896 1220 1960 hanc
1240 1897 1289 1958 in-

74 1977 264 2056 scriptionem
286 1993 349 2036 non
371 1976 512 2054 probatur
532 1978 590 2040 hoc
610 1987 721 2042 tantum
742 1979 860 2042 illorum
874 1980 1056 2055 testimonio,
1078 1981 1132 2044 sed
1145 1979 1290 2044 Lactantii

75 2063 169 2136 etiam,
190 2081 208 2122 a
230 2079 291 2140 quo
314 2061 340 2122 is
361 2059 436 2121 liber
456 2063 663 2145 apologeticus
678 2064 850 2142 appellatum,
873 2073 902 2126 et
916 2064 1046 2138 Eusebii,
1069 2084 1159 2144 aquo
1178 2067 1291 2146 pacuis

75 2145 153 2210 hisee
174 2147 284 2208 citatur
303 2145 404 2207 verbis
436 2146 527 2220 (haut.
550 2147 600 2208 lib.
623 2149 655 2209 V.
688 2147 760 2210 lust
784 2149 900 2228 capt.
922 2168 987 2229 pag.
1000 2154 1072 2216 470.
1102 2149 1210 2212 Euseh.
1232 2151 1290 2214 loc.

77 2249 153 2311 supr.
177 2232 256 2308 citt:
278 2221 363 2326 ὑπὲρ
386 2231 595 2312 Χριστιανῶν
618 2224 791 2314 ἀπολογία,
825 2233 855 2295 id
878 2243 926 2296 est
949 2235 1193 2298 Cbrr'atiocoruar
1213 2253 1291 2316 opo-

81 2317 150 2396 iopr'o
182 2325 214 2378 et
246 2316 391 2378 detonsio.
414 2315 538 2378 ·Plnrcs
570 2326 667 2379 autem
698 2318 730 2380 in
761 2335 825 2380 rcnr
857 2319 930 2381 adeo
953 2327 1061 2382 certam
1082 2338 1116 2382 ac
1136 2319 1291 2400 probatam

80 2401 160 2463 citare
182 2411 245 2462 tam
268 2399 355 2460 nobis
376 2399 496 2479 longum
518 2418 604 2479 quam
626 2402 691 2464 aliis
712 2403 868 2466 molestum
885 2405 971 2466 toret

156 2483 382 2559 Quantumlibet
407 2493 504 2546 autem
532 2485 629 2548 brevis
659 2487 698 2548 sit
725 2486 774 2548 hic
799 2487 919 2562 titulus,
946 2496 1042 2551 totum
1069 2497 1166 2550 umen
1194 2488 1290 2568 ipsius
1318 2515 1320 2520 ’

81 2569 142 2632 libri
161 2569 370 2649 complectitur
392 2578 602 2648 argumentum.
646 2571 679 2632 ln
701 2591 738 2634 eo
759 2572 907 2652 siquidem
920 2573 1116 2636 Tertullianus
1139 2573 1289 2636 detensio-

82 2672 143 2716 nem
170 2653 306 2734 suscepit
337 2653 570 2716 Christianorum
604 2655 748 2736 planeque
775 2657 958 2720 demonstrat
978 2657 1045 2720 illos
1068 2665 1170 2719 contra
1193 2658 1291 2720 omnia

68 2739 230 2802 oriuslihet
250 2738 392 2800 naturalia
415 2737 529 2802 divinae
549 2747 580 2802 at
600 2740 745 2802 humanae
766 2740 839 2819 legis
860 2742 1042 2821 praescripta
1056 2749 1179 2820 propter
1194 2741 1291 2804 solum

84 2837 184 2886 nomen
205 2841 306 2897 suom,
327 2840 384 2884 nec
404 2841 492 2886 causa
513 2841 641 2903 unquam
662 2825 769 2898 audita,
791 2824 827 2886 ah
843 2825 966 2887 edrnicis
982 2825 1171 2886 condemnari
1193 2832 1223 2886 et
1237 2843 1290 2886 oc·

86 2909 142 2978 ddi,
163 2909 213 2988 qui
236 2907 370 2970 omnium
392 2907 434 2970 rei
456 2916 540 2970 crant
561 2908 716 2981 scelerum,
739 2927 864 2986 quorum
879 2909 1001 2970 eosdem
1016 2909 1200 2971 Christianos
1215 2907 1289 2970 salso

85 2993 176 3054 latoius
205 2991 392 3056 accusabant.
435 2993 478 3054 Ex
503 2993 551 3055 his
580 2992 691 3071 itaque,
723 3009 797 3070 quac
826 2993 857 3053 in
883 2993 1037 3072 proposita
1059 3013 1076 3054 u
1096 2992 1183 3054 nobis
1204 2991 1292 3056 huius

85 3075 143 3139 libri
169 3077 281 3157 analysi
309 3077 405 3138 insius
432 3075 573 3157 explicata
600 3085 685 3150 sunt,
713 3077 901 3156 apertissime
923 3075 1076 3140 conficitur
1096 3083 1190 3139 totum
1212 3075 1291 3138 illius

87 3169 280 3239 argumentum
303 3179 339 3222 eo
362 3160 446 3223 titulo
469 3161 609 3224 exhiberi.

165 3247 303 3319 Quamvis
325 3255 422 3308 autem
443 3246 492 3308 hio
512 3246 576 3326 ipse
596 3245 671 3308 liber
692 3246 722 3307 iu
744 3246 882 3308 omnibus
915 3246 1001 3308 editis
1029 3265 1063 3308 ac
1082 3245 1290 3326 manuscriptis

90 3329 169 3390 etiam
187 3329 400 3392 vetustissimis
422 3330 581 3405 codicibus,
601 3331 682 3392 varia
702 3331 735 3392 in
757 3331 850 3410 capita
871 3330 910 3393 sit
930 3331 1052 3405 divisus,
1075 3350 1109 3392 ea
1130 3341 1229 3394 tamen
1243 3331 1290 3392 di-

89 3413 156 3475 risio
175 3415 385 3478 aTerttdliano
407 3417 536 3494 proiecta
557 3433 619 3476 non
641 3424 696 3477 est.
725 3415 832 3494 Ecquis
855 3416 933 3478 enim
954 3415 1167 3495 quantumlibet
1186 3435 1292 3496 parurn

89 3499 206 3562 eruditm
237 3500 284 3560 rel
315 3499 412 3579 primo
443 3500 549 3562 intuitu
581 3519 642 3562 nou
674 3500 865 3581 deprehendit
897 3518 984 3581 quam
1021 3520 1125 3581 parurn
1157 3508 1291 3564 emunata

89 3601 222 3664 quamque
251 3585 422 3664 imperfecte
450 3583 512 3646 sit?
554 3585 691 3648 Pituimis
719 3595 832 3660 autem,
861 3585 911 3664 qui
932 3604 1024 3648 novas
1044 3585 1123 3648 illius
1145 3585 1291 3646 editiones

90 3668 268 3742 adornarunt,
290 3669 362 3731 illud
384 3669 424 3730 ita
445 3687 619 3748 persuasum
640 3669 704 3743 tuit
725 3679 758 3731 ut
779 3670 888 3732 hancce
902 3671 1088 3748 partitionem
1103 3677 1216 3732 mutare
1230 3687 1290 3730 nou

91 3751 284 3816 dubitaverint.
315 3753 457 3815 Conatum
478 3771 549 3815 vero
571 3753 687 3816 illorum
708 3755 758 3832 qui
779 3754 927 3834 improbet
946 3761 1082 3834 putamus
1105 3770 1172 3814 esse
1193 3751 1290 3812 nemi·

91 3855 157 3899 nem.
200 3839 237 3900 lt
257 3838 355 3900 nullus
377 3837 463 3900 etiam
485 3837 603 3917 negabit
624 3856 676 3899 eos
698 3856 820 3918 scopum
841 3839 973 3900 nondum
994 3839 1127 3918 attigisse
1153 3842 1183 3898 et
1213 3834 1292 3896 hunc
1414 3873 1422 3888 ·

92 3920 185 3984 tilmm
206 3941 300 4003 posse
323 3922 418 3984 adhuc
438 3923 544 3985 melius
565 3922 596 3983 in
618 3923 712 4002 capita
733 3922 879 3984 disuihui.

165 4008 259 4070 Porro
281 4015 380 4069 autern
403 4007 429 4068 si
451 4013 562 4070 certum
585 4008 633 4080 sit,
656 4007 735 4068 hunc
754 4005 860 4069 librum
876 4007 907 4068 iu
921 4007 1014 4087 capita
1029 4002 1208 4067 Tertulliano
1230 4022 1291 4066 non

95 4089 174 4152 luisse
195 4092 333 4166 divisum,
355 4091 443 4172 longe
464 4092 595 4172 prolecto
618 4091 728 4154 coruus
750 4099 797 4153 ost
817 4091 854 4154 ab
868 4091 917 4154 illo
932 4091 1008 4154 edita
1022 4107 1083 4151 non
1097 4107 1164 4152 esse
1179 4107 1290 4152 corun-

98 4172 154 4236 dcn
173 4177 300 4258 sapitum
330 4177 489 4238 summaria
509 4193 562 4238 seu
584 4183 763 4256 argumento.
806 4175 843 4238 Et
864 4195 898 4239 aa
918 4175 1036 4255 quidem
1057 4173 1193 4236 inlibris
1215 4193 1290 4254 qua-

97 4275 205 4340 cumque
226 4261 347 4340 antiqua
367 4279 456 4334 manu
479 4261 604 4322 exaratis
626 4261 665 4322 ita
685 4261 784 4340 inepta
798 4269 869 4323 sunt
888 4279 922 4322 ac
938 4267 1137 4340 praepostera,
1171 4266 1203 4321 ut
1216 4259 1291 4322 nihil

96 4345 168 4419 peius
188 4345 252 4408 lieri
273 4346 414 4426 potuerit
457 4345 655 4418 Quamobrem
675 4345 893 4425 posterioribus
914 4344 1002 4406 huius
1023 4341 1203 4424 hpologetici
1225 4343 1290 4405 edi-

99 4425 213 4493 tionibus
233 4430 376 4511 praeiecti
398 4431 575 4492 studuerunt
594 4430 643 4492 illa
664 4431 838 4503 emendarc;
866 4447 921 4490 ncc
941 4428 1062 4490 omnino
1084 4428 1201 4508 quidem
1222 4427 1290 4490 inu-

98 4511 146 4576 tilis
165 4516 218 4578 tuit
238 4533 344 4577 eorum
365 4515 518 4591 correctio,
541 4514 594 4580 sed
615 4533 676 4578 non
698 4514 739 4578 ita
759 4513 903 4588 absoluta,
925 4513 995 4593 quin
1017 4511 1291 4578 aotucacauatiori

97 4600 273 4682 mugauone
295 4599 453 4680 indigeant

1052 4699 1090 4754 8*
