3114 5240
497 387 631 432 recreas
651 387 710 436 mc.
734 387 770 432 ce
792 385 918 432 nonme.
1122 409 1127 426 ·
1255 369 1315 436 12³

595 571 761 623 sustentus
779 571 820 622 ill.

113 679 141 722 lte
159 676 273 721 ranorum
294 677 315 720 in
333 675 463 718 Tertulliani
480 675 647 731 hpclegeticurn
666 675 765 730 scholiis,
782 676 964 734 paraphrasihus,
983 647 1083 721 nous.et
1101 675 1298 720 observationibus.

179 791 287 853 Plures
314 808 386 852 sane
412 790 491 852 retia
513 790 679 853 eruditione
701 790 850 870 conspicui
872 792 1042 870 scriptores,
1070 791 1172 871 quiin
1193 790 1315 853 edendis

101 875 271 939 Tertulliani
293 875 378 936 libris
401 893 500 936 euram
521 875 737 954 impenderunt,
758 884 810 938 aut
830 875 907 938 aliud
930 875 1040 954 aliquid
1060 876 1193 955 agebant,
1218 875 1316 938 conati
1422 889 1425 896 ’

99 970 166 1024 sunt
180 960 357 1022 obscuriora
372 967 423 1021 aut
444 968 546 1022 notatu
567 961 660 1039 magis
682 960 957 1039 dignahpelogetioi
979 959 1056 1022 illius
1078 959 1145 1022 libri
1165 959 1230 1022 loca
1252 959 1315 1022 stris

99 1045 367 1118 observationibus,
394 1044 526 1118 scholiis,
558 1045 787 1123 paraphrasihus
810 1052 840 1106 et
861 1044 1079 1108 commentariis
1102 1052 1152 1106 aut
1173 1044 1316 1124 explicare

101 1141 127 1192 et
158 1130 322 1204 illustrare,
354 1135 406 1190 aut
438 1129 621 1192 confirmare.
664 1129 764 1190 Primo
786 1137 884 1192 autem
904 1129 937 1190 B.
959 1129 1118 1192 Rhenanus
1141 1128 1209 1192 huic
1240 1128 1315 1190 libro

100 1237 115 1278 a
144 1235 179 1277 se
207 1215 289 1276 edito
316 1212 451 1292 praefixit
477 1222 691 1292 argumentum,
720 1214 773 1276 sed
803 1213 888 1293 longe
920 1231 1005 1295 qaam
1026 1231 1080 1293 par
1101 1221 1163 1276 erat
1184 1212 1315 1275 brevius.

100 1303 205 1362 Verum
229 1299 306 1361 hanc
326 1297 499 1360 brevitatem
520 1298 651 1378 suppleri
672 1317 765 1378 posse
789 1297 900 1376 putarit
922 1297 1063 1360 subiectis
1077 1298 1162 1358 ocris
1178 1297 1316 1376 capitum,

102 1393 132 1446 ot
156 1385 251 1457 aiunt,
280 1382 458 1455 summariis,
487 1383 593 1462 quibus
615 1383 670 1444 alia
698 1383 728 1444 in
761 1381 972 1461 manuscriptis
1002 1382 1130 1444 exhibita
1158 1381 1316 1444 emendare

101 1469 243 1531 connixus
273 1475 330 1530 est.
373 1468 417 1529 td
443 1468 516 1529 haec
543 1486 614 1529 vcro
644 1467 674 1530 in
707 1468 822 1540 eodem,
851 1466 906 1528 etsi
928 1466 1113 1540 brevissimo,
1140 1465 1206 1526 lihri
1227 1465 1316 1528 huius

100 1561 273 1634 argomento
300 1551 423 1614 tentarit
448 1551 633 1632 paucissimis
663 1552 836 1632 quibusdam
865 1551 999 1612 obscuris
1029 1550 1092 1612 eius
1119 1549 1193 1611 locis
1222 1548 1318 1612 lucem

100 1639 224 1718 aliquam
245 1637 406 1716 praeferre.

180 1723 332 1784 Posthaec
352 1739 423 1783 vero
445 1720 619 1784 Franciseus
640 1720 800 1800 Zephyrus,
829 1739 895 1783 cum
917 1718 1173 1782 animadvertisset
1193 1725 1317 1798 quonian

101 1807 232 1870 utilitatis
262 1807 312 1868 hic
338 1805 416 1867 liber
442 1805 579 1867 omnihus
611 1823 677 1868 esse
704 1806 812 1884 possit,
839 1825 874 1866 ac
898 1823 936 1866 ne
962 1803 1087 1866 studiosi
1115 1803 1316 1866 adolescentes

105 1901 223 1972 propter
242 1891 394 1954 sermonis
417 1888 625 1952 obscuritatem
647 1897 861 1971 correptosque
883 1889 1070 1952 librariorum
1090 1887 1202 1950 incuria
1222 1887 1315 1961 lones,

105 1977 141 2040 ah
162 1977 224 2038 eius
241 1976 372 2038 lectione
394 1975 623 2049 deterrerentur,
645 1975 739 2055 ipsius
762 1975 928 2055 composuit
942 1973 1090 2052 ediditque
1105 1971 1315 2052 paraphrasim.

103 2062 136 2126 ln
161 2079 195 2124 ea
221 2069 332 2133 autem,
362 2077 435 2138 quae
462 2061 556 2122 textui
576 2060 747 2122 Tertulliani
774 2060 872 2122 minus
901 2058 1019 2138 quidem
1047 2058 1200 2119 commode
1221 2057 1315 2118 inter-

101 2148 251 2219 miscetur,
280 2144 365 2225 plura
394 2144 457 2206 loco
480 2144 628 2206 intellectu
649 2141 776 2206 difficilia
809 2143 962 2223 explanare
989 2143 1124 2206 novaria
1145 2141 1316 2204 obnuititls

102 2231 310 2312 impedimenta
331 2247 485 2291 removere
507 2229 633 2291 molitur.
678 2229 764 2290 Tanti
785 2247 875 2308 perro
895 2227 1039 2290 Pamelius
1061 2229 1137 2290 hauc
1156 2226 1318 2305 paraphra-

104 2317 154 2378 sim
175 2313 355 2388 aestimarit,
377 2321 411 2374 ut
431 2313 508 2374 illam
530 2314 559 2374 in
582 2333 647 2374 eum
670 2314 766 2392 plane,
788 2332 846 2392 quo
868 2314 899 2373 in
921 2312 1075 2392 superiore
1090 2311 1230 2379 editione,
1249 2329 1316 2372 mo-

103 2401 168 2462 dum
190 2399 287 2462 textui
307 2398 444 2477 ductoris
466 2399 564 2460 nostri
585 2398 734 2460 censuerit
754 2397 951 2459 inserendam.

182 2485 395 2546 Verumtamen
416 2483 489 2545 haec
510 2483 574 2561 ipsa
596 2483 632 2544 ah
654 2483 731 2556 aliis,
759 2483 809 2561 qui
831 2482 920 2544 variis
941 2482 1030 2544 huius
1050 2480 1119 2542 lihri
1141 2479 1317 2542 editionibus

106 2570 206 2632 deiude
227 2567 392 2648 praepositi
422 2574 500 2642 sunt,
529 2575 615 2646 etque
636 2567 769 2647 inprimis
791 2567 939 2628 Ludovico
961 2566 988 2628 la
1011 2566 1103 2628 Cerda
1125 2565 1210 2643 plane
1230 2565 1318 2644 peni·

106 2665 206 2734 tueque
228 2653 341 2715 reiecta
363 2659 420 2714 est.
449 2653 486 2714 tt
506 2652 610 2715 doctus
633 2653 690 2714 iste
711 2653 766 2726 rir,
787 2669 826 2712 ne
848 2652 914 2733 quis
937 2652 974 2712 de
994 2651 1050 2712 bac
1067 2649 1229 2712 omissione
1244 2667 1317 2710 con-

105 2740 182 2818 queri
203 2756 336 2818 unquam
358 2745 472 2817 posset,
494 2755 599 2798 noram
615 2737 705 2798 edidit
721 2745 817 2798 textus
833 2734 1022 2797 Tertullianei
1036 2733 1317 2812 interpretationem.

104 2824 232 2904 Singulis
256 2841 374 2903 quoque
389 2821 532 2902 capitibus
546 2821 671 2883 subiecit
684 2829 771 2882 notas
786 2839 863 2894 suas,
887 2819 1003 2898 quihus,
1026 2817 1097 2880 alias
1112 2817 1196 2878 laude
1211 2815 1318 2894 dignis,

105 2910 178 2971 idem
205 2916 308 2970 textus
336 2925 397 2968 nou
430 2906 494 2968 sine
522 2907 686 2985 interrupta
715 2904 834 2966 lectoris
861 2903 1023 2965 attentione
1050 2901 1107 2980 legi
1133 2900 1211 2961 haud
1238 2899 1320 2960 facile

106 3001 207 3072 potest.
256 2992 317 3054 Sed
336 2992 436 3071 plures
458 2991 546 3052 etiam
567 2989 752 3068 expostulant
773 2988 809 3050 de
830 2986 981 3050 inutilibus
1004 2985 1177 3065 quibusdam
1198 3003 1232 3044 ac
1251 2984 1320 3045 lou-

108 3079 234 3156 gioribus
258 3077 338 3138 notis
361 3084 487 3156 atquoa
513 3073 686 3136 Tertulliani
708 3072 864 3152 proposito
885 3071 987 3132 alienis
1003 3069 1245 3149 digressionibus.
1277 3067 1321 3130 lt

112 3163 167 3224 aliis
193 3161 390 3225 nihilominus
417 3161 573 3222 laudantur
611 3158 774 3237 ceterisque
803 3163 1022 3235 anteponuntur
1053 3156 1194 3216 hactenus
1223 3152 1319 3216 editis.
1346 3163 1348 3174 '

114 3245 144 3306 ln
166 3247 210 3308 his
238 3247 339 3326 itaque
364 3244 436 3307 illud
463 3244 611 3308 dumtaxat
639 3243 816 3316 desiderant,
850 3241 928 3320 quod
955 3248 1066 3302 textum
1089 3237 1257 3302 Tertulliani
1285 3239 1321 3298 ad

116 3331 324 3411 manuscriptos
353 3330 469 3393 codices
499 3348 559 3391 non
587 3327 785 3407 castigaverit,
814 3326 893 3414 qupd
920 3327 1017 3388 omnia
1043 3325 1120 3387 illius
1150 3341 1240 3404 opera
1261 3341 1322 3385 non

115 3415 311 3492 publicaverit,
333 3415 412 3495 quod
433 3433 488 3493 pro
512 3433 565 3476 sua
582 3413 752 3476 'eruditione
774 3430 834 3472 non
854 3411 1039 3490 explicaverit
1059 3419 1089 3471 et
1110 3408 1324 3472 confirmaverit

114 3501 211 3564 tradita
233 3501 270 3564 ab
293 3519 328 3562 eo
351 3499 525 3561 christianae
546 3497 696 3577 religionis
719 3498 903 3560 documenta.

189 3587 233 3648 Ab
256 3585 383 3648 hieroldo
405 3591 503 3646 autem
535 3591 604 3663 post
636 3583 746 3645 editum
768 3601 785 3642 a
806 3600 838 3642 se
860 3582 938 3642 hunc
959 3579 1130 3641 Tertulliani
1150 3576 1322 3656 Apologeti-

113 3687 189 3756 cum·
207 3671 338 3732 adiectus
361 3677 408 3730 est
428 3668 512 3742 liber,
540 3668 582 3730 uti
603 3667 639 3729 ah
661 3687 697 3728 eo
718 3673 837 3728 vocatur
861 3665 1106 3738 Commentarios,
1137 3679 1222 3740 quem
1244 3659 1323 3720 notis

114 3763 220 3817 notum
248 3775 264 3816 a
297 3773 331 3816 se
364 3754 489 3816 invicem
511 3754 596 3832 plane
617 3751 773 3814 disiunctis
802 3748 977 3829 composuit
1019 3746 1063 3808 Ne
1084 3765 1152 3806 vero
1174 3745 1205 3806 in
1226 3743 1323 3804 illisa

115 3837 280 3902 Tertulliani
307 3839 462 3919 proposito
488 3838 605 3916 longius
636 3843 814 3908 excuteret,
841 3834 916 3895 dues
940 3833 966 3894 ei
988 3829 1138 3894 subiunxit
1158 3826 1322 3906 digressio-

117 3939 181 3984 num
200 3925 303 3998 libros,
332 3923 437 4002 quihus
465 3921 591 3984 dillicilia
614 3929 642 3982 ct
663 3919 812 3982 salebrosa
833 3919 897 3980 eius
918 3918 983 3979 loca
1004 3914 1189 3992 complanare
1211 3910 1322 3974 nitittrr.

119 4005 151 4066 ln
167 4009 212 4071 his
233 4017 330 4071 autem
352 4007 489 4070 omnihus
511 4005 741 4086 deprehenditur
761 4005 882 4083 prolana
904 3999 1031 4065 auctoris
1048 3997 1183 4070 eruditio,
1205 3997 1258 4060 sed
1272 4015 1322 4058 sa-

125 4109 229 4156 norum
250 4101 280 4156 et
302 4092 508 4155 obscuriorum
536 4090 710 4154 christianae
742 4087 895 4166 religionis
916 4087 1083 4165 dogmatum
1105 4101 1123 4144 a
1144 4080 1324 4144 Tertulliano
1430 4085 1434 4092 '

127 4177 287 4241 natorum
316 4176 538 4256 explicationem
569 4177 678 4238 trustra
699 4173 841 4252 requiras.
885 4172 972 4233 Plura
993 4185 1109 4247 quoque
1130 4165 1185 4228 alia
1206 4165 1324 4245 reliquit

125 4257 227 4337 hieu,
249 4281 325 4342 quae
346 4261 538 4342 explicatione
559 4267 589 4323 et
610 4258 831 4323 confirmatione
853 4252 1045 4335 proculdubio
1068 4251 1245 4330 indigebant.

190 4347 294 4410 uuus
305 4365 421 4426 quoque
433 4347 464 4407 in
474 4346 572 4408 omnia
583 4342 754 4406 Tertulliani
765 4360 855 4421 opera
866 4336 1134 4403 animadversiones
1145 4334 1324 4398 edidithau·

122 4431 225 4494 reotius
246 4433 283 4494 de
304 4432 333 4492 la
351 4431 454 4503 Barre,
477 4448 548 4509 quas
570 4449 602 4492 se
624 4447 661 4492 ex
682 4427 719 4490 iis
740 4425 924 4506 excerpsisse
945 4422 1083 4496 declarat,
1104 4419 1329 4500 quibuslleral-,

124 4511 182 4588 dus,
202 4517 340 4588 hleiatns,
363 4515 508 4590 Crinitus,
530 4514 697 4584 Turnebus,
719 4511 883 4582 Vetranius,
917 4507 1077 4581 idomenus,
1100 4506 1234 4570 Cuiaeius
1256 4503 1322 4566 ulii-

126 4615 176 4675 que
194 4600 354 4682 peregrinis
376 4601 407 4663 in
428 4599 502 4664 locis
523 4600 662 4681 quasdam
683 4597 833 4661 intellectu
847 4592 979 4656 difficiles
995 4591 1165 4656 Tertulliani
1179 4589 1330 4654 dictiones.
