3122 5250
263 353 327 418 352
362 367 553 414 nissttttttrto
571 359 764 418 1311113333.
780 367 865 414 FLOR·
881 363 1398 414 31311111311133033333113113333.

263 518 378 600 ingredi
399 525 624 592 consueverant,
646 517 704 582 uisi
718 517 880 598 imperator
894 536 930 581 ex
940 517 997 582 bac
1009 517 1068 582 vita
1082 518 1271 584 decessisset.
1297 519 1332 584 dt
1342 514 1451 606 pnsdip

264 604 410 685 significat
437 603 556 684 abquod
582 601 707 683 penulae
732 621 838 683 genus.
880 602 955 666 Nam
975 603 1163 684 Lampridius
1187 604 1228 678 ¹de
1254 605 1352 668 codem
1374 603 1450 666 dom·

264 689 368 753 modo:
393 688 779 776 Contromasustudiasm,
801 687 906 768 inquit
924 685 1087 768 penulatos
1109 694 1207 764 133311,
1228 707 1290 754 sos
1303 687 1451 771 topototod

263 793 373 838 munus
396 776 501 836 vestre
521 771 682 852 (Lamprid.
705 772 736 834 in
757 772 852 836 eiusd.
874 772 938 836 Vita
960 793 990 854 p.
1013 775 1110 851 bib).

348 853 545 920 Tertullianus
573 857 670 936 itaque
690 854 842 920 Romanos
869 857 978 920 merito
1000 858 1147 938 coarguit,
1175 857 1283 938 quippe
1302 855 1346 938 qui
1363 862 1448 918 conus

264 942 415 1022 andqrrum
443 960 557 1004 morem
583 942 691 1021 penula
718 949 880 1016 uterorum,
908 961 975 1006 cum
996 942 1121 1024 publicis
1142 942 1219 1005 ludis
1242 952 1271 1005 31
1290 938 1445 1022 spectaculis,

263 1026 440 1110 praesertim
466 1025 580 1100 bieme,
609 1026 741 1090 aderant.
783 1026 866 1088 'lunc
887 1027 976 1101 enim,
998 1027 1067 1106 quia
1088 1027 1201 1090 theatra
1224 1027 1347 1090 carebant
1363 1021 1443 1086 133113·

263 1111 400 1194 penulabr
428 1129 595 1192 sumpsere,
623 1129 660 1172 ne
682 1111 774 1190 frigus
796 1111 928 1191 pluviave
950 1119 1072 1174 noceret
1092 1130 1127 1176 ne
1148 1113 1245 1192 turpia
1265 1111 1302 1174 ibi
1321 1117 1372 1171 3313
1388 1105 1442 1168 3133

263 1198 323 1262 ullo
350 1203 519 1277 spectarent
544 1195 742 1258 incommodo.
786 1196 894 1258 Contra
914 1195 1059 1274 pristinos
1081 1197 1178 1276 itaque
1199 1215 1297 1260 mores
1316 1187 1442 1272 voluptatis
1536 1241 1537 1274 a

262 1301 352 1346 causa
380 1289 569 1360 sumpserant
594 1280 741 1360 penulam,
771 1299 859 1360 quam
886 1280 994 1343 milites
1023 1281 1062 1342 ob
1084 1280 1178 1344 solnm
1199 1279 1389 1346 necessitatem
1405 1274 1443 1338 'tn-
1536 1297 1537 1334 v

264 1366 402 1432 duebant.
445 1364 518 1428 Nam
546 1365 583 1428 de
611 1363 712 1434 milite.
739 1365 790 1444 qui
818 1364 1005 1428 christianam
1022 1365 1195 1445 religionem
1224 1384 1319 1430 coram
1338 1359 1447 1424 'ln'bimo

262 1450 465 1532 profitebatur,
488 1450 700 1523 oraveram,
722 1449 817 1529 inquit
838 1449 1042 1522 Tertulbanus,
1062 1451 1192 1531 penulas
1211 1454 1313 1532 posuit
1338 1441 1450 1522 (Tertull

262 1537 313 1600 lib.
335 1535 373 1598 de
395 1535 512 1598 Corona
533 1553 596 1614 cap.
611 1538 663 1610 1.).
705 1534 748 1596 113
770 1534 825 1597 bac
845 1552 936 1614 porro
958 1542 1041 1598 veste
1062 1534 1172 1600 videsis
1196 1534 1343 1598 Octavium
1362 1530 1450 1592 Fem-

263 1621 341 1686 rium
362 1627 449 1700 atque
469 1619 640 1682 Bartholum
660 1619 872 1694 barnoinum,
901 1618 951 1698 qui
977 1619 1141 1698 peculiares
1163 1619 1200 1682 de
1223 1620 1270 1682 illa
1290 1613 1451 1696 1133313113-

263 1725 318 1768 333
340 1712 371 1768 31
390 1704 463 1768 alios
485 1704 534 1783 qui
556 1704 594 1766 de
613 1723 648 1766 re
668 1703 803 1766 vestiaria
824 1703 916 1766 libros
935 1703 1099 1766 ediderunt.

349 1789 424 1862 Quis
452 1786 541 1867 igitur
566 1807 627 1850 non
649 1788 727 1851 videt
747 1807 802 1868 qun
824 1788 987 1851 temeritate
1008 1780 1452 1875 31113131313333133311313311ῦί-Ι

263 1873 321 1940 ntis
342 1873 551 1954 imperatorum
572 1874 602 1935 in
624 1872 808 1938 Christianos
829 1873 944 1952 legibus
966 1892 999 1935 se
1021 1873 1058 1936 ad
1079 1891 1131 1936 eos
1152 1874 1300 1944 vexandos
1321 1868 1389 1948 cogi,
1413 1883 1454 1945 qu

264 1968 344 2022 tanta
371 1956 490 2020 audacia
518 1966 548 2020 et
574 1956 747 2037 impunitate
774 1957 847 2018 alias
874 1957 1071 2038 aequissimas
1104 1958 1220 2020 11333133
1248 1957 1286 2020 ob
1317 1955 1454 2018 inmanem

264 2063 381 2110 morum
407 2041 603 2122 corruptelam
630 2040 761 2104 funditus
788 2042 879 2104 everti
916 2043 1129 2122 praecipientes
1164 2041 1252 2122 plane
1278 2035 1457 2120 despiciebant

194 2167 200 2180 ·
263 2137 294 2190 et
313 2126 571 2208 adspernabantur.
600 2125 701 2206 Neque
722 2125 793 2188 alias
814 2126 913 2206 plures
941 2145 1082 2207 perquam
1110 2127 1239 2208 optimas
1265 2124 1354 2208 pluris
1378 2119 1456 2186 lacis·

262 2213 342 2288 bant,
365 2209 610 2294 quemadmodum
629 2210 825 2274 Tertullianus
847 2211 934 2274 docet
955 2218 985 2273 et
1004 2220 1076 2293 post
1096 2211 1176 2276 illum
1198 2212 1392 2279 ostendemus.

746 2446 932 2498 ·sttttt:ttnus
949 2446 974 2498 V.

263 2551 396 2610 Expandltur
413 2563 456 2606 qua
474 2551 596 2598 temeritate
615 2551 695 2594 ethnici
714 2551 894 2596 conculcaverint
918 2551 980 2607 leger
998 2563 1056 2607 quas
1074 2551 1205 2606 dignitatum
1224 2561 1247 2596 et
1262 2541 1459 2599 natalium-insignit

309 2627 502 2672 romanensium
520 2626 542 2663 et
559 2619 699 2664 meretricum
715 2627 789 2662 vestes
807 2619 912 2674 distingui
929 2619 1041 2672 iubebant,
1059 2627 1096 2662 aut
1112 2619 1259 2677 probdrebant
1275 2630 1302 2663 ne
1318 2615 1416 2662 munem

602 2698 664 2740 auro,
682 2687 723 2730 nisi
740 2686 762 2730 in
780 2687 863 2731 annulo
879 2687 988 2743 pronubo,
1007 2695 1145 2732 ornarentur.

348 2799 475 2866 Gradum
503 2801 572 2864 inde
592 2801 791 2866 Tertullianus
819 2802 888 2865 lacit
914 2801 950 2864 ad
971 2801 1050 2864 aliud
1070 2803 1328 2882 pessumdatarum
1348 2797 1382 2862 ab
1401 2793 1458 2856 etb-

262 2888 337 2952 nisis
359 2888 457 2966 legum
478 2905 582 2966 genus,
604 2885 709 2966 quibus
731 2887 895 2950 modestiae
916 2905 951 2948 ac
978 2885 1130 2950 sobrietati
1158 2886 1293 2968 inprimis
1319 2881 1460 2972 mulinum

262 2971 492 3054 prudentissime
515 2971 681 3034 consultum
702 2970 773 3034 olim
794 2971 857 3034 init.
902 2970 959 3045 Qui
981 2970 1059 3032 eninr
1081 2971 1161 3050 leges
1183 2972 1341 3036 christiano
1360 2962 1460 3030 nomint

262 3057 422 3121 iniuriosus
444 3067 503 3118 tam
525 3056 688 3119 insolenter
716 3055 911 3129 obiectabant‚
933 3055 964 3120 bi
985 3055 1042 3135 ipsi
1057 3055 1214 3135 nanqmuo
1228 3057 1361 3134 laetoque
1375 3049 1460 3113 animo

262 3140 447 3222 patiebantur
467 3140 539 3202 alias
561 3140 736 3214 conculcari,
769 3160 843 3222 quoe
863 3143 1041 3222 dignitatum
1061 3153 1091 3207 31
1113 3141 1308 3206 bonestorum
1328 3133 1461 3199 natalium

263 3230 394 3304 insignio
415 3244 477 3287 333
500 3235 608 3288 temere
628 3244 682 3288 nec
703 3230 822 3304 inpune
842 3229 994 3305 usurpari
1013 3227 1149 3288 31331331
1171 3225 1307 3300 (Tertull.
1321 3221 1460 3302 Apolcget

262 3328 325 3388 cap.
349 3312 402 3386 6.).
436 3308 509 3382 Quis
532 3327 602 3370 vero
620 3309 715 3372 nescit
735 3308 815 3372 varia
835 3309 927 3372 luisse
948 3327 1061 3388 regum,
1090 3319 1271 3386 senatorum,
1294 3307 1416 3387 equitum
1436 3307 1462 3361 el

262 3391 445 3474 plebeiorum
467 3393 620 3455 bominum
641 3393 766 3473 insignia
786 3393 978 3474 diversasque
999 3402 1107 3468 vestes,
1129 3395 1238 3474 quibus
1260 3413 1276 3455 a
1303 3388 1460 3454 seinvicem

263 3475 540 3556 distinguebantur?
581 3477 671 3540 ldissa
693 3477 841 3540 enimvero
864 3487 898 3540 nt
917 3478 1043 3558 plurima
1064 3479 1213 3552 iaciamus.
1235 3479 1309 3542 baec
1329 3476 1382 3538 alia
1402 3477 1462 3533 3331

259 3563 299 3624 de
321 3561 378 3626 illis
401 3561 557 3641 ipsiusmet
576 3561 712 3624 Auctoris
734 3563 830 3626 nostri
859 3563 961 3626 verba:
993 3559 1213 3637 Quis'omnino
1235 3581 1339 3645 regum
1358 3561 1462 3636 udum

258 3649 406 3730 potestati
429 3665 502 3710 sune
531 3647 653 3710 ismaro
679 3648 823 3727 praefert
850 3661 877 3712 et
904 3666 967 3710 non
994 3659 1047 3710 out
1077 3653 1172 3730 capite
1206 3650 1341 3712 diademo
1366 3655 1416 3706 out
1434 3642 1462 3700 t'tt

260 3752 354 3882 fficio
385 3741 615 3892 mml'lllw
636 3730 768 3814 aliquam
786 3737 933 3814 proprios
955 3737 1045 3796 vestis
1066 3731 1193 3798 sotum?
1222 3732 1317 3809 (idem
1336 3729 1384 3792 lib.
1405 3723 1460 3788 adv·

315 3835 386 3882 3333
407 3835 470 3880 ca.
535 3860 566 3876 ..

345 3835 460 3964 1131331,
479 3919 595 3980 quoque
616 3909 662 3964 est
681 3920 699 3962 a
721 3900 844 3962 Caesare
864 3901 997 3980 Augusto
1028 3900 1155 3966 edimum
1183 3919 1243 3982 quo
1264 3895 1412 3981 prohibuit
1429 3907 1461 3954 {tt

261 3988 339 4052 ullus
365 3985 424 4052 nisi
453 3993 581 4059 senator,
609 4003 789 4065 purpuram.
817 4004 892 4065 quae
920 3993 983 4050 urm
1010 3985 1096 4065 vulgo
1124 3986 1308 4060 sumebatur,
1334 3982 1461 4056 deinceps

261 4070 398 4136 indueret
424 4070 521 4144 (Ilion.
543 4069 594 4132 lib.
617 4069 716 4133 XLIX.
739 4071 850 4132 ilistor.
872 4069 958 4132 Rom.
980 4089 1010 4154 p.
1033 4074 1130 4148 tna).
1172 4072 1267 4134 113133
1291 4087 1361 4132 vero
1381 4061 1461 4128 lulius

260 4155 379 4228 Caesar,
409 4163 484 4218 teste
507 4155 661 4228 Suetonio,
693 4155 866 4222 1331333333
886 4173 985 4231 usura,
1006 4157 1078 4219 item
1099 4155 1312 4236 oosebplo'odos
1332 4152 1418 4216 333113
1436 4151 1462 4208 31

259 4243 500 4316 margaritarum
527 4243 590 4304 nisi
614 4245 705 4304 certis
731 4244 872 4320 personis
899 4250 928 4302 et
953 4241 1102 4304 natatibus
1127 4259 1242 4322 peropus
1270 4249 1369 4304 certos
1397 4233 1461 4300 dict,

261 4323 371 4388 ademit
390 4323 525 4396 (Sueten.
548 4325 579 4390 in
601 4324 664 4388 Vita
684 4324 750 4387 lulii
771 4321 905 4388 Caesaris
927 4342 990 4404 cap.
1000 4327 1077 4402 431.
1108 4323 1190 4398 Quae
1211 4323 1333 4405 quidem
1353 4319 1388 4386 ab
1407 4315 1461 4380 nu-

259 4405 375 4472 sebiani
390 4406 527 4474 Gbronici
547 4417 667 4474 stretors
688 4410 726 4471 de
746 4407 863 4474 leminis
885 4407 929 4470 sic
949 4409 1144 4487 explicantur:
1167 4407 1340 4476 Prohibitus
1360 4403 1461 4468 13311311

259 4494 491 4574 mrporitt'spue
516 4499 578 4569 311,
604 4513 679 4574 punc
706 4513 759 4558 sco
785 4499 869 4558 ciros
896 4511 950 4556 noc
978 4493 1087 4558 liberos
1115 4493 1260 4558 13133331
1287 4493 1462 4558 3133113111

259 4589 360 4644 333331
378 4579 470 4642 ossis
491 4581 705 4660 quinquaginta
724 4582 853 4663 gaianus
873 4577 994 4658 (Etucb.
1017 4578 1125 4646 Cluon
1147 4573 1428 4650 nucctnixxtt).
