3020 5230
427 361 566 407 lucrans
587 361 629 404 ro.
654 361 715 404 sau.
740 359 864 404 sennen.
950 383 952 391 ·
1168 353 1253 416 '631
1307 343 1311 350 ²

32 513 168 576 similiter
195 512 302 574 mirum
330 511 436 574 accidit
464 510 544 583 illud,
577 509 740 582 Irenaeum,
775 511 818 570 uti
847 509 964 589 quidem
995 510 1082 574 nobis
1111 525 1258 596 superest,

31 599 129 676 legere
152 596 302 658 similiter:
325 597 365 658 ad
387 596 492 658 barain
516 598 657 656 cessimus
686 595 872 665 subiectioni,
901 599 950 658 nti
974 601 1089 658 ceritas
1112 601 1260 680 evangelii

29 692 207 762 perseveret
235 682 316 759 apud
344 689 430 741 nost.
475 679 594 740 Certum
621 677 710 755 igitur
737 686 785 738 est
812 677 906 740 baisse
937 697 1050 739 sacram
1088 681 1258 746 societatem
1347 676 1349 684 ’

32 765 216 836 Latinorum,
240 764 291 843 qui
311 763 360 824 bic
381 762 489 824 mdlsm
512 761 698 840 negationem
719 761 862 822 insertam
883 762 981 840 legere
996 763 1141 825 solebant.
1163 765 1258 846 Atque

31 849 115 910 facile
138 855 259 928 apparet
279 847 460 908 Marcionem
492 845 606 924 graecis
635 845 786 907 codicibus
814 865 911 918 usum,
933 846 1000 924 quia
1029 849 1138 910 vetusti
1160 849 1258 911 Latini

32 935 161 994 latentur
183 949 252 994 esse
273 931 427 1008 antiquum
448 931 619 992 dissensum
642 929 719 990 iuter
739 929 894 990 lectionem
924 929 1057 992 codicum
1087 951 1258 1010 graecorum

33 1025 63 1076 et
84 1015 219 1078 codicum
240 1014 417 1088 latinorum3
453 1033 515 1075 non
537 1013 637 1076 solum
658 1013 717 1073 boc
736 1015 874 1086 latentur,
910 1013 966 1074 sed
986 1022 1016 1074 et
1036 1024 1189 1093 praeterea
1211 1017 1259 1078 di-

32 1107 103 1160 cunt
125 1108 155 1160 et
176 1107 277 1178 aperte
298 1117 368 1177 prae
398 1117 431 1159 se
459 1100 557 1160 ierunt
584 1097 815 1175 corruptionem,
853 1097 1110 1176 interpolationem
1141 1100 1260 1161 studio-

32 1201 96 1244 sam
120 1183 150 1244 in
172 1201 345 1261 graecorum
373 1181 456 1244 libris
478 1181 575 1242 locum
603 1180 755 1252 babuisse,
788 1179 855 1259 quia
884 1200 919 1242 ex
948 1181 1073 1244 consilio
1095 1183 1260 1245 domestico

32 1267 181 1328 soluerint
207 1284 263 1346 pro
292 1285 339 1334 eo,
370 1267 450 1343 qtrod
484 1265 595 1326 sentire
623 1273 652 1324 et
679 1264 841 1343 intelligere
877 1259 1020 1340 solebant,
1057 1268 1259 1328 auctoritatem

32 1350 160 1430 aliquam
183 1351 346 1428 scripturae
361 1351 484 1422 allerre3
507 1350 605 1428 itaque
624 1367 746 1427 graecos
761 1349 804 1410 sic
819 1349 971 1428 scripisse,
994 1349 1038 1412 uti
1053 1349 1259 1412 intellexerint.

32 1435 114 1495 llaec
135 1452 221 1495 causa
244 1442 290 1496 est
312 1433 433 1497 omnino
456 1432 553 1512 magni
576 1433 729 1506 momenti,
757 1451 814 1493 nec
834 1433 1012 1506 dubitamus,
1041 1434 1067 1494 si
1095 1435 1260 1496 accuratius

34 1517 207 1590 excutiatur,
230 1527 300 1595 post
321 1517 428 1578 multas
452 1517 600 1589 tenebras,
633 1516 663 1577 in
692 1516 799 1594 quibus
823 1516 1024 1591 versabamur,
1046 1517 1169 1580 multum
1192 1529 1259 1579 ten-

33 1603 102 1662 dem
123 1601 196 1662 lucis
219 1601 307 1664 etiam
329 1601 503 1662 rediturum.
548 1599 666 1662 Sicilie
688 1600 918 1674 Ambrosiaster,
947 1601 1113 1680 quicunque
1142 1603 1259 1665 tandem

33 1686 74 1746 sit
110 1694 211 1747 auctor
243 1685 522 1748 commentariorum
560 1683 632 1744 satis
670 1683 785 1746 utilium
825 1685 856 1744 iu
882 1685 966 1746 Pauli
1002 1685 1153 1764 epistolas,
1187 1687 1260 1747 satis

34 1777 136 1847 aperte
165 1769 277 1842 scribit,
310 1776 412 1829 auctor
440 1768 731 1839 commentariorum,
768 1767 818 1846 qui
846 1769 924 1830 inter
944 1769 1172 1848 Hieronymiana
1195 1789 1262 1830 esse

34 1853 121 1924 solet,
158 1871 246 1932 quem
273 1852 452 1914 scholiastes
473 1852 645 1930 Hieronymi
673 1853 792 1931 quidam
820 1852 966 1925 dicebant,
1003 1853 1061 1926 ille,
1094 1872 1182 1931 quem
1203 1872 1260 1914 nos

34 1935 185 2014 Pelagium
213 1955 280 1998 esse
307 1937 430 2008 scimus,
463 1938 579 2009 latetur,
616 1954 685 1996 esse
718 1936 934 1998 dissensionem
961 1937 1010 1998 hic
1037 1936 1113 1998 inter
1142 1938 1260 1999 codices

35 2037 159 2099 graecos
188 2030 218 2081 et
245 2019 366 2093 latinos,
398 2019 451 2080 sed
480 2028 518 2093 et,
556 2020 633 2100 quod
663 2028 711 2081 est
738 2019 882 2092 mirabile,
916 2021 1008 2082 utitur
1035 2020 1093 2082 iste
1115 2021 1261 2082 contraria

36 2103 221 2177 collectione,
254 2122 311 2183 qua
345 2104 460 2184 efficere
493 2104 554 2164 vult
585 2103 660 2165 male
694 2103 808 2182 opinari
835 2104 980 2182 quosdam
1008 2104 1165 2182 legendum
1193 2121 1261 2166 esse

36 2189 101 2250 sine
124 2188 290 2267 negatione.
335 2188 393 2250 Cur
413 2205 483 2249 vero
507 2198 536 2249 et
559 2188 589 2247 hi
611 2207 671 2249 uon
687 2196 849 2266 provocant
864 2187 900 2250 ad
916 2188 1064 2266 antiquos,
1086 2189 1123 2248 ad
1145 2187 1260 2265 dignis-

35 2273 129 2334 simos
152 2279 182 2333 et
202 2280 354 2334 accuratos
376 2271 504 2344 codices
535 2281 594 2333 tam
620 2271 739 2346 latinos,
767 2291 854 2350 quam
877 2270 1024 2350 graecos?
1068 2271 1191 2350 Nempe,
1213 2289 1262 2332 res

35 2357 106 2418 olim
128 2358 202 2417 baec
223 2356 306 2417 aliter
327 2355 438 2428 babuit,
475 2374 564 2435 quam
592 2355 710 2435 quidem
742 2356 856 2434 opinari
888 2355 984 2416 nostri
1013 2355 1119 2426 solent,
1153 2355 1203 2433 qui
1226 2354 1262 2414 de

35 2459 105 2502 cura
127 2440 248 2502 canonis
271 2441 359 2502 mtrlta
380 2439 589 2526 praecipiunt·
613 2439 663 2501 abt
695 2447 730 2500 etr
752 2440 818 2502 loco
850 2439 1015 2519 dogmatico
1048 2439 1085 2500 de
1113 2439 1264 2518 Scriptura

37 2525 128 2586 Sacra
150 2523 208 2586 sibi
230 2523 353 2602 aliisque
375 2525 488 2603 bugrmt
509 2524 651 2587 historias
674 2523 774 2586 lalsas.

599 2725 629 2798 i·
653 2721 700 2782 u.

191 2903 202 2924 ι
247 2842 395 2894 Testimouie
413 2839 583 2890 Ambrosiastri
602 2840 632 2890 de
649 2841 746 2902 antiqua
765 2838 917 2888 dissensione
936 2836 1054 2886 lectionis.

125 2959 203 3020 Satis
226 2960 315 3038 igitur
336 2958 526 3019 uehementer
547 2955 595 3017 ill'e
617 2954 857 3016 elmbrosiasterh
885 2953 944 3014 isto
973 2971 1029 3016 suo
1052 2960 1186 3030 tempore
1209 2951 1263 3011 ad-

35 3063 143 3106 uersus
165 3061 286 3123 graecos
309 3041 459 3121 sophistas
488 3040 616 3119 insurgit
648 3040 751 3118 eisque
779 3039 809 3100 id
839 3036 959 3098 omnino
987 3035 1059 3096 vitio
1088 3036 1146 3108 dat,
1186 3035 1265 3113 quod

36 3129 206 3193 addiderint
226 3129 257 3188 in
279 3126 429 3188 codicibus
453 3125 517 3186 suis
540 3123 648 3203 aliquid
670 3123 768 3184 minus
790 3129 886 3184 reete:
923 3119 1011 3182 Nnnc
1039 3121 1140 3182 dabant
1161 3120 1266 3198 sopbi-

36 3226 105 3278 stae
132 3230 320 3292 praecorum,
356 3215 410 3292 qni
436 3211 496 3272 sibi
516 3213 661 3289 peritiam
689 3209 853 3278 vindicant,
889 3204 1077 3266 naturaliter
1099 3203 1266 3266 subtilitate

35 3302 153 3378 inperiti
173 3316 204 3359 se
227 3301 344 3376 cipere:
367 3299 441 3375 p'nae
464 3296 578 3358 tradita
600 3303 672 3354 snnt
692 3293 830 3371 pentibus
847 3287 1061 3352 observanda?
1082 3307 1157 3370 qnae
1178 3290 1266 3366 ipno-

36 3385 160 3452 roboret,
190 3400 231 3442 an
267 3399 342 3460 qnae
373 3376 543 3442 saecundi
578 3409 621 3421 -
658 3381 720 3438 trio
753 3377 823 3438 laec
844 3375 987 3436 mandata
1008 3373 1044 3436 ab
1062 3371 1214 3452 apostolis
1238 3381 1267 3432 et
1335 3423 1341 3436 .

37 3466 211 3530 senioribus
235 3465 536 3544 intemperantior,
573 3481 648 3543 quae
675 3465 820 3542 ignorant
846 3460 921 3540 leges
944 3457 1103 3528 doemone,
1139 3461 1161 3517 i.
1185 3475 1208 3517 e.
1232 3465 1268 3516 nt

38 3553 253 3614 obstruent'se
275 3550 311 3611 ab
332 3549 511 3611 idololatria
533 3558 560 3609 et
583 3550 746 3626 sangnine,
785 3550 863 3607 siant
884 3542 958 3615 Noi,
986 3553 1015 3604 et
1041 3543 1265 3619 fornicariarum

39 3653 116 3716 patae
139 3633 298 3714 Sopbistae
323 3650 502 3710 praecornrn
531 3647 594 3692 non
621 3631 829 3709 intelligentes,
868 3631 992 3689 scr‘entes
1022 3637 1119 3689 tomen
1147 3641 1165 3684 a
1194 3639 1268 3682 san-

37 3725 130 3801 prn'ne
151 3717 370 3786 abstinendum,
394 3716 613 3778 adulterarant
634 3718 830 3793 scriptoram,
860 3721 1002 3792 qnnrtnm
1017 3709 1192 3768 mandatnm
1213 3703 1268 3764 ad-

40 3807 146 3864 dentes
169 3811 198 3860 et
220 3819 239 3860 a
261 3801 410 3878 suffocato
433 3797 658 3872 abstinendum
682 3798 768 3877 qnod,
789 3807 876 3874 pnto,
899 3811 980 3854 nnnc
1001 3791 1060 3852 llei
1078 3799 1155 3850 nntn
1176 3785 1268 3880 intel-

43 3887 157 3947 lecturi
176 3892 258 3951 snnt,
280 3886 351 3962 qnia
372 3886 551 3960 iant.srtpra
574 3881 685 3940 dictnm
706 3889 774 3940 crat
791 3878 870 3957 qnod
884 3878 1076 3938 addiderant.
1121 3871 1200 3931 llaec
1220 3869 1268 3928 lus

10 3987 12 4012 ³
42 3966 144 4028 verbis
167 3964 215 4026 ille
239 3963 368 4042 scriptor
383 3964 501 4024 Graecis
523 3962 638 4036 obiicit3
660 3979 753 4040 porro
776 3969 874 4022 autem
897 3959 1008 4026 scribit,
1032 3975 1097 4018 cum
1113 3953 1270 4016 recitasset

10 4061 12 4096 t
45 4051 109 4112 Gal.
132 4051 179 4124 ll.,
201 4052 232 4112 4.
252 4059 383 4129 propter
403 4041 502 4110 asten
531 4047 778 4109 subintroductos
800 4047 919 4123 fratres
947 4043 1057 4124 salsos,
1091 4043 1144 4121 qni
1164 4037 1269 4098 snbin-

10 4243 12 4258 =
43 4235 101 4284 gero
120 4219 289 4270 ctemcudsrs
307 4217 449 4280 lectionem
478 4217 540 4268 ialsc
558 4215 631 4279 igitar
715 4229 739 4279 g.
758 4216 871 4264 irenaeus
891 4213 932 4262 lib.
951 4209 992 4260 lll.
1010 4221 1032 4260 c.
1052 4207 1092 4258 13.

43 4289 186 4369 εὼωίω
204 4287 283 4364 ’ΜΨ
300 4286 375 4337 “¹⁰⁶²
392 4303 434 4364 ΜΡ
451 4287 630 4364 ΜΨΨΜ·
715 4315 738 4365 h.
759 4315 785 4364 ln
804 4321 876 4378 capnt
893 4311 921 4362 ll.
940 4309 1017 4376 Epist.
1035 4309 1065 4360 ad
1084 4309 1188 4360 Galatas.

44 4373 141 4420 srrnns,·
175 4355 349 4405 Tertullianum
385 4367 449 4403 surm
483 4361 630 4404 vitiationem

10 4403 11 4430 ¹
43 4425 134 4488 (graeci
153 4420 307 4486 exemplaris)
330 4422 464 4486 scripturae
487 4435 541 4471 esse
566 4421 631 4480 dicit,
717 4417 732 4466 i.
757 4415 854 4476 lttiugit
879 4414 919 4463 bic
942 4411 1021 4462 locum
1041 4408 1109 4460 illum
1126 4409 1205 4458 ictor.
1223 4403 1269 4454 xv.

45 4493 111 4556 quod
140 4491 227 4555 legitur
254 4489 364 4552 sensnm
398 4489 448 4539 ruit
474 4489 561 4540 abesse
589 4501 632 4538 ns·
683 4483 755 4534 nte.
773 4491 797 4532 et
814 4483 853 4531 bic
871 4481 928 4530 dicit
946 4477 1051 4530 additum
1070 4477 1144 4528 luisse
1162 4490 1176 4525 a
1194 4474 1269 4526 Grae·

45 4561 175 4622 ardonem.
685 4552 734 4604 cis:
754 4553 782 4602 de
799 4553 920 4614 inparata.
