3082 5238
257 364 322 428 564
343 377 382 422 os
395 377 470 422 uem
482 373 596 418 terrra
609 373 646 418 to
659 371 807 418 aceruum
821 369 1006 416 scaurorum
1020 369 1219 414 ranromnrn
1234 371 1430 416 omrnrrrro

257 531 404 598 lecturam
435 541 559 604 quornm
593 523 723 601 impetus
754 539 820 582 cum
852 519 1033 598 aliquantum
1064 521 1282 598 repressisset,
1319 522 1355 584 in
1385 523 1494 601 smne

257 613 349 680 rediit
375 612 467 682 sorte,
496 617 530 670 ut
556 606 597 668 ibi
629 606 757 668 hiemem
787 604 973 682 transigeret.
1017 603 1071 666 Ubi
1100 623 1166 670 cum
1189 615 1322 684 pararet
1347 625 1398 678 aa,
1428 627 1495 686 quae

257 694 426 761 necessaria
451 691 625 754 uidebantur
652 690 688 752 ad
711 689 836 752 Parthos
862 687 941 750 bello
967 689 1210 766 persequendos,
1239 689 1433 756 Plautianus
1454 693 1493 752 ia

257 779 410 857 vestigavit
435 796 499 850 eos,
526 793 602 854 quus
629 774 806 854 superstites
834 782 957 834 noverat
984 791 1019 834 ex
1041 771 1122 851 Nigri
1143 773 1269 848 amicis3
1300 775 1393 853 qnod
1415 777 1494 854 igitur

150 935 154 944 ,
257 868 321 928 fere
351 865 458 929 laetum
492 869 539 922 est
569 859 625 920 sub
657 878 684 919 a.
707 857 829 920 CXCIX.
862 856 988 918 initium.
1033 857 1133 929 Quare
1166 857 1270 920 nullus
1294 877 1360 937 ego
1386 859 1493 926 dubito.

257 949 331 1029 quin
356 945 503 1012 sententia
522 943 690 1014 llosbemii,
718 961 774 1020 qua
803 961 829 1001 a.
852 940 996 1003 cxcvln.
1024 941 1123 1002 medio
1144 942 1226 1004 buno
1246 943 1373 1006 librum
1396 963 1492 1006 exan-

257 1042 337 1096 tum.
353 1049 422 1092 esse
457 1029 615 1100 existimat,
648 1025 838 1104 relinquenda
867 1025 984 1086 sitista
1006 1025 1037 1086 in
1059 1035 1289 1104 repropterea,
1328 1029 1419 1106 quod
1441 1039 1493 1090 nm

257 1115 348 1180 modo
376 1115 519 1178 adversus
533 1112 660 1174 Parthos
681 1112 832 1188 proiectus
853 1117 901 1170 est
922 1109 1059 1190 Severus,
1087 1119 1177 1188 atque
1199 1109 1422 1174 Tertullianus
1443 1133 1493 1172 noa

258 1203 296 1264 de
323 1197 462 1264 extinctis
482 1197 588 1266 libini,
618 1195 672 1256 sed
699 1194 782 1273 Nigri
809 1193 911 1256 amicis
938 1193 1078 1272 loquitur,
1108 1193 1160 1272 qui
1188 1204 1278 1256 eraut
1301 1197 1414 1258 adbuc
1434 1207 1492 1276 post

256 1283 431 1346 Albinianos
453 1279 640 1360 superstites.
684 1279 743 1340 Sed
764 1295 860 1356 neque
882 1286 1016 1356 tempore
1045 1278 1114 1352 isto,
1142 1279 1222 1356 quod
1257 1279 1418 1354 diximus,
1446 1300 1492 1360 pe

259 1366 380 1436 eteriori
408 1367 482 1428 iacta
508 1384 575 1428 esse
602 1363 717 1424 videtur
744 1363 817 1423 lmec
837 1361 1024 1424 inimicorum
1046 1361 1148 1424 Severi
1169 1364 1419 1444 pervestigatio,
1446 1367 1493 1426 boe

259 1453 339 1516 enim
366 1457 511 1531 pugnaret
537 1467 606 1512 cunt
632 1466 679 1518 eo,
708 1445 867 1526 quodiam
890 1465 915 1507 a.
939 1445 993 1506 CC.
1017 1446 1215 1508 Tertullianus
1237 1449 1491 1510 blontanistarun

257 1536 392 1616 partibus
414 1533 548 1606 accessit,
570 1531 748 1610 scripsitque
769 1537 837 1592 ante
858 1529 934 1592 hano
954 1532 1058 1592 lactem
1080 1530 1116 1591 ab
1131 1530 1265 1594 Ecclesia
1283 1535 1491 1596 secessionem

258 1621 353 1690 libres
375 1619 412 1683 ad
432 1616 574 1678 Nationes
594 1625 624 1677 et
645 1615 681 1676 de
696 1614 881 1676 Testimonio
901 1615 1033 1688 Animae,
1056 1615 1106 1694 qui
1128 1633 1165 1676 ue
1186 1615 1354 1678 mirrimarn
1379 1619 1491 1698 quiden

260 1705 331 1768 daut
350 1701 540 1768 Montanismi
561 1699 762 1778 suspicionem
784 1708 813 1760 et
834 1709 904 1760 sunt
917 1698 1107 1777 Apologetico
1128 1698 1330 1782 superiores3
1357 1703 1443 1780 quod
1463 1703 1491 1760 le

259 1789 337 1854 thro
364 1805 455 1865 super
474 1785 596 1846 Animae
618 1783 804 1846 Testimouio
832 1784 909 1844 baud
930 1779 1051 1844 dubium
1074 1793 1120 1845 est
1140 1801 1175 1844 ac
1196 1784 1235 1846 de
1255 1784 1353 1846 libris
1378 1787 1490 1847 aduta-

260 1873 359 1934 tiones
381 1869 532 1949 probabile
553 1867 721 1930 admodum.
765 1868 866 1945 Neque
887 1885 965 1930 nune
986 1867 1075 1928 eredo
1095 1869 1169 1939 lore,
1192 1869 1243 1947 qui
1267 1878 1398 1948 putent,
1423 1871 1488 1930 Ter·

203 1957 207 1967 ’
259 1955 413 2018 tullianum
443 1963 505 2016 tum
541 1952 747 2014 blontanistam
775 1951 884 2024 luisse,
918 1970 985 2014 cunr
1019 1952 1242 2030 Apologeticum
1280 1965 1487 2034 componeret

259 2040 379 2102 Etenim
406 2038 465 2100 nisi
493 2037 632 2100 mavelint
658 2037 769 2114 lingere
796 2055 861 2098 eum
884 2037 1084 2116 Harercampo
1109 2036 1140 2096 V.
1163 2035 1197 2098 C.
1226 2037 1271 2108 (iu
1303 2042 1438 2116 praelat
1459 2039 1486 2098 al

262 2125 421 2186 editionem
444 2123 597 2201 Apologet.
620 2119 754 2195 Tertull.)
777 2120 987 2180 Tertullianum
1010 2120 1055 2182 bis
1078 2121 1152 2182 hmo
1174 2121 1351 2200 apologiam
1376 2123 1484 2203 paulir-

260 2207 322 2270 lum
344 2207 524 2270 immutatam
547 2205 684 2276 edidisse,
706 2204 885 2283 argumentis
905 2204 1017 2266 nostris
1039 2203 1145 2266 cedant
1157 2223 1284 2268 necesse
1301 2217 1363 2280 est,
1387 2207 1485 2286 quibus

263 2309 328 2352 eam
351 2290 535 2368 superiorem
558 2309 624 2350 esse
647 2288 748 2350 Severi
770 2289 866 2350 edicto
887 2288 1086 2367 probavimus.
1115 2289 1209 2368 Atque
1231 2308 1289 2368 ego
1314 2291 1483 2370 opinionem

261 2375 454 2453 Harercampi
475 2391 536 2436 nou
558 2373 665 2451 probo,
696 2391 762 2439 cum
784 2372 926 2434 lectiones
948 2374 1089 2451 quaedam
1111 2383 1209 2436 textus
1230 2373 1326 2436 buius
1350 2376 1425 2436 libri
1446 2377 1483 2434 di-

262 2467 434 2538 screpantes
464 2457 548 2520 istam
577 2475 639 2519 rem
667 2475 728 2518 uon
756 2456 913 2518 confidant
934 2457 1021 2531 satis,
1049 2457 1180 2536 mihique
1202 2477 1239 2520 ex
1261 2458 1403 2520 Eusebio
1426 2459 1483 2538 qui·

262 2543 330 2606 dem
353 2541 400 2616 (H.
413 2543 447 2602 E.
469 2542 519 2604 lib.
543 2542 579 2603 ll.
602 2561 663 2620 cap.
687 2543 730 2618 2.)
761 2549 886 2613 constet,
916 2542 994 2619 quod
1024 2541 1196 2602 Tertulliani
1224 2542 1371 2622 apologia
1403 2543 1483 2604 latine

262 2627 372 2706 scripta
394 2627 442 2698 sit,
470 2635 633 2706 posteaque
661 2644 764 2704 graece
786 2643 937 2696 conuersa,
966 2626 1018 2686 sed
1041 2625 1120 2704 quod
1142 2625 1187 2686 bis
1210 2626 1291 2688 edita
1313 2627 1360 2690 sit
1382 2639 1414 2690 et
1435 2629 1481 2688 in-

134 2759 137 2766 ·
261 2719 372 2777 mutata
394 2711 522 2790 quidem,
551 2709 750 2772 nullomodo.
795 2710 881 2782 Quod
904 2709 1042 2787 eiigitur
1072 2710 1234 2772 concedant
1259 2712 1482 2791 Apologetirun

262 2797 366 2858 Severi
399 2796 495 2858 edicto
519 2813 587 2856 esse
609 2793 822 2872 antiquiorem,
855 2813 909 2855 eos
930 2796 1065 2871 prolecto
1088 2803 1206 2874 oportet
1228 2803 1336 2856 contra
1362 2816 1431 2868 nos,
1462 2797 1482 2854 si

260 2879 388 2960 possint,
410 2879 586 2942 cerdonibus
609 2879 790 2957 argumentis
812 2897 954 2956 pugnare,
977 2897 1064 2956 quam
1082 2878 1129 2960 iis,
1151 2878 1259 2957 quibus
1273 2880 1482 2944 sententiama

261 2965 429 3026 Noshemio
449 2964 682 3026 demonstratam
704 2961 898 3024 lloltmannus
920 2962 1109 3046 impugnavit,
1142 2981 1216 3042 quae
1237 2963 1313 3024 nibil
1337 2963 1481 3026 firmitatis

262 3048 373 3112 habere
395 3049 512 3126 egregie
535 3047 776 3108 commonstravit
796 3047 979 3108 Noshemius
1002 3047 1045 3118 (in
1060 3047 1208 3108 lddeudis
1230 3048 1265 3108 ad
1278 3045 1347 3110 Vol.
1364 3050 1389 3110 l.
1411 3050 1482 3110 nise

262 3151 383 3196 suarum
404 3133 479 3195 nist.
502 3131 613 3194 Eccles.
636 3148 665 3209 p.
690 3126 891 3207 tttss-tcsu.
935 3132 1028 3209 Atque
1050 3150 1105 3194 uos
1127 3131 1185 3210 ipsi
1207 3131 1291 3193 alteri
1314 3131 1482 3194 lloffmauni

263 3225 437 3292 argumento
460 3235 515 3276 suo
537 3215 603 3276 loeo
625 3214 882 3293 respondebimus,
912 3214 1036 3276 alterum
1058 3233 1128 3276 sero
1150 3233 1308 3278 monemus
1332 3236 1405 3278 cerm
1428 3219 1482 3294 ipsa

263 3298 431 3360 normanni
456 3298 603 3360 sententia
623 3317 756 3377 pugnare
778 3299 871 3371 (lubet
892 3301 970 3384 enim
986 3299 1043 3360 boo
1057 3299 1276 3361 blashemianae
1290 3302 1480 3380 responsioni

263 3380 413 3456 adiicere).
456 3382 530 3444 Nam
558 3381 584 3442 si
613 3401 681 3442 uera
710 3393 781 3444 suot
808 3383 905 3455 etiam,
933 3401 1008 3462 quae
1034 3384 1072 3444 de
1093 3383 1172 3446 cultu
1195 3383 1352 3462 Serapidis
1378 3387 1482 3446 Romae

262 3481 317 3544 per
344 3465 485 3528 Severum
512 3465 650 3527 restituto
678 3465 872 3528 llollmannus
895 3467 975 3540 dicit,
1003 3467 1079 3529 faeta
1107 3486 1176 3528 esse
1204 3487 1237 3530 ea
1266 3479 1331 3530 tum
1356 3471 1481 3532 demun.

263 3567 331 3610 cum
360 3550 522 3628 Aegyptum
549 3548 672 3610 devietis
704 3549 821 3612 Parthis
852 3560 1051 3630 peragrasset,
1079 3553 1108 3614 b.
1133 3571 1159 3613 e.
1183 3571 1209 3614 a.
1232 3551 1328 3626 cen,
1361 3555 1481 3616 concidit

262 3633 304 3707 id,
326 3633 406 3713 qnod
428 3641 512 3697 antm
533 3633 711 3707 decreverat,
733 3643 801 3696 ante
824 3635 926 3696 Severi
947 3635 1075 3696 edietum
1096 3635 1238 3715 scriptum
1260 3635 1481 3717 apologeticon

261 3737 347 3792 esse,
376 3717 515 3798 quoniam
537 3725 604 3779 ante
627 3736 652 3779 a.
676 3717 772 3780 Glllll.
795 3719 919 3780 Romam
942 3719 1067 3782 Severm
1088 3737 1149 3781 uon
1172 3720 1262 3781 rediit
1282 3729 1314 3782 et
1334 3729 1442 3784 tamen
1461 3743 1480 3781 ι

262 3801 345 3866 cett.
369 3803 495 3866 edictum
518 3801 660 3862 adversus
676 3802 863 3864 Christianos
879 3822 895 3863 a
911 3805 1021 3868 Severo
1036 3803 1253 3882 promulgatum
1267 3804 1380 3880 luisse,
1403 3827 1481 3870 nen·

262 3903 340 3950 uutts
361 3905 467 3951 uocare
490 3885 520 3946 iu
542 3885 774 3948 eouuorersiam
795 3893 906 3966 potest.

802 4040 831 4114 s.
855 4037 941 4099 xvu.

345 4149 453 4212 Narrat
471 4153 503 4212 iu
523 4151 715 4232 apologetico
730 4171 794 4215 suo
816 4153 1015 4216 Tertullianus
1038 4157 1075 4224 (e.
1094 4157 1142 4220 16.
1165 4175 1194 4234 p.
1212 4159 1251 4220 17
1263 4155 1322 4233 n),
1344 4165 1480 4240 proaem

262 4233 355 4294 luisse
382 4234 538 4313 quendam,
567 4236 617 4315 qui
645 4237 802 4316 imaginem
833 4246 969 4318 togatam,
1000 4239 1120 4300 auribus
1149 4239 1324 4302 instructam
1348 4245 1477 4306 asininis

297 4380 319 4416 x.
346 4366 465 4418 Proiectio
482 4371 580 4433 Augusti
606 4373 759 4435 coniungitur
785 4375 848 4438 apud
897 4374 994 4424 CNCll.
1014 4375 1102 4424 medio.
1137 4375 1184 4428 Sed
1208 4377 1273 4440 apud
1296 4377 1370 4428 litum
1391 4391 1416 4440 p.
1433 4379 1479 4430 2ῖὲ-

262 4431 442 4511 Nediobarbom
459 4437 488 4486 ad
513 4453 534 4486 a.
559 4439 584 4490 C.
609 4439 665 4489 etc.
690 4455 714 4503 p.
736 4439 800 4500 tta,
824 4449 848 4490 et
898 4441 959 4490 alius
979 4456 1066 4492 rrumue
1084 4443 1155 4494 habet
1172 4444 1254 4496 Seueri
1272 4445 1313 4496 Tr.
1334 4446 1360 4495 Ρ.
1382 4449 1419 4497 t't.
1437 4461 1479 4498 ern

263 4500 326 4564 apud
346 4501 495 4552 t'nlleotiom
520 4506 544 4556 in
567 4505 636 4557 Nom.
661 4508 737 4571 impp.
755 4507 806 4564 ltol.
827 4508 844 4556 l.
898 4510 1041 4570 cognomine
1065 4510 1118 4560 Par.
1135 4513 1175 4560 lr.
1192 4510 1236 4564 td.
1262 4513 1394 4578 signisque
1417 4517 1479 4565 victe

262 4575 287 4628 lt.
307 4566 365 4620 tta.
388 4583 443 4623 cnm
460 4569 501 4620 Tr.
525 4571 550 4620 P.
569 4573 614 4634 ll,
640 4587 702 4637 quae
727 4573 799 4626 desiit
823 4591 844 4624 ι.
896 4575 946 4626 riae
964 4575 1026 4626 alite.
