3166 5250
290 422 353 485 tet
388 436 579 481 utssnnrirro
595 437 625 479 m
641 437 688 486 ou.
704 435 787 480 serr.
802 435 888 479 sion.
904 435 1098 480 rennuentem
1111 436 1338 481 inouoonrtcutt
1353 437 1434 482 cerr.

291 591 514 650 consecratione
545 585 726 662 (Tertullian.
754 585 908 665 bpologet.
937 605 1000 666 cap.
1028 589 1108 663 27.),
1142 585 1320 666 improvidas
1352 587 1488 667 gentilium

289 682 403 734 mentes
427 671 571 733 saliebant.
616 671 674 734 Sed
696 672 733 733 de
755 671 802 734 bis
823 669 894 732 satis
916 679 1002 732 antea
1024 671 1237 752 disputavimus
1260 672 1368 752 (Supra
1378 678 1486 752 capto.

287 759 349 819 Art.
372 760 390 821 3
414 765 444 817 et
465 759 570 836 seqq).
633 775 634 784 ¹

372 841 473 920 Neque
494 859 586 920 porro
610 849 665 912 est,
688 840 768 919 quod
788 839 953 901 haereticus
976 839 1081 920 aliquis
1103 839 1189 901 nobis
1212 841 1243 901 im
1265 857 1366 902 aurem
1387 841 1486 920 obgan-

287 927 350 987 niat
380 927 436 986 vel*
459 927 555 1004 palam
588 925 716 988 clamitet
747 943 782 986 ex
817 924 865 986 bis
902 943 976 1003 quae
1011 925 1151 987 hactenus
1187 933 1257 1004 post
1291 923 1487 987 'fermilianum

288 1011 437 1072 enucleata
471 1019 541 1072 sunt
573 1010 707 1072 concludi
738 1027 829 1089 posse
858 1027 964 1070 omnes
992 1009 1111 1088 penitus
1140 1027 1238 1071 saeuas
1267 1009 1487 1072 Christianorum

288 1095 430 1175 imagines
453 1095 490 1156 ab
512 1095 562 1156 illo
585 1093 784 1157 condemnari.
828 1093 894 1154 Non
916 1094 995 1154 enim
1017 1094 1054 1156 de
1075 1093 1140 1156 aliis
1162 1093 1323 1174 disputavit
1344 1113 1427 1173 pam
1441 1095 1486 1156 ial-

288 1199 390 1241 sorum
413 1181 552 1250 deorum,
586 1198 661 1260 quae
683 1179 747 1240 sine
764 1178 928 1259 ¹sacrilegae
951 1178 1212 1258 impietatisvitio,
1235 1179 1313 1240 sicut
1335 1179 1405 1240 satis
1425 1198 1485 1258 pro-

286 1265 387 1327 batum
410 1273 466 1336 est,
489 1264 605 1326 adorari
626 1271 776 1343 nequeunt
797 1263 930 1334 (Tertull.
952 1263 1003 1324 lib.
1026 1263 1062 1325 de
1083 1262 1216 1325 idololat.
1241 1283 1304 1343 cap.
1321 1267 1374 1340 5.).
1400 1263 1486 1342 Neque

286 1350 396 1430 potiori
428 1350 493 1410 iure
523 1349 597 1411 alius
630 1347 752 1410 instabit
779 1347 859 1409 illum
889 1355 1092 1409 asseveranter
1119 1347 1188 1409 alibi
1214 1349 1377 1410 affirmasse
1404 1348 1486 1408 divina

285 1434 394 1514 Moysis
424 1434 486 1513 lege
515 1432 662 1513 quaslibet
682 1440 793 1494 statuas
816 1439 845 1493 et
866 1430 1008 1511 imagines
1031 1431 1191 1513 prohiberi.
1228 1431 1303 1494 Nam
1324 1431 1428 1494 ibidem
1447 1432 1485 1493 ibe

107 1507 115 1520 ’
192 1555 195 1558 -
285 1538 345 1580 nou
368 1518 466 1580 minus
488 1519 644 1598 perspicue
667 1526 818 1579 asseverat
837 1518 928 1578 iactas
950 1517 1002 1577 Dei
1023 1517 1110 1580 iussu
1133 1516 1168 1578 ab
1191 1517 1298 1579 eodem
1312 1517 1410 1596 Moyse
1430 1535 1483 1576 ser·

284 1603 382 1684 pentis
404 1603 499 1677 aenei,
521 1602 756 1666 Cherubinorum
777 1602 905 1690 aliasque
920 1601 1063 1680 imagines
1087 1601 1150 1663 sive
1164 1609 1278 1664 statuam
1294 1620 1368 1681 quae
1390 1601 1483 1662 ideireo

283 1687 356 1750 nihil
377 1689 458 1768 pravi
481 1688 574 1750 cultus
598 1695 627 1748 et
648 1686 830 1748 idololatriae
852 1704 952 1747 secum
974 1686 1181 1767 importabant.
1224 1685 1408 1760 Existimavit
1426 1703 1482 1763 ergo

282 1771 749 1918 ttfl⁰¹¹stlttll³tltt..⁰tt
773 1786 851 1916 XX
870 1770 1426 1917 illidi?lillledX‘lllffili
1440 1770 1483 1914 ll?

282 1875 449 2020 piiidribus
471 1941 582 2003 nostris
605 1875 862 2002 dissertatiiinibus
885 1875 1026 2019 eixblieato
1049 1949 1118 2002 sunt
1145 1939 1244 2014 (Tum.
1267 1941 1290 2001 l.
1312 1875 1441 2020 Appiarat.
1460 1956 1482 2015 p.

284 2029 356 2091 748.
379 2026 534 2088 Dissertat.
557 2025 588 2086 in
610 2025 715 2087 bliuue.
741 2025 805 2087 Oct.
829 2043 892 2104 cap.
914 2027 965 2088 29.
994 2023 1056 2086 b‘rt.
1081 2029 1096 2087 1
1121 2034 1151 2086 et
1171 2044 1254 2105 seqq.
1271 2022 1434 2087 ,Dissertat
1459 2021 1482 2081 iu

282 2111 393 2172 dunob.
418 2130 481 2190 cap.
504 2113 555 2174 22.
579 2110 671 2172 irat
699 2117 728 2172 et
750 2127 834 2189 seqq.
858 2116 888 2169 et
908 2107 1062 2170 Dissertat.
1087 2108 1116 2169 in
1138 2109 1270 2170 Laetant.
1293 2127 1356 2188 cap.
1372 2107 1481 2173 elta

286 2198 349 2256 tet
365 2203 471 2273 seqq).
501 2193 542 2254 lia
564 2212 633 2254 vere
656 2193 681 2254 si
703 2213 769 2254 cunt
792 2194 839 2254 bis
862 2211 936 2273 quae
957 2193 1112 2255 retulimus
1134 2202 1357 2274 componantur,
1391 2205 1479 2253 novam

282 2278 460 2358 multamque
481 2279 575 2339 lucem
598 2278 655 2339 sibi
677 2279 800 2338 atterent
822 2297 856 2338 ac
876 2277 1027 2357 recipient.

775 2528 896 2590 CAPUT
920 2527 1008 2590 XXX.

652 2647 685 2698 lla
703 2647 827 2709 gentilium
846 2647 942 2712 templis
962 2657 984 2697 et
1002 2649 1133 2698 sacrillciis.

786 2868 953 2920 anniculus
972 2868 992 2919 l.

281 2975 368 3024 Quanta
393 2971 504 3027 impietate
528 2971 609 3015 etlmici
633 2971 714 3026 templa
743 2977 764 3015 et
789 2983 839 3014 uras
865 2969 907 3013 dits
931 2971 978 3013 suis
1002 2977 1067 3026 atque
1092 2969 1263 3026 imperatoribus
1286 2970 1377 3015 mortuis
1399 2961 1474 3010 stultit
1522 2953 1523 3034 l

281 3041 442 3085 uudtsscavertnt
460 3040 630 3094 mercedemque
648 3040 762 3092 exegerint
778 3050 817 3102 pre
836 3039 967 3092 templerum
985 3040 1042 3090 suto,
1062 3049 1101 3093 pru
1120 3039 1186 3090 aditu,
1205 3051 1245 3094 pru
1265 3039 1327 3084 estiis
1346 3045 1367 3082 et
1378 3033 1474 3090 suptilitas,

399 3120 426 3152 uc
443 3119 510 3162 quam
527 3107 628 3152 melundis
646 3107 769 3150 sceleribus
788 3106 866 3148 eadem
884 3106 965 3162 templa
984 3105 1166 3158 contaminarent,
1185 3117 1243 3160 quae
1263 3104 1378 3150 Christiani
1521 3065 1522 3136 l

747 3185 789 3216 nee
807 3172 900 3216 interdiu
918 3181 1033 3216 naverunt.

257 3355 259 3366 ⁴
367 3288 481 3361 Quibus
504 3287 683 3366 argumentis
707 3287 902 3349 Tertullianus
924 3287 1066 3348 salsorum
1088 3288 1211 3350 deorum
1234 3287 1375 3368 imagines
1396 3290 1422 3344 et
1440 3277 1471 3339 si·

280 3373 425 3444 mutacra,
462 3372 569 3434 iisdem
596 3372 681 3452 plane
708 3372 827 3433 illorum
856 3373 961 3451 templa
990 3391 1077 3434 verae
1098 3373 1234 3450 religioni
1255 3386 1414 3453 repugnare
1433 3377 1472 3424 ute

282 3455 459 3519 aedificanda
481 3475 548 3516 esse
571 3456 764 3518 demonstrat.
793 3455 876 3516 Nulla
899 3457 1007 3536 quippe
1029 3456 1094 3517 lalsi
1115 3457 1173 3532 dei,
1196 3457 1288 3519 multo
1304 3453 1393 3536 magis
1407 3463 1471 3512 mot·

279 3542 323 3604 tui
345 3548 396 3602 aut
416 3540 540 3602 viventis
569 3539 697 3602 bominis
725 3549 862 3619 tanquam
884 3541 946 3602 veri
968 3541 1014 3602 dei
1037 3541 1144 3621 templa
1172 3553 1345 3604 construere
1367 3545 1471 3613 unquam

281 3625 372 3688 licuit.
417 3624 492 3698 Quis
515 3624 604 3702 igitur
626 3642 720 3704 aequo
742 3624 840 3686 animo
863 3625 939 3686 terre
960 3626 1070 3704 poterit
1091 3627 1308 3706 etlmicosqui
1329 3641 1387 3686 non
1400 3614 1471 3681 modu

281 3711 359 3773 lictis
387 3709 535 3771 veteribus
565 3709 638 3781 diis,
674 3710 727 3771 sed
755 3709 880 3770 mortuis
909 3709 996 3771 etiam
1024 3729 1058 3771 ac
1078 3709 1242 3773 viventibus
1264 3701 1470 3790 imperatoribus

215 3873 219 3881 ι
282 3796 346 3858 suis
370 3795 494 3875 templa,
511 3803 578 3855 -aut
605 3804 639 3855 ut
659 3793 856 3856 Tertullianus
878 3793 1023 3874 loquitur,
1057 3795 1144 3857 aedes
1166 3803 1196 3856 et
1222 3815 1288 3858 aras
1310 3777 1471 3874 posuerant?

222 3953 226 3962 ¹
283 3880 482 3954 Quamobrem
505 3878 551 3941 bis
573 3878 639 3940 illos
662 3878 817 3959 compellat
837 3879 998 3959 irridetque
1019 3879 1129 3942 verbis:
1152 3881 1246 3963 Dique
1261 3869 1470 3964 imperotorilut

282 3967 433 4045 &sanctis
455 3965 600 4026 bonorem
622 3965 788 4026 diuinitatis
810 3965 925 4037 dicatis,
955 3967 1060 4046 quibus
1082 3976 1111 4028 et
1132 3966 1300 4028 uiuentibus
1322 3979 1385 4025 mm
1404 3951 1471 4017 ato·

283 4055 358 4121 uitis,
380 4049 426 4112 vel
448 4049 532 4111 simili
554 4048 611 4111 alio
633 4048 663 4110 in
678 4049 753 4112 libro
769 4049 883 4120 adiecit,
906 4048 1078 4122 sacerdotia,
1103 4067 1203 4111 sacrus
1218 4057 1380 4129 apparatus,
1401 4039 1469 4100 thtss·

283 4151 344 4205 sas,
373 4153 488 4207 currus,
511 4133 695 4205 solistumum,
718 4134 748 4194 id
770 4141 816 4194 est
838 4133 911 4195 solia
933 4141 962 4194 et
983 4133 1120 4206 thronos,
1142 4143 1228 4212 atque
1250 4134 1336 4196 etiam
1348 4128 1469 4190 lectister-

226 4254 231 4264 ·
281 4221 335 4280 teia
356 4218 509 4280 exstruitis
531 4218 714 4292 (Tertullian.
729 4217 881 4298 apologet.
898 4236 961 4296 cap.
980 4220 1028 4282 13.
1051 4217 1101 4278 lib.
1117 4219 1140 4279 Ι.
1156 4219 1191 4280 ad
1206 4219 1322 4280 Nation.
1338 4229 1395 4291 cap.
1412 4203 1469 4301 llll·

282 4301 327 4364 Ne
349 4303 414 4380 quis
436 4311 532 4364 autem
554 4303 700 4366 dubitaret
722 4322 756 4364 ea
779 4302 884 4383 templa
906 4303 990 4362 ituris
1013 4301 1070 4364 illis
1093 4303 1149 4364 diis
1172 4300 1345 4372 consecrari,
1371 4289 1469 4374 ipsimet

211 4385 218 4466 J
283 4385 532 4464 gentiles‘eoruni
554 4387 702 4450 liminibus
726 4396 754 4449 et
775 4387 833 4450 aris
850 4387 979 4466 insignes
1000 4386 1132 4461 deorum,
1155 4387 1261 4468 quibus
1276 4379 1468 4450 dedicabantur,

283 4469 386 4532 titulos
408 4470 529 4532 inscribi
550 4479 731 4536 curaverant.
776 4472 807 4532 Si
835 4472 901 4552 quis
930 4479 1027 4533 autem
1049 4471 1143 4552 aliqua
1166 4472 1338 4553 templorum
1359 4465 1466 4545 impero·

202 4582 209 4593 =
282 4554 397 4618 toribus
419 4554 617 4618 dedicaturum
640 4557 770 4638 exempla
792 4556 849 4618 sibi
871 4555 996 4635 proferri
1018 4557 1100 4630 velit,
1135 4575 1171 4618 en
1200 4555 1332 4620 Suetonii
1357 4547 1391 4612 de
1408 4537 1465 4602 lultt
1506 4573 1507 4663 p

283 4639 408 4704 Caesare
428 4639 532 4703 verba:
568 4641 725 4722 Amplioru
753 4646 843 4704 etium
870 4642 998 4706 lamone
1019 4643 1143 4723 sustip'o
1167 4643 1225 4706 eiii
1245 4639 1362 4706 docenti
1376 4633 1466 4712 possut
