3144 5236
500 395 634 438 lucrans
656 395 714 440 nte.
737 396 774 438 aa
796 396 924 440 nonnat.
1260 385 1323 454 199

116 543 170 604 ideo
190 543 339 622 distingui,
362 543 431 622 quia
452 561 535 606 suam
556 545 624 623 ipso
647 545 791 623 originem
813 545 903 608 ducit.
948 545 1025 608 Tum
1046 545 1114 608 iude
1135 548 1171 611 ad
1193 549 1322 629 Spiritus

114 628 192 690 uncti
221 636 319 690 ortum
346 626 484 706 delapsus
511 629 625 699 eadem,
655 629 696 691 uti
725 629 819 703 vides,
851 630 938 709 plane
966 631 1057 692 modo
1089 641 1319 711 argumentatur.
1387 661 1394 668 ·

114 711 173 772 lam
194 711 284 789 igitur
304 711 341 773 de
364 711 491 790 Spiritus
513 714 607 774 sanati
628 731 716 792 quarn
737 713 803 776 Filii
826 714 940 793 origine
962 714 1103 793 disputat.

185 795 297 874 Urgent
324 795 516 858 nibilominus
545 797 766 859 alertulliano
794 807 879 860 antea
907 799 1094 878 apertissime
1119 800 1321 876 pronuntiari:

113 879 204 940 Ortum
235 879 388 960 Spiritum
408 899 470 942 uou
491 881 615 958 aliunde
632 892 718 962 puto,
747 900 836 964 quam
857 900 876 943 a
898 881 991 945 Patre
1012 901 1068 962 per
1096 883 1207 946 Filium
1228 884 1322 958 (ldem

112 981 164 1042 rap.
178 968 230 1038 4.).
264 963 323 1024 Sed
345 964 473 1036 attende,
496 982 618 1042 quaeso,
642 983 728 1044 quam
749 983 853 1043 parum
875 967 1060 1028 considerate
1081 967 1154 1030 haec
1175 968 1320 1030 obiician-

110 1056 158 1108 tur.
198 1047 274 1109 Nam
295 1047 436 1121 Hilarius,
458 1056 490 1110 ut
511 1047 552 1110 illi
573 1050 712 1122 latentur,
735 1050 845 1112 diserte
866 1050 967 1112 docuit
981 1050 1125 1129 Spiritum
1147 1061 1282 1114 sanctum
1303 1071 1321 1114 a

109 1131 184 1192 Patra
212 1139 243 1192 et
269 1131 345 1194 Filio
374 1133 546 1210 procedere,
574 1151 641 1194 oum
663 1134 796 1211 scripsit:
836 1133 955 1206 Quodsi
985 1136 1112 1216 differre
1143 1137 1322 1198 crederetur

109 1219 178 1276 t'ttler
188 1220 325 1296 accipere
335 1215 414 1278 Filio
429 1228 457 1278 et
472 1216 781 1297 al'atreprocedere,
797 1229 876 1280 certe
892 1219 923 1280 id
936 1222 1035 1297 ipsum
1049 1229 1137 1300 atque
1151 1237 1246 1280 uuum
1257 1235 1321 1280 esse

110 1301 323 1362 toietimabitur
338 1320 357 1362 a
372 1300 452 1362 Filio
466 1301 602 1380 accepere
616 1303 695 1381 qtiod
710 1305 751 1363 sit
765 1307 901 1382 arripere
916 1302 1038 1364 aPatre
1049 1301 1152 1375 (Hilar.
1164 1301 1183 1364 l.
1196 1303 1271 1363 lllll.
1283 1302 1321 1364 de
1388 1317 1391 1324 '

111 1382 181 1444 Tria.
195 1387 224 1460 β.
242 1386 319 1459 Sti).
347 1383 435 1463 Atqui
457 1385 598 1463 scriptum
620 1385 657 1446 ab
680 1385 785 1447 eodem
807 1385 919 1446 llilaria
939 1385 1080 1464 legimus:
1103 1385 1152 1446 Ea
1170 1397 1198 1447 te
1217 1386 1319 1457 (nimi-

109 1485 164 1530 mm
182 1467 284 1542 Patre)
308 1487 367 1548 per
394 1487 460 1530 eum
486 1469 615 1545 (Filium)
642 1482 766 1533 sauctus
789 1469 924 1549 Spiritus
946 1479 1018 1532 tuus
1040 1481 1096 1532 eat.
1139 1469 1230 1530 Paulo
1251 1477 1323 1548 post

110 1569 169 1614 tera
189 1553 233 1614 sic
255 1551 372 1614 Patrem
392 1560 543 1631 precatur:
581 1553 670 1615 Dona
691 1554 765 1616 mibi
783 1565 819 1615 ut
839 1554 962 1616 Patrem
985 1565 1012 1615 te
1033 1552 1148 1618 scilieet
1168 1563 1320 1624 uostruut,

109 1635 205 1698 Filt‘um
227 1647 316 1698 tuum
335 1655 400 1700 uua
422 1647 517 1699 tecum
538 1638 676 1711 adoream
704 1650 843 1701 acuatum
864 1637 1014 1718 Spiritum
1036 1647 1130 1707 tuum,
1158 1641 1212 1717 qui
1231 1655 1269 1699 eac
1291 1647 1320 1700 te

107 1738 155 1798 per
174 1725 361 1800 unigenitum
383 1730 468 1784 tuetur
489 1732 543 1797 est,
563 1739 746 1802 promerear
767 1721 852 1794 (lbid.
874 1720 925 1782 lib.
948 1721 1011 1782 Xll.
1034 1724 1063 1797 S.
1087 1724 1138 1786 56.
1162 1729 1192 1781 et
1213 1724 1288 1796 52).

180 1806 214 1866 lt
243 1805 272 1866 si
301 1805 326 1866 is
355 1804 460 1866 ecdem
489 1805 636 1868 catholice
661 1825 752 1868 seusu
774 1805 848 1868 dixit
870 1805 1013 1884 Spiritum
1034 1824 1051 1866 a
1073 1805 1160 1866 Patre
1183 1815 1213 1866 et
1233 1804 1319 1878 Filio,

110 1897 184 1965 atque
202 1889 348 1968 Spiritum
369 1899 504 1950 sanctum
525 1907 542 1952 a
563 1889 649 1951 Patre
671 1890 835 1970 procedere
855 1907 910 1968 per
930 1888 1047 1962 Filium,
1075 1907 1128 1950 cur
1149 1893 1210 1950 non
1232 1889 1321 1951 etiam

111 1970 320 2036 Tertullianus?
362 1973 509 2052 Numquid
538 1973 609 2035 itetn
637 1975 777 2052 loquendi
805 1973 913 2036 modus
942 1974 973 2035 in
996 1991 1055 2034 unc
1077 1973 1199 2051 probari
1220 1979 1323 2051 potest

109 2064 134 2115 et
151 2057 179 2118 iu
199 2057 293 2120 altero
315 2057 493 2138 reprobari?
538 2057 666 2136 Uterque
693 2058 790 2136 igitur,
817 2057 894 2119 sicut
920 2065 999 2119 reate
1021 2057 1163 2135 Spiritum
1185 2065 1320 2118 sanctum

108 2139 218 2202 aPatre
240 2150 271 2204 et
292 2141 380 2214 Filio,
403 2142 443 2204 ita
464 2161 480 2202 a
500 2141 587 2203 Patre
609 2161 663 2220 per
684 2141 789 2204 Filium
811 2141 974 2220 procedere
996 2142 1141 2202 dixerunt.
1178 2139 1252 2200 Nam
1266 2138 1319 2201 Fi-

107 2223 166 2296 lius,
192 2235 333 2305 tauquam
360 2226 475 2288 medius
507 2227 585 2286 inter
610 2225 729 2288 Patrem
759 2233 789 2286 et
811 2225 952 2304 Spiritum
976 2233 1120 2295 sanctum,
1145 2223 1191 2294 ‚ab
1214 2224 1320 2285 eodem

107 2306 182 2370 Patra
209 2310 275 2371 solo
303 2310 481 2390 principium
512 2310 624 2388 accepit
649 2309 795 2388 atqueab
816 2309 867 2370 illo
889 2317 923 2384 et,
940 2317 1024 2387 patra
1047 2307 1176 2386 Spiritus
1200 2314 1319 2369 sauctus

109 2411 180 2454 suam
201 2394 282 2456 ducit
304 2395 458 2472 originem.
488 2393 590 2473 ltaque
603 2394 733 2472 Spiritus
756 2401 879 2455 sanctus
901 2393 1008 2454 dicitur
1023 2411 1039 2452 a
1053 2392 1141 2454 Patre
1156 2391 1320 2469 procedere

107 2493 152 2553 per
169 2477 286 2550 Filium,
314 2479 364 2557 qui
393 2478 509 2557 origine
542 2497 595 2539 sua
618 2478 696 2540 iuter
716 2485 875 2555 utrumque
891 2473 1034 2554 'tanquam
1055 2475 1172 2538 medius
1194 2493 1211 2536 a
1231 2475 1320 2534 Patre

107 2563 219 2640 accepit,
246 2570 279 2624 ut
300 2561 428 2640 Spiritus
452 2570 572 2624 sanctus
595 2561 631 2624 ab
653 2563 718 2642 ipso
740 2560 892 2641 procedat.
938 2559 1139 2632 Quamobrem
1162 2559 1234 2620 baec
1255 2558 1321 2636 ipsa

105 2647 249 2720 processio
277 2664 338 2708 uno
366 2647 530 2724 eodemque
557 2646 647 2708 modo
681 2655 739 2706 tam
772 2644 898 2706 aPatre
925 2661 1013 2722 quam
1034 2663 1052 2705 a
1073 2643 1148 2704 Filio
1171 2641 1320 2704 derivatur

106 2746 134 2790 aa
151 2729 312 2792 deducitur.

179 2815 254 2887 Quia
281 2814 372 2893 igitur
392 2813 483 2875 Filius
505 2812 633 2874 Verbum
662 2811 740 2872 illius
763 2819 793 2871 et
814 2812 920 2872 Sermo
943 2817 999 2878 ost,
1022 2807 1071 2885 qui
1094 2825 1129 2867 ex
1152 2804 1319 2866 Patriam

107 2897 209 2960 telleotu
237 2917 293 2960 seu
321 2897 506 2976 cogitatione,
536 2896 623 2958 sicuti
651 2913 687 2956 ex
715 2895 841 2972 quadam
868 2893 990 2956 matrice
1019 2899 1048 2951 et
1074 2889 1159 2950 vulva
1181 2887 1319 2967 prodant,

106 2981 163 3042 bino
182 2991 263 3044 recte
284 2981 377 3044 Filius
399 2982 463 3042 eius
487 2990 516 3042 et
536 2979 707 3058 unigenitus
726 2981 866 3058 proprie,
889 2987 923 3038 ut
943 2975 1012 3037 alibi
1034 2973 1116 3044 dixit,
1138 2989 1248 3034 uonteu
1267 2971 1321 3032 Fi-

107 3063 136 3126 tu·
157 3071 270 3146 aceepit
297 3065 432 3141 (Tertull.
460 3065 511 3126 lib.
541 3063 605 3124 adv.
628 3063 714 3124 Prata.
744 3080 807 3139 cap.
831 3063 885 3136 8.).
929 3058 1058 3138 Spiritus
1086 3074 1159 3116 vero
1188 3061 1318 3128 sanctus,

106 3151 232 3232 moniam
255 3148 293 3212 ab
315 3156 440 3228 utroque
461 3146 604 3227 procedit,
632 3165 688 3208 uec
720 3146 808 3206 unius
831 3163 868 3206 ex
889 3143 946 3204 illis
976 3160 1033 3202 nec
1053 3139 1207 3202 amborum
1227 3138 1319 3200 Filius

106 3251 222 3312 unquam
244 3241 293 3296 est
313 3233 476 3314 appellatus
498 3251 554 3293 nec
575 3229 714 3310 appellari
736 3228 847 3294 debuit.

600 3363 768 3415 anniculus
787 3363 810 3412 t.

106 3467 236 3526 lrpoountur
256 3479 279 3516 et
297 3471 449 3515 examinantur
466 3469 576 3524 quaedam
594 3469 702 3524 exempla,
721 3467 801 3522 quibus
820 3463 971 3508 Tertullianus
990 3463 1083 3506 ditinum
1103 3459 1150 3504 Filii
1169 3459 1208 3503 bei
1227 3471 1319 3514 genera·

518 3535 600 3578 donam
618 3535 728 3590 explicare
747 3541 840 3577 conatus
859 3539 900 3574 est.

179 3653 254 3716 Cum
277 3651 374 3714 diuina
399 3650 464 3712 Filii
478 3649 532 3710 [lei
554 3649 703 3728 generatio
726 3656 843 3727 capuam
862 3643 992 3706 bominis
1015 3643 1103 3718 longe
1125 3647 1246 3733 superet
1266 3655 1323 3698 uec

106 3738 192 3812 possit
220 3737 306 3798 iacile
328 3735 364 3796 ab
386 3753 422 3796 eo
445 3733 576 3811 intelligi,
605 3733 674 3794 binc
695 3731 895 3792 Tortttllianus
918 3736 1022 3789 noster
1044 3724 1122 3785 illam
1144 3719 1322 3814 qmbusdam

106 3819 366 3899 comparationibus
388 3818 543 3896 explanare
565 3824 596 3878 et
616 3816 761 3877 illustrare
784 3812 925 3875 connisus
948 3820 1005 3872 ast.
1040 3809 1239 3898 Verumuquta
1261 3801 1320 3862 dtl-

106 3901 272 3966 icultatibus
293 3921 355 3964 non
377 3910 487 3974 carent,
510 3899 634 3962 anobis
657 3906 726 3960 sunt
747 3895 966 3958 examinandae.
996 3891 1129 3952 Primum
1151 3894 1247 3962 itaque
1270 3902 1321 3986 eas

106 3982 339 4067 indpolagetico
367 3986 412 4048 sic
440 3984 598 4063 proponit:
633 3983 707 4044 Cum
732 3982 839 4042 radius
866 3998 889 4040 a
921 3977 985 4040 cole
1003 3974 1190 4054 porrigitur,
1214 3977 1321 4048 partio

107 4087 138 4128 rr
157 4089 283 4142 sumata,
306 4071 357 4133 aed
385 4070 435 4132 sal
456 4073 514 4130 etit
535 4071 569 4128 iu
592 4067 687 4135 radio,
710 4069 781 4145 quia
803 4062 877 4126 solia
900 4072 947 4124 eet
968 4058 1093 4130 radius,-
1116 4072 1170 4116 uec
1192 4069 1323 4130 separa-

107 4161 152 4212 tur
175 4157 357 4226 uertatur,
386 4153 439 4218 aed
458 4149 657 4214 ¹eartettditur:
685 4152 729 4210 ita
757 4149 793 4208 de
821 4145 943 4225 Spiritu
970 4141 1107 4220 Spiritus
1137 4146 1165 4198 et
1178 4135 1229 4234 'de
1256 4135 1322 4198 Deo

106 4234 186 4309 lleut,
214 4247 251 4299 ut
285 4237 384 4300 luuteu
412 4237 448 4298 de
476 4235 589 4297 iumine
617 4249 785 4295 aeceuauut.
830 4228 931 4290 lliauet
964 4230 1083 4302 integra
1110 4231 1139 4282 et
1171 4219 1323 4318 indefecta

105 4326 238 4384 aetenae
268 4325 393 4391 matraio,
423 4322 481 4384 etei
497 4318 606 4398 plures
628 4317 698 4380 iude
721 4315 861 4376 traduces
884 4309 1066 4389 qualitatum
1086 4313 1251 4366 mutueris:
1279 4311 1324 4362 ata

106 4415 128 4466 ri
147 4406 224 4486 quod
247 4405 285 4466 de
304 4405 366 4467 lieo
386 4403 562 4484 praseetunt
583 4410 637 4472 est,
660 4400 742 4462 Deus
758 4389 803 4459 eat
819 4406 847 4457 et
862 4395 920 4456 Dei
934 4391 1030 4454 Filius
1052 4398 1081 4484 et
1100 4406 1192 4480 uuus·
1205 4383 1323 4478 (supple

106 4484 188 4564 Deus)
210 4489 299 4550 antio
320 4486 455 4562 (Tertull.
477 4483 657 4564 Apologetic.
671 4500 744 4560 cap.
768 4483 843 4554 Si).
888 4473 948 4536 Sed
969 4474 1043 4535 baec
1064 4471 1112 4566 tlle
1136 4471 1231 4530 iustus
1254 4465 1323 4558 altbt

106 4567 203 4634 iisdem
224 4570 350 4649 aliisque
373 4569 515 4647 exemplis
537 4567 690 4630 enucleare
712 4565 808 4626 adbuc
836 4566 969 4624 conatur.
1012 4556 1174 4618 Audiamus
1196 4569 1275 4624 cum,
1297 4566 1324 4610 aa
