3082 5238
419 403 554 448 inerons
576 403 618 448 in.
639 403 707 448 aun.
729 403 894 448 norsssnr.
1203 385 1265 451 575

43 554 104 616 boc
123 553 180 614 deo
204 560 310 615 ornatu
331 553 508 615 laminarum
529 553 638 633 egisse,
660 571 696 614 ac
714 559 863 632 umquam
890 561 990 632 partes
1011 561 1155 632 auosque
1176 573 1269 616 unum

44 638 153 699 bbrtun
189 637 382 698 constituisse
409 637 520 699 clarum
548 647 604 698 est.
647 637 721 698 Nam
748 637 828 716 quod
857 637 1064 699 Tillemontius
1086 638 1140 698 311ι
1169 639 1266 720 mpni-

44 723 154 782 lestum
176 739 253 794 essa,
276 719 357 799 quod
379 721 430 781 isti
452 722 511 782 duo
533 719 601 782 libri
623 720 751 800 separati
773 721 892 792 luerint,
921 739 978 782 nec
1004 721 1109 782 relerri
1131 740 1208 782 unus
1229 721 1267 783 ad

40 807 170 870 alterum
191 805 364 866 3113333313
386 805 495 884 possit,
523 805 553 866 id
585 823 655 866 vero
683 803 796 866 facilius
825 805 933 866 dicitur
954 823 1040 884 quam
1061 805 1216 886 probatur,
1238 812 1270 867 et

42 907 82 950 ne
104 887 198 951 refelli
225 889 344 969 quidem
372 889 471 962 debet,
500 898 548 952 est
578 889 656 950 enim
683 889 857 966 ignorantis.
901 891 995 968 Atque
1023 890 1111 972 etiam
1138 889 1194 950 alia
1221 897 1272 952 est

40 973 130 1035 istius
152 974 318 1035 sententiae
340 979 462 1034 nostrae
483 973 638 1052 probatio,
666 991 733 1034 nam
756 973 787 1034 in
807 974 968 1052 posteriori
990 973 1068 1036 libro
1089 972 1268 1052 impenden-

41 1058 115 1118 tium
139 1057 316 1119 Cbristianis
337 1057 484 1118 malorum
506 1057 585 1118 baud
606 1057 724 1119 dubiam
746 1057 927 1120 mentionem
955 1058 1065 1130 inlicit,
1087 1076 1216 1137 quorum
1237 1058 1269 1120 in

40 1139 137 1220 priori
165 1141 243 1203 nulla
271 1147 317 1202 est
346 1141 531 1219 significatio.
589 1141 650 1202 lam
678 1140 704 1202 si
733 1159 872 1203 aerumna
901 1151 964 1204 turn
997 1142 1124 1204 luissent
1150 1143 1268 1217 adlecti,

41 1226 195 1304 quomodo
223 1225 422 1286 Tertullianus
457 1224 651 1286 abstinuisset
677 1243 693 1285 a
723 1227 981 1288 commemoranda
1008 1245 1052 1300 ea,
1074 1231 1121 1288 'ut
1148 1227 1266 1288 leminis

42 1309 220 1374 Christianis
241 1310 343 1370 luxum
358 1309 553 1382 dissuaderet,
576 1327 642 1370 cum
665 1327 702 1370 eo
723 1319 897 1388 argumento
912 1312 991 1374 *alias
1014 1313 1185 1390 lreqttenter
1199 1319 1273 1372 uta--

42 1393 115 1456 tur?
159 1395 219 1454 Sed
251 1411 318 1454 num
350 1393 434 1472 prior
469 1393 526 1454 iste
554 1392 671 1455 libellus
700 1395 852 1472 posterior
879 1396 919 1455 sit
947 1414 982 1456 eo
1011 1394 1049 1456 de
1076 1395 1266 1474 spectandis,

42 1478 124 1556 quod
160 1477 301 1556 deinceps
335 1478 502 1557 apparebit,
539 1477 617 1538 dicat
642 1477 715 1538 mibi
744 1478 820 1556 quis,
850 1486 948 1540 uuum
976 1480 1006 1540 in
1034 1479 1084 1540 illo
1118 1497 1267 1559 quoquam

42 1580 133 1635 anno,
156 1561 208 1641 qui
229 1561 342 1623 ellluxit
363 1562 400 1622 ab
422 1579 470 1632 ec,
492 1579 552 1640 quo
574 1561 717 1640 scriptum
739 1562 775 1623 de
792 1563 973 1641 Spectaculis
996 1563 1105 1625 librum
1127 1564 1266 1638 diximus,

41 1647 78 1706 ad
108 1665 218 1708 aunum
243 1645 343 1720 culn,
371 1663 431 1724 quo
460 1655 581 1726 coeptae
608 1655 678 1708 sunt
705 1647 847 1707 adversus
876 1647 1058 1708 Christianos
1088 1647 1267 1721 inimicitiae,

41 1749 115 1810 pace
138 1729 299 1790 Cluistiani
327 1729 374 1790 usi
402 1730 522 1804 luerint,
559 1729 617 1792 nisi
647 1733 724 1792 lorte
752 1749 778 1790 a.
802 1730 870 1791 cul.
894 1739 944 1792 aut
966 1731 1047 1792 tell.
1090 1731 1222 1810 Namque
1250 1751 1268 1793 a

42 1814 142 1876 reditu
175 1814 278 1874 Severi
309 1831 344 1874 ex
376 1811 470 1876 Gallia
502 1813 538 1876 ad
573 1833 682 1874 annum
715 1813 785 1876 ccl.
813 1815 907 1876 luisse
932 1809 1113 1878 Christianos
1142 1816 1268 1876 manime

42 1906 177 1969 vexatos,
211 1904 241 1957 et
269 1897 342 1962 ordo
371 1896 515 1960 librorum
543 1897 630 1958 docet
650 1917 667 1958 a
688 1898 777 1960 nobis
800 1897 830 1959 iu
852 1898 1000 1978 superiori
1022 1899 1110 1960 buius
1132 1899 1266 1979 disputa-

41 1981 135 2042 tionis
156 1989 241 2060 parte
262 1979 455 2056 constitutus,
490 1990 519 2044 et
540 1981 666 2044 historia
687 1991 847 2062 martyrum
869 1983 1087 2044 Scillitanorum
1109 1983 1153 2058 (V.
1177 2001 1268 2063 supra

44 2069 75 2142 ς.
104 2065 175 2141 Vl).
220 2065 319 2144 ltaque
351 2083 417 2128 num
450 2067 511 2128 lere
544 2075 614 2145 post
644 2074 758 2144 partem
790 2067 860 2128 anui
887 2068 970 2130 cult.
998 2067 1128 2147 priorem
1156 2067 1268 2128 editum

43 2151 134 2210 luerit
162 2149 264 2210 Severi
293 2149 430 2222 edictum,
463 2157 497 2211 ut
524 2169 580 2210 suo
608 2148 673 2212 loeo
704 2151 887 2223 docebimus,
920 2152 968 2213 vix
997 2159 1098 2229 potest
1124 2151 1208 2230 prior
1229 2151 1266 2211 de

43 2233 129 2294 Crtltu
150 2233 338 2294 Feminarum
359 2231 475 2296 libellus
498 2234 594 2296 editus
621 2233 678 2294 alio
709 2243 841 2314 tempore
864 2235 931 2310 dici,
962 2235 1021 2298 nisi
1043 2254 1079 2296 eo
1101 2237 1173 2308 lere,
1207 2252 1266 2314 quo

42 2319 73 2378 in
95 2318 191 2380 lucem
213 2317 366 2396 posterior
388 2317 452 2380 eius
475 2319 639 2397 argumenti
661 2319 736 2380 bber
757 2319 876 2398 prodiit.

578 2541 608 2614 s.
632 2535 731 2598 xxiv.

132 2670 285 2742 Quorsum
306 2670 379 2731 baec
402 2669 524 2733 omnia?
565 2670 712 2732 Nimirum
735 2679 767 2731 ut
789 2670 976 2748 intelligatur,
1001 2671 1026 2729 si
1049 2679 1166 2748 tempus
1188 2669 1265 2729 scri-

42 2756 83 2835 pli
105 2754 279 2815 alterutrius
300 2754 368 2814 libri
391 2763 518 2825 constat,
540 2754 696 2833 utriusque
718 2761 843 2814 33131333
865 2754 998 2833 reperiri.
1031 2754 1126 2826 Quam
1149 2751 1267 2812 obrem

43 2848 74 2902 ut
97 2838 295 2900 certissimam
316 2853 476 2916 sequamur
497 2838 561 2900 eius
583 2837 727 2918 temporis
750 2837 993 2914 significationem
1022 2835 1158 2896 inlibris
1181 2835 1266 2912 ipsis,

42 2930 164 2984 utemur
186 2920 409 2995 calamitatibus,
432 2921 540 3000 quibus
562 2931 625 2983 tum
647 2921 800 3000 expositos
823 2921 917 2982 luisse
939 2919 1122 2981 Christianos
1146 2917 1265 2980 Tertul-

42 3007 142 3068 lianus
164 3007 220 3079 ait,
244 3025 374 3084 quasque
397 3013 531 3083 tempore
554 3025 606 3078 eo,
629 3024 687 3083 quo
710 3005 833 3066 alterum
855 3005 891 3066 de
912 3004 1099 3067 Feminarum
1122 3002 1206 3064 Cultu
1226 3003 1266 3062 li-

42 3091 154 3152 bellum
177 3097 379 3169 componeret,
402 3090 465 3150 lere
488 3088 604 3150 initiunt
627 3089 774 3150 sumsisse
795 3089 883 3150 verba
906 3087 1013 3149 docent
1034 3086 1096 3158 (lib.
1120 3090 1149 3150 2.
1174 3105 1198 3146 o.
1216 3089 1266 3150 13.

41 3194 69 3253 p.
95 3177 170 3238 181.
194 3173 255 3250 Cn:
296 3172 441 3254 Tempora
465 3173 644 3236 Christianis
668 3191 786 3253 seraper
808 3184 838 3234 et
859 3192 940 3234 norae
962 3172 1009 3233 uel
1030 3175 1173 3242 mnne,
1204 3190 1268 3233 nan
1313 3230 1316 3240 ,

42 3277 125 3320 uitro
158 3259 212 3318 sed
243 3257 333 3336 ferro
370 3262 602 3338 truncabuntur,
641 3257 738 3321 stolae
772 3256 995 3336 Martyrr'arom
1022 3269 1266 3335 praeparantur.

43 3345 129 3414 Quae
156 3341 275 3420 quidem
308 3340 429 3420 intelligi
462 3341 499 3402 de
528 3342 684 3420 superiore
707 3341 943 3403 Christianorum
967 3340 1120 3401 vexatione
1142 3359 1158 3400 a
1181 3339 1268 3417 plebe

43 3429 120 3488 lacta
147 3433 299 3504 nequeunt
325 3434 499 3504 propterea,
533 3426 613 3505 quod
641 3426 672 3486 in
700 3425 801 3505 priore
829 3425 918 3486 buius
947 3424 1110 3502 argumenti
1132 3423 1207 3484 libro
1231 3422 1268 3485 ad

42 3511 153 3572 librum
176 3510 213 3569 de
236 3509 415 3588 Spectaculis
438 3518 580 3587 provocat
601 3513 637 3582 (e.
662 3513 690 3574 7.
713 3529 743 3590 p.
769 3511 839 3573 173.
864 3510 919 3582 (1.).
963 3509 1095 3588 Namque
1118 3526 1172 3586 ego
1194 3506 1268 3570 inibi

43 3594 225 3672 persuadere
247 3593 326 3654 baud
347 3611 484 3672 possum,
506 3593 718 3656 'l'ertullianum
742 3593 875 3654 voluisse
898 3593 976 3654 bunc
998 3591 1150 3654 excitando
1180 3609 1267 3670 grae-

44 3697 110 3739 cum
136 3676 242 3738 similis
266 3677 430 3755 argumenti
452 3677 561 3738 librum
584 3679 764 3756 significare,
798 3678 939 3756 quoniam
961 3685 991 3736 et
1016 3677 1139 3736 latinum
1162 3691 1267 3752 graeco
1381 3675 1390 3684 '

45 3763 247 3840 antiquiorum
277 3780 344 3822 esse
378 3761 564 3822 ostendimus
593 3765 635 3836 (ξ.
657 3761 720 3836 lli.)
749 3769 779 3821 et
806 3761 862 3821 ista
891 3759 1063 3821 Tertulliani
1085 3757 1268 3830 admonitio,

46 3865 102 3924 qua
125 3846 196 3923 qrrid
218 3864 235 3905 a
256 3845 318 3905 Deo
342 3863 410 3906 esse
432 3863 525 3924 posse
546 3844 731 3923 pronunciat,
756 3843 872 3904 tametsi
895 3843 958 3904 nius
981 3843 1025 3904 rei
1047 3841 1158 3902 abusus
1175 3839 1269 3902 neum
1386 3845 1393 3862 “

46 3948 108 3989 non
129 3929 238 3990 babeat
258 3937 424 4000 auctorem,
459 3929 489 3990 in
518 3926 608 3988 latino
631 3927 668 3989 de
691 3927 872 4006 Spectaculis
896 3923 971 3988 libro
995 3924 1116 3986 omnino
1140 3922 1269 3984 occurrit
1396 3961 1399 3969 ι

46 4019 124 4090 (cap.
147 4015 200 4084 2).
244 4011 402 4074 Enimvero
424 4031 491 4074 cunr
514 4011 550 4072 de
572 4011 753 4090 Spectaculis
776 4011 928 4082 scriberet,
952 4007 1121 4069 iamdudum
1144 4007 1268 4068 summis

46 4097 133 4157 malis
148 4095 351 4173 affligebantur
366 4096 536 4168 Christiani,
558 4097 594 4156 de
616 4095 723 4174 quibus
744 4113 782 4154 ne
804 4094 893 4155 verbo
916 4093 1034 4172 qnidam
1057 4091 1087 4151 in
1103 4091 1160 4150 isto
1175 4091 1270 4170 priori

47 4181 83 4240 de
100 4179 187 4241 Cultu
202 4179 388 4242 Feminarum
410 4179 486 4240 libro
508 4179 639 4258 loquitur
661 4185 690 4238 et
712 4184 845 4255 tempore
865 4175 1043 4256 posterioris
1064 4173 1154 4233 libelli
1169 4173 1267 4236 denuo

48 4263 259 4337 imminebant;
295 4282 386 4342 quare
408 4283 463 4325 nen
483 4264 519 4325 ad
541 4263 672 4342 priorem
695 4261 751 4323 sub
775 4261 884 4321 Severo
907 4259 1090 4321 vexabonem
1111 4258 1214 4318 referri
1237 4259 1268 4319 bi

48 4347 115 4408 libri
138 4347 197 4408 ullo
221 4347 309 4408 modo
331 4354 469 4428 possunt,
493 4347 546 4408 sed
568 4347 603 4407 ad
627 4363 735 4407 annurn
757 4345 857 4423 potius
879 4363 909 4424 p.
928 4341 1267 4418 entertained,

48 4433 148 4510 prouti
172 4431 239 4511 quis
263 4427 331 4494 velit
352 4433 428 4494 mala
451 4431 684 4493 Christianorum
712 4438 775 4491 tum
803 4437 867 4490 orta
896 4428 942 4488 vel
969 4426 1165 4507 impendentia
1199 4445 1266 4488 cre-

81 4607 97 4648 t.
116 4601 245 4650 lltmoires
262 4617 286 4665 p.
306 4616 326 4650 s.
346 4604 359 4648 t
378 4600 451 4650 l’bist.
470 4601 537 4650 lom.
549 4599 589 4650 111.
609 4614 632 4664 p.
652 4597 709 4648 662.
728 4605 778 4647 unt.
800 4596 838 4648 tu.
886 4635 890 4642 .
