<?xml version="1.0" encoding="UTF-8"?>
<!DOCTYPE html PUBLIC "-//W3C//DTD XHTML 1.0 Transitional//EN"
    "http://www.w3.org/TR/xhtml1/DTD/xhtml1-transitional.dtd">
<html xmlns="http://www.w3.org/1999/xhtml" xml:lang="en" lang="en">
 <head>
  <title>
</title>
<meta http-equiv="Content-Type" content="text/html;charset=utf-8" />
  <meta name='ocr-system' content='tesseract 3.04.00' />
  <meta name='ocr-capabilities' content='ocr_page ocr_carea ocr_par ocr_line ocrx_word'/>
</head>
<body>
  <div class='ocr_page' id='page_1' title='image "./quaesupersuntom01oehlgoog_0192.png"; bbox 0 0 3144 5236; ppageno 0'>
   <div class='ocr_carea' id='block_1_1' title="bbox 490 345 1319 408">
    <p class='ocr_par' dir='ltr' id='par_1_1' title="bbox 490 345 1319 408">
     <span class='ocr_line' id='line_1_1' title="bbox 490 345 1319 408; baseline 0.012 -10"><span class='ocrx_word' id='word_1_1' title='bbox 490 357 626 400; x_wconf 76' lang='lat' dir='ltr'>taurona</span> <span class='ocrx_word' id='word_1_2' title='bbox 648 357 706 400; x_wconf 83' lang='lat' dir='ltr'>uto.</span> <span class='ocrx_word' id='word_1_3' title='bbox 730 359 767 400; x_wconf 77' lang='lat' dir='ltr'>aa</span> <span class='ocrx_word' id='word_1_4' title='bbox 788 359 916 402; x_wconf 76' lang='lat' dir='ltr'>nonme.</span> <span class='ocrx_word' id='word_1_5' title='bbox 1260 345 1319 408; x_wconf 80' lang='lat' dir='ltr'>tss</span> 
     </span>
    </p>
   </div>
   <div class='ocr_carea' id='block_1_2' title="bbox 98 505 1318 2020">
    <p class='ocr_par' dir='ltr' id='par_1_2' title="bbox 98 505 1318 2020">
     <span class='ocr_line' id='line_1_2' title="bbox 105 505 1317 586; baseline 0.005 -18"><span class='ocrx_word' id='word_1_6' title='bbox 105 507 152 568; x_wconf 90' lang='lat' dir='ltr'>lam</span> <span class='ocrx_word' id='word_1_7' title='bbox 177 505 270 580; x_wconf 85' lang='lat' dir='ltr'>(ldern</span> <span class='ocrx_word' id='word_1_8' title='bbox 292 505 380 568; x_wconf 91' lang='lat' dir='ltr'>Polit.</span> <span class='ocrx_word' id='word_1_9' title='bbox 403 525 433 586; x_wconf 90' lang='lat' dir='ltr'>p.</span> <span class='ocrx_word' id='word_1_10' title='bbox 456 509 519 570; x_wconf 77' lang='lat'>272</span> <span class='ocrx_word' id='word_1_11' title='bbox 542 516 572 567; x_wconf 90' lang='lat' dir='ltr'>et</span> <span class='ocrx_word' id='word_1_12' title='bbox 593 511 700 586; x_wconf 69' lang='lat' dir='ltr'>sequ).</span> <span class='ocrx_word' id='word_1_13' title='bbox 745 505 855 570; x_wconf 90' lang='lat' dir='ltr'>Postea</span> <span class='ocrx_word' id='word_1_14' title='bbox 883 527 964 582; x_wconf 85' lang='lat' dir='ltr'>raro,</span> <span class='ocrx_word' id='word_1_15' title='bbox 994 528 1031 570; x_wconf 90' lang='lat' dir='ltr'>ne</span> <span class='ocrx_word' id='word_1_16' title='bbox 1059 511 1198 584; x_wconf 90' lang='lat' dir='ltr'>mundus,</span> <span class='ocrx_word' id='word_1_17' title='bbox 1228 513 1317 576; x_wconf 80' lang='lat' dir='ltr'>ratiis</span> 
     </span>
     <span class='ocr_line' id='line_1_3' title="bbox 106 591 1318 676; baseline 0.007 -26"><span class='ocrx_word' id='word_1_18' title='bbox 106 591 319 670; x_wconf 72' lang='lat' dir='ltr'>tempestatibus</span> <span class='ocrx_word' id='word_1_19' title='bbox 341 597 372 651; x_wconf 87' lang='lat' dir='ltr'>et</span> <span class='ocrx_word' id='word_1_20' title='bbox 392 591 477 652; x_wconf 90' lang='lat' dir='ltr'>malls</span> <span class='ocrx_word' id='word_1_21' title='bbox 500 601 657 670; x_wconf 86' lang='lat' dir='ltr'>quassatus</span> <span class='ocrx_word' id='word_1_22' title='bbox 679 592 800 671; x_wconf 89' lang='lat' dir='ltr'>penitus</span> <span class='ocrx_word' id='word_1_23' title='bbox 823 593 1046 666; x_wconf 79' lang='lat' dir='ltr'>dissolveretur,</span> <span class='ocrx_word' id='word_1_24' title='bbox 1069 597 1232 676; x_wconf 80' lang='lat' dir='ltr'>resumpsit</span> <span class='ocrx_word' id='word_1_25' title='bbox 1253 598 1318 660; x_wconf 89' lang='lat' dir='ltr'>eius</span> 
     </span>
     <span class='ocr_line' id='line_1_4' title="bbox 105 675 1318 760; baseline 0.006 -24"><span class='ocrx_word' id='word_1_26' title='bbox 105 675 322 753; x_wconf 76' lang='lat' dir='ltr'>gubernaculum</span> <span class='ocrx_word' id='word_1_27' title='bbox 350 675 449 754; x_wconf 81' lang='lat' dir='ltr'>illique</span> <span class='ocrx_word' id='word_1_28' title='bbox 482 675 608 737; x_wconf 78' lang='lat' dir='ltr'>sollicite</span> <span class='ocrx_word' id='word_1_29' title='bbox 642 676 775 738; x_wconf 87' lang='lat' dir='ltr'>insidens</span> <span class='ocrx_word' id='word_1_30' title='bbox 798 677 932 740; x_wconf 88' lang='lat' dir='ltr'>eiusdem</span> <span class='ocrx_word' id='word_1_31' title='bbox 955 679 1057 740; x_wconf 91' lang='lat' dir='ltr'>mundi</span> <span class='ocrx_word' id='word_1_32' title='bbox 1079 689 1179 760; x_wconf 88' lang='lat' dir='ltr'>partas</span> <span class='ocrx_word' id='word_1_33' title='bbox 1202 683 1318 743; x_wconf 88' lang='lat' dir='ltr'>ornarit</span> 
     </span>
     <span class='ocr_line' id='line_1_5' title="bbox 104 760 1281 820; baseline 0 0"><span class='ocrx_word' id='word_1_34' title='bbox 104 769 129 820; x_wconf 90' lang='lat' dir='ltr'>et</span> <span class='ocrx_word' id='word_1_35' title='bbox 145 760 326 820; x_wconf 85' lang='lat' dir='ltr'>moderatur.</span> <span class='ocrx_word' id='word_1_36' title='bbox 1278 805 1281 811; x_wconf 78' lang='grc'><strong>.</strong></span> 
     </span>
     <span class='ocr_line' id='line_1_6' title="bbox 173 843 1317 926; baseline 0.006 -22"><span class='ocrx_word' id='word_1_37' title='bbox 173 845 211 904; x_wconf 78' lang='lat' dir='ltr'>lt</span> <span class='ocrx_word' id='word_1_38' title='bbox 234 844 326 904; x_wconf 90' lang='lat' dir='ltr'>Stoici</span> <span class='ocrx_word' id='word_1_39' title='bbox 357 852 458 904; x_wconf 92' lang='lat' dir='ltr'>contra</span> <span class='ocrx_word' id='word_1_40' title='bbox 486 846 561 904; x_wconf 89' lang='lat' dir='ltr'>banc</span> <span class='ocrx_word' id='word_1_41' title='bbox 582 843 801 907; x_wconf 81' lang='lat' dir='ltr'>Platonicorum</span> <span class='ocrx_word' id='word_1_42' title='bbox 829 845 999 926; x_wconf 88' lang='lat' dir='ltr'>opinionem</span> <span class='ocrx_word' id='word_1_43' title='bbox 1022 848 1254 926; x_wconf 60' lang='lat' dir='ltr'>praedicabant„</span> <span class='ocrx_word' id='word_1_44' title='bbox 1273 850 1317 912; x_wconf 89' lang='lat' dir='ltr'>uti</span> 
     </span>
     <span class='ocr_line' id='line_1_7' title="bbox 101 927 1316 1013; baseline 0.007 -26"><span class='ocrx_word' id='word_1_45' title='bbox 101 927 135 987; x_wconf 85' lang='lat' dir='ltr'>ait</span> <span class='ocrx_word' id='word_1_46' title='bbox 153 928 364 1001; x_wconf 76' lang='lat' dir='ltr'>Tertullianus,</span> <span class='ocrx_word' id='word_1_47' title='bbox 391 928 484 988; x_wconf 85' lang='lat' dir='ltr'>Deum</span> <span class='ocrx_word' id='word_1_48' title='bbox 511 947 580 988; x_wconf 88' lang='lat' dir='ltr'>esse</span> <span class='ocrx_word' id='word_1_49' title='bbox 600 933 736 1009; x_wconf 86' lang='lat' dir='ltr'>positum</span> <span class='ocrx_word' id='word_1_50' title='bbox 757 943 847 992; x_wconf 73' lang='lat' dir='ltr'>extra</span> <span class='ocrx_word' id='word_1_51' title='bbox 868 933 1022 1001; x_wconf 82' lang='lat' dir='ltr'>muudum,</span> <span class='ocrx_word' id='word_1_52' title='bbox 1050 937 1104 1013; x_wconf 83' lang='lat' dir='ltr'>pai</span> <span class='ocrx_word' id='word_1_53' title='bbox 1122 933 1211 1012; x_wconf 78' lang='lat' dir='ltr'>figuli</span> <span class='ocrx_word' id='word_1_54' title='bbox 1229 935 1316 996; x_wconf 85' lang='lat' dir='ltr'>modo</span> 
     </span>
     <span class='ocr_line' id='line_1_8' title="bbox 100 1013 1318 1094; baseline 0.004 -21"><span class='ocrx_word' id='word_1_55' title='bbox 100 1019 284 1076; x_wconf 79' lang='lat' dir='ltr'>ectrt&#39;usecus</span> <span class='ocrx_word' id='word_1_56' title='bbox 317 1025 457 1093; x_wconf 78' lang='lat' dir='ltr'>torqueat</span> <span class='ocrx_word' id='word_1_57' title='bbox 487 1013 595 1075; x_wconf 86' lang='lat' dir='ltr'>molem</span> <span class='ocrx_word' id='word_1_58' title='bbox 628 1013 704 1075; x_wconf 80' lang='lat' dir='ltr'>baec</span> <span class='ocrx_word' id='word_1_59' title='bbox 736 1014 919 1088; x_wconf 86' lang='lat' dir='ltr'>(Tertullian.</span> <span class='ocrx_word' id='word_1_60' title='bbox 941 1015 1095 1094; x_wconf 65' lang='lat' dir='ltr'>apologet.</span> <span class='ocrx_word' id='word_1_61' title='bbox 1125 1035 1188 1094; x_wconf 91' lang='lat' dir='ltr'>cap.</span> <span class='ocrx_word' id='word_1_62' title='bbox 1212 1021 1262 1082; x_wconf 81' lang='lat'>47.</span> <span class='ocrx_word' id='word_1_63' title='bbox 1286 1027 1318 1080; x_wconf 92' lang='lat' dir='ltr'>et</span> 
     </span>
     <span class='ocr_line' id='line_1_9' title="bbox 100 1095 1317 1176; baseline 0.005 -19"><span class='ocrx_word' id='word_1_64' title='bbox 100 1097 141 1157; x_wconf 87' lang='lat' dir='ltr'>lib.</span> <span class='ocrx_word' id='word_1_65' title='bbox 161 1098 195 1158; x_wconf 93' lang='lat' dir='ltr'>ll.</span> <span class='ocrx_word' id='word_1_66' title='bbox 229 1097 266 1158; x_wconf 93' lang='lat' dir='ltr'>ad</span> <span class='ocrx_word' id='word_1_67' title='bbox 288 1095 406 1158; x_wconf 85' lang='lat' dir='ltr'>Nation.</span> <span class='ocrx_word' id='word_1_68' title='bbox 436 1115 498 1176; x_wconf 89' lang='lat' dir='ltr'>cap.</span> <span class='ocrx_word' id='word_1_69' title='bbox 522 1101 576 1172; x_wconf 75' lang='lat'>2).</span> <span class='ocrx_word' id='word_1_70' title='bbox 620 1097 679 1158; x_wconf 89' lang='lat' dir='ltr'>Sed</span> <span class='ocrx_word' id='word_1_71' title='bbox 708 1116 768 1158; x_wconf 91' lang='lat' dir='ltr'>non</span> <span class='ocrx_word' id='word_1_72' title='bbox 799 1097 939 1160; x_wconf 86' lang='lat' dir='ltr'>minimus</span> <span class='ocrx_word' id='word_1_73' title='bbox 973 1099 1125 1160; x_wconf 88' lang='lat' dir='ltr'>dubitandi</span> <span class='ocrx_word' id='word_1_74' title='bbox 1154 1101 1237 1162; x_wconf 88' lang='lat' dir='ltr'>locus</span> <span class='ocrx_word' id='word_1_75' title='bbox 1271 1111 1317 1163; x_wconf 85' lang='lat' dir='ltr'>est</span> 
     </span>
     <span class='ocr_line' id='line_1_10' title="bbox 99 1181 1315 1260; baseline 0.002 -18"><span class='ocrx_word' id='word_1_76' title='bbox 99 1191 185 1242; x_wconf 85' lang='lat' dir='ltr'>naum</span> <span class='ocrx_word' id='word_1_77' title='bbox 209 1181 285 1242; x_wconf 84' lang='lat' dir='ltr'>baec</span> <span class='ocrx_word' id='word_1_78' title='bbox 306 1184 370 1260; x_wconf 88' lang='lat' dir='ltr'>ipsa</span> <span class='ocrx_word' id='word_1_79' title='bbox 400 1182 487 1242; x_wconf 89' lang='lat' dir='ltr'>luerit</span> <span class='ocrx_word' id='word_1_80' title='bbox 510 1181 678 1242; x_wconf 81' lang='lat' dir='ltr'>Stoicomm</span> <span class='ocrx_word' id='word_1_81' title='bbox 700 1183 856 1243; x_wconf 89' lang='lat' dir='ltr'>sententia.</span> <span class='ocrx_word' id='word_1_82' title='bbox 900 1184 973 1244; x_wconf 85' lang='lat' dir='ltr'>Nam</span> <span class='ocrx_word' id='word_1_83' title='bbox 995 1184 1096 1243; x_wconf 86' lang='lat' dir='ltr'>Zenon</span> <span class='ocrx_word' id='word_1_84' title='bbox 1120 1185 1237 1246; x_wconf 89' lang='lat' dir='ltr'>illorum</span> <span class='ocrx_word' id='word_1_85' title='bbox 1260 1203 1315 1246; x_wconf 91' lang='lat' dir='ltr'>an·</span> 
     </span>
     <span class='ocr_line' id='line_1_11' title="bbox 100 1265 1314 1344; baseline 0.005 -19"><span class='ocrx_word' id='word_1_86' title='bbox 100 1266 265 1344; x_wconf 84' lang='lat' dir='ltr'>tesignartus</span> <span class='ocrx_word' id='word_1_87' title='bbox 299 1265 423 1344; x_wconf 85' lang='lat' dir='ltr'>eiusque</span> <span class='ocrx_word' id='word_1_88' title='bbox 455 1266 596 1338; x_wconf 78' lang='lat' dir='ltr'>asseclae,</span> <span class='ocrx_word' id='word_1_89' title='bbox 626 1267 668 1326; x_wconf 89' lang='lat' dir='ltr'>uti</span> <span class='ocrx_word' id='word_1_90' title='bbox 692 1285 727 1326; x_wconf 84' lang='lat' dir='ltr'>ox</span> <span class='ocrx_word' id='word_1_91' title='bbox 749 1267 868 1327; x_wconf 83' lang='lat' dir='ltr'>Laertio</span> <span class='ocrx_word' id='word_1_92' title='bbox 891 1278 921 1329; x_wconf 87' lang='lat' dir='ltr'>ot</span> <span class='ocrx_word' id='word_1_93' title='bbox 943 1268 1098 1329; x_wconf 81' lang='lat' dir='ltr'>Plutarcho</span> <span class='ocrx_word' id='word_1_94' title='bbox 1122 1269 1235 1330; x_wconf 89' lang='lat' dir='ltr'>discere</span> <span class='ocrx_word' id='word_1_95' title='bbox 1258 1277 1314 1343; x_wconf 86' lang='lat' dir='ltr'>est,</span> 
     </span>
     <span class='ocr_line' id='line_1_12' title="bbox 99 1350 1318 1432; baseline 0.003 -22"><span class='ocrx_word' id='word_1_96' title='bbox 99 1350 309 1411; x_wconf 88' lang='lat' dir='ltr'>arbitrabantur</span> <span class='ocrx_word' id='word_1_97' title='bbox 336 1350 428 1410; x_wconf 86' lang='lat' dir='ltr'>Deum</span> <span class='ocrx_word' id='word_1_98' title='bbox 458 1369 527 1410; x_wconf 87' lang='lat' dir='ltr'>esse</span> <span class='ocrx_word' id='word_1_99' title='bbox 558 1359 698 1422; x_wconf 90' lang='lat' dir='ltr'>mentem,</span> <span class='ocrx_word' id='word_1_100' title='bbox 724 1369 801 1428; x_wconf 81' lang='lat' dir='ltr'>quac</span> <span class='ocrx_word' id='word_1_101' title='bbox 829 1351 927 1412; x_wconf 93' lang='lat' dir='ltr'>omnia</span> <span class='ocrx_word' id='word_1_102' title='bbox 957 1353 1105 1431; x_wconf 87' lang='lat' dir='ltr'>pertingat</span> <span class='ocrx_word' id='word_1_103' title='bbox 1125 1371 1159 1413; x_wconf 92' lang='lat' dir='ltr'>ac</span> <span class='ocrx_word' id='word_1_104' title='bbox 1179 1361 1318 1432; x_wconf 85' lang='lat' dir='ltr'>penetret</span> 
     </span>
     <span class='ocr_line' id='line_1_13' title="bbox 99 1434 1315 1511; baseline 0.003 -17"><span class='ocrx_word' id='word_1_105' title='bbox 99 1435 197 1502; x_wconf 80' lang='lat' dir='ltr'>(baert.</span> <span class='ocrx_word' id='word_1_106' title='bbox 225 1435 275 1495; x_wconf 92' lang='lat' dir='ltr'>lib.</span> <span class='ocrx_word' id='word_1_107' title='bbox 300 1434 359 1495; x_wconf 84' lang='lat' dir='ltr'>Vll.</span> <span class='ocrx_word' id='word_1_108' title='bbox 390 1435 419 1496; x_wconf 89' lang='lat' dir='ltr'>in</span> <span class='ocrx_word' id='word_1_109' title='bbox 448 1435 503 1495; x_wconf 89' lang='lat' dir='ltr'>Vit.</span> <span class='ocrx_word' id='word_1_110' title='bbox 533 1434 644 1494; x_wconf 88' lang='lat' dir='ltr'>Zenon.</span> <span class='ocrx_word' id='word_1_111' title='bbox 673 1439 703 1511; x_wconf 60' lang='grc' dir='ltr'><strong>ὅ.</strong></span> <span class='ocrx_word' id='word_1_112' title='bbox 729 1437 799 1498; x_wconf 82' lang='grc'><strong>138.</strong></span> <span class='ocrx_word' id='word_1_113' title='bbox 823 1444 853 1495; x_wconf 88' lang='lat' dir='ltr'>at</span> <span class='ocrx_word' id='word_1_114' title='bbox 878 1440 947 1500; x_wconf 87' lang='lat' dir='ltr'>ttt.</span> <span class='ocrx_word' id='word_1_115' title='bbox 976 1435 1122 1497; x_wconf 88' lang='lat' dir='ltr'>Plutaralr.</span> <span class='ocrx_word' id='word_1_116' title='bbox 1152 1436 1203 1498; x_wconf 89' lang='lat' dir='ltr'>lib.</span> <span class='ocrx_word' id='word_1_117' title='bbox 1225 1438 1248 1497; x_wconf 95' lang='lat' dir='ltr'>l.</span> <span class='ocrx_word' id='word_1_118' title='bbox 1266 1439 1315 1498; x_wconf 88' lang='lat' dir='ltr'>-de</span> 
     </span>
     <span class='ocr_line' id='line_1_14' title="bbox 98 1519 1316 1598; baseline 0.002 -18"><span class='ocrx_word' id='word_1_119' title='bbox 98 1519 187 1580; x_wconf 86' lang='lat' dir='ltr'>Placit.</span> <span class='ocrx_word' id='word_1_120' title='bbox 211 1519 389 1598; x_wconf 87' lang='lat' dir='ltr'>Philosopb.</span> <span class='ocrx_word' id='word_1_121' title='bbox 412 1537 474 1598; x_wconf 90' lang='lat' dir='ltr'>cap.</span> <span class='ocrx_word' id='word_1_122' title='bbox 492 1522 521 1582; x_wconf 83' lang='lat' dir='ltr'>t.</span> <span class='ocrx_word' id='word_1_123' title='bbox 543 1537 572 1597; x_wconf 91' lang='lat' dir='ltr'>p.</span> <span class='ocrx_word' id='word_1_124' title='bbox 589 1521 685 1595; x_wconf 73' lang='lat'>882).</span> <span class='ocrx_word' id='word_1_125' title='bbox 715 1519 777 1579; x_wconf 87' lang='lat' dir='ltr'>Nos</span> <span class='ocrx_word' id='word_1_126' title='bbox 800 1520 888 1580; x_wconf 88' lang='lat' dir='ltr'>ctiam</span> <span class='ocrx_word' id='word_1_127' title='bbox 910 1520 979 1580; x_wconf 89' lang='lat' dir='ltr'>alibi</span> <span class='ocrx_word' id='word_1_128' title='bbox 1002 1519 1223 1582; x_wconf 81' lang='lat' dir='ltr'>observavimus</span> <span class='ocrx_word' id='word_1_129' title='bbox 1239 1521 1316 1582; x_wconf 92' lang='lat' dir='ltr'>hanc</span> 
     </span>
     <span class='ocr_line' id='line_1_15' title="bbox 99 1603 1315 1682; baseline 0.001 -18"><span class='ocrx_word' id='word_1_130' title='bbox 99 1621 189 1664; x_wconf 84' lang='lat' dir='ltr'>revera</span> <span class='ocrx_word' id='word_1_131' title='bbox 215 1605 311 1664; x_wconf 83' lang='lat' dir='ltr'>luisse</span> <span class='ocrx_word' id='word_1_132' title='bbox 333 1603 450 1664; x_wconf 86' lang='lat' dir='ltr'>illontm</span> <span class='ocrx_word' id='word_1_133' title='bbox 473 1603 654 1682; x_wconf 89' lang='lat' dir='ltr'>opinionem.</span> <span class='ocrx_word' id='word_1_134' title='bbox 687 1603 751 1675; x_wconf 84' lang='lat' dir='ltr'>Qua</span> <span class='ocrx_word' id='word_1_135' title='bbox 775 1621 845 1682; x_wconf 88' lang='lat' dir='ltr'>erga</span> <span class='ocrx_word' id='word_1_136' title='bbox 868 1604 982 1664; x_wconf 87' lang='lat' dir='ltr'>ratione</span> <span class='ocrx_word' id='word_1_137' title='bbox 1004 1605 1115 1665; x_wconf 83' lang='lat' dir='ltr'>ductor</span> <span class='ocrx_word' id='word_1_138' title='bbox 1136 1614 1241 1665; x_wconf 88' lang='lat' dir='ltr'>noster</span> <span class='ocrx_word' id='word_1_139' title='bbox 1255 1613 1315 1667; x_wconf 88' lang='lat' dir='ltr'>tam</span> 
     </span>
     <span class='ocr_line' id='line_1_16' title="bbox 99 1687 1314 1766; baseline 0.003 -20"><span class='ocrx_word' id='word_1_140' title='bbox 99 1697 298 1750; x_wconf 83' lang='lat' dir='ltr'>asseveranter</span> <span class='ocrx_word' id='word_1_141' title='bbox 319 1688 473 1748; x_wconf 87' lang='lat' dir='ltr'>adtirmare</span> <span class='ocrx_word' id='word_1_142' title='bbox 495 1688 592 1766; x_wconf 89' lang='lat' dir='ltr'>potnit</span> <span class='ocrx_word' id='word_1_143' title='bbox 614 1688 733 1750; x_wconf 91' lang='lat' dir='ltr'>Stoicos</span> <span class='ocrx_word' id='word_1_144' title='bbox 755 1687 894 1749; x_wconf 87' lang='lat' dir='ltr'>docuisse</span> <span class='ocrx_word' id='word_1_145' title='bbox 910 1689 1003 1748; x_wconf 87' lang='lat' dir='ltr'>llenm</span> <span class='ocrx_word' id='word_1_146' title='bbox 1025 1688 1153 1766; x_wconf 87' lang='lat' dir='ltr'>positum</span> <span class='ocrx_word' id='word_1_147' title='bbox 1176 1707 1244 1750; x_wconf 89' lang='lat' dir='ltr'>esse</span> <span class='ocrx_word' id='word_1_148' title='bbox 1266 1691 1314 1750; x_wconf 89' lang='lat' dir='ltr'>in-</span> 
     </span>
     <span class='ocr_line' id='line_1_17' title="bbox 99 1771 1313 1852; baseline 0.001 -20"><span class='ocrx_word' id='word_1_149' title='bbox 99 1781 153 1832; x_wconf 87' lang='lat' dir='ltr'>star</span> <span class='ocrx_word' id='word_1_150' title='bbox 173 1771 254 1852; x_wconf 85' lang='lat' dir='ltr'>figuli</span> <span class='ocrx_word' id='word_1_151' title='bbox 278 1780 361 1832; x_wconf 84' lang='lat' dir='ltr'>extra</span> <span class='ocrx_word' id='word_1_152' title='bbox 383 1772 551 1834; x_wconf 79' lang='lat' dir='ltr'>fabricatam</span> <span class='ocrx_word' id='word_1_153' title='bbox 573 1790 590 1832; x_wconf 94' lang='lat' dir='ltr'>a</span> <span class='ocrx_word' id='word_1_154' title='bbox 613 1791 646 1832; x_wconf 87' lang='lat' dir='ltr'>se</span> <span class='ocrx_word' id='word_1_155' title='bbox 662 1781 752 1833; x_wconf 89' lang='lat' dir='ltr'>totam</span> <span class='ocrx_word' id='word_1_156' title='bbox 769 1771 870 1832; x_wconf 91' lang='lat' dir='ltr'>mundi</span> <span class='ocrx_word' id='word_1_157' title='bbox 886 1773 995 1833; x_wconf 85' lang='lat' dir='ltr'>molem</span> <span class='ocrx_word' id='word_1_158' title='bbox 1018 1773 1116 1845; x_wconf 87' lang='lat' dir='ltr'>(Tom.</span> <span class='ocrx_word' id='word_1_159' title='bbox 1130 1773 1152 1832; x_wconf 94' lang='lat' dir='ltr'>l.</span> <span class='ocrx_word' id='word_1_160' title='bbox 1173 1775 1313 1852; x_wconf 78' lang='lat' dir='ltr'>Apparat.</span> 
     </span>
     <span class='ocr_line' id='line_1_18' title="bbox 98 1855 1315 1936; baseline 0.001 -18"><span class='ocrx_word' id='word_1_161' title='bbox 98 1873 125 1933; x_wconf 91' lang='lat' dir='ltr'>p.</span> <span class='ocrx_word' id='word_1_162' title='bbox 139 1861 206 1920; x_wconf 84' lang='lat' dir='ltr'>lStt.</span> <span class='ocrx_word' id='word_1_163' title='bbox 230 1857 314 1934; x_wconf 85' lang='lat' dir='ltr'>bips.</span> <span class='ocrx_word' id='word_1_164' title='bbox 337 1856 387 1916; x_wconf 93' lang='lat' dir='ltr'>lib.</span> <span class='ocrx_word' id='word_1_165' title='bbox 404 1857 425 1916; x_wconf 97' lang='lat' dir='ltr'>l.</span> <span class='ocrx_word' id='word_1_166' title='bbox 449 1857 623 1936; x_wconf 78' lang='lat' dir='ltr'>Psycbolog.</span> <span class='ocrx_word' id='word_1_167' title='bbox 648 1858 740 1917; x_wconf 89' lang='lat' dir='ltr'>Stoic.</span> <span class='ocrx_word' id='word_1_168' title='bbox 755 1856 907 1918; x_wconf 87' lang='lat' dir='ltr'>Dissertat.</span> <span class='ocrx_word' id='word_1_169' title='bbox 924 1860 976 1921; x_wconf 83' lang='lat'>31.</span> <span class='ocrx_word' id='word_1_170' title='bbox 999 1876 1027 1935; x_wconf 92' lang='lat' dir='ltr'>p.</span> <span class='ocrx_word' id='word_1_171' title='bbox 1044 1861 1116 1920; x_wconf 83' lang='lat'>565.</span> <span class='ocrx_word' id='word_1_172' title='bbox 1134 1858 1219 1918; x_wconf 88' lang='lat' dir='ltr'>Tam.</span> <span class='ocrx_word' id='word_1_173' title='bbox 1230 1855 1315 1932; x_wconf 88' lang='lat' dir='ltr'>lV.)?</span> 
     </span>
     <span class='ocr_line' id='line_1_19' title="bbox 174 1940 1315 2020; baseline 0 -18"><span class='ocrx_word' id='word_1_174' title='bbox 174 1941 361 2002; x_wconf 77' lang='lat' dir='ltr'>difficultatis</span> <span class='ocrx_word' id='word_1_175' title='bbox 383 1941 471 2002; x_wconf 89' lang='lat' dir='ltr'>huius</span> <span class='ocrx_word' id='word_1_176' title='bbox 494 1941 604 2002; x_wconf 89' lang='lat' dir='ltr'>nodum</span> <span class='ocrx_word' id='word_1_177' title='bbox 627 1949 708 2002; x_wconf 88' lang='lat' dir='ltr'>secat</span> <span class='ocrx_word' id='word_1_178' title='bbox 729 1941 831 2020; x_wconf 90' lang='lat' dir='ltr'>potius</span> <span class='ocrx_word' id='word_1_179' title='bbox 854 1960 940 2019; x_wconf 86' lang='lat' dir='ltr'>quam</span> <span class='ocrx_word' id='word_1_180' title='bbox 963 1941 1052 2003; x_wconf 86' lang='lat' dir='ltr'>solvit</span> <span class='ocrx_word' id='word_1_181' title='bbox 1077 1940 1207 2020; x_wconf 84' lang='lat' dir='ltr'>Lipsius.</span> <span class='ocrx_word' id='word_1_182' title='bbox 1231 1942 1315 2002; x_wconf 87' lang='lat' dir='ltr'>Haud</span> 
     </span>
    </p>
   </div>
   <div class='ocr_carea' id='block_1_3' title="bbox 23 2023 1449 2104">
    <p class='ocr_par' dir='ltr' id='par_1_3' title="bbox 23 2023 1449 2104">
     <span class='ocr_line' id='line_1_20' title="bbox 23 2023 1449 2104; baseline -0.001 -22"><span class='ocrx_word' id='word_1_183' title='bbox 23 2069 24 2072; x_wconf 19' lang='lat'>¹</span> <span class='ocrx_word' id='word_1_184' title='bbox 98 2023 257 2086; x_wconf 75' lang='lat' dir='ltr'>dabiunter</span> <span class='ocrx_word' id='word_1_185' title='bbox 280 2023 388 2085; x_wconf 87' lang='lat' dir='ltr'>etenim</span> <span class='ocrx_word' id='word_1_186' title='bbox 412 2025 623 2086; x_wconf 80' lang='lat' dir='ltr'>Tertullianum</span> <span class='ocrx_word' id='word_1_187' title='bbox 646 2026 686 2086; x_wconf 90' lang='lat' dir='ltr'>ibi</span> <span class='ocrx_word' id='word_1_188' title='bbox 708 2026 805 2102; x_wconf 84' lang='lat' dir='ltr'>arguit</span> <span class='ocrx_word' id='word_1_189' title='bbox 827 2025 948 2098; x_wconf 87' lang='lat' dir='ltr'>erroris,</span> <span class='ocrx_word' id='word_1_190' title='bbox 971 2043 1031 2104; x_wconf 90' lang='lat' dir='ltr'>quo</span> <span class='ocrx_word' id='word_1_191' title='bbox 1047 2025 1156 2085; x_wconf 89' lang='lat' dir='ltr'>Stoicis</span> <span class='ocrx_word' id='word_1_192' title='bbox 1172 2025 1242 2086; x_wconf 91' lang='lat' dir='ltr'>illud</span> <span class='ocrx_word' id='word_1_193' title='bbox 1258 2027 1314 2086; x_wconf 93' lang='lat' dir='ltr'>tri·</span> <span class='ocrx_word' id='word_1_194' title='bbox 1445 2073 1449 2080; x_wconf 89' lang='lat'>.</span> 
     </span>
    </p>
   </div>
   <div class='ocr_carea' id='block_1_4' title="bbox 97 2108 1315 2946">
    <p class='ocr_par' dir='ltr' id='par_1_4' title="bbox 97 2108 1315 2946">
     <span class='ocr_line' id='line_1_21' title="bbox 99 2108 1313 2190; baseline 0.002 -23"><span class='ocrx_word' id='word_1_195' title='bbox 99 2108 162 2180; x_wconf 83' lang='lat' dir='ltr'>buit,</span> <span class='ocrx_word' id='word_1_196' title='bbox 183 2111 265 2190; x_wconf 89' lang='lat' dir='ltr'>qnod</span> <span class='ocrx_word' id='word_1_197' title='bbox 287 2109 324 2170; x_wconf 91' lang='lat' dir='ltr'>ab</span> <span class='ocrx_word' id='word_1_198' title='bbox 346 2109 383 2169; x_wconf 90' lang='lat' dir='ltr'>iis</span> <span class='ocrx_word' id='word_1_199' title='bbox 407 2127 461 2172; x_wconf 87' lang='lat' dir='ltr'>nec</span> <span class='ocrx_word' id='word_1_200' title='bbox 482 2110 592 2170; x_wconf 91' lang='lat' dir='ltr'>dictum</span> <span class='ocrx_word' id='word_1_201' title='bbox 615 2129 670 2170; x_wconf 89' lang='lat' dir='ltr'>nec</span> <span class='ocrx_word' id='word_1_202' title='bbox 691 2109 848 2187; x_wconf 90' lang='lat' dir='ltr'>cogitatum</span> <span class='ocrx_word' id='word_1_203' title='bbox 871 2109 988 2188; x_wconf 87' lang='lat' dir='ltr'>quidem</span> <span class='ocrx_word' id='word_1_204' title='bbox 1012 2111 1116 2170; x_wconf 87' lang='lat' dir='ltr'>luerat.</span> <span class='ocrx_word' id='word_1_205' title='bbox 1147 2109 1227 2170; x_wconf 89' lang='lat' dir='ltr'>ltane</span> <span class='ocrx_word' id='word_1_206' title='bbox 1243 2127 1313 2170; x_wconf 83' lang='lat' dir='ltr'>vero</span> 
     </span>
     <span class='ocr_line' id='line_1_22' title="bbox 98 2187 1314 2273; baseline 0.003 -23"><span class='ocrx_word' id='word_1_207' title='bbox 98 2194 196 2254; x_wconf 85' lang='lat' dir='ltr'>errarit</span> <span class='ocrx_word' id='word_1_208' title='bbox 218 2192 442 2254; x_wconf 82' lang='lat' dir='ltr'>Tertullianus?</span> <span class='ocrx_word' id='word_1_209' title='bbox 485 2194 632 2272; x_wconf 83' lang='lat' dir='ltr'>Numquid</span> <span class='ocrx_word' id='word_1_210' title='bbox 654 2193 817 2273; x_wconf 80' lang='lat' dir='ltr'>ignorabat,</span> <span class='ocrx_word' id='word_1_211' title='bbox 843 2202 893 2254; x_wconf 89' lang='lat' dir='ltr'>aut</span> <span class='ocrx_word' id='word_1_212' title='bbox 915 2212 951 2254; x_wconf 85' lang='lat' dir='ltr'>ex</span> <span class='ocrx_word' id='word_1_213' title='bbox 972 2187 1070 2254; x_wconf 82' lang='lat' dir='ltr'>manle</span> <span class='ocrx_word' id='word_1_214' title='bbox 1093 2193 1172 2254; x_wconf 89' lang='lat' dir='ltr'>illius</span> <span class='ocrx_word' id='word_1_215' title='bbox 1195 2193 1314 2254; x_wconf 83' lang='lat' dir='ltr'>excide·</span> 
     </span>
     <span class='ocr_line' id='line_1_23' title="bbox 99 2274 1313 2357; baseline 0 -21"><span class='ocrx_word' id='word_1_216' title='bbox 99 2285 145 2344; x_wconf 82' lang='lat' dir='ltr'>rat.</span> <span class='ocrx_word' id='word_1_217' title='bbox 166 2279 245 2357; x_wconf 85' lang='lat' dir='ltr'>quod</span> <span class='ocrx_word' id='word_1_218' title='bbox 270 2277 364 2338; x_wconf 86' lang='lat' dir='ltr'>Stoici</span> <span class='ocrx_word' id='word_1_219' title='bbox 388 2277 424 2338; x_wconf 92' lang='lat' dir='ltr'>de</span> <span class='ocrx_word' id='word_1_220' title='bbox 447 2288 546 2338; x_wconf 88' lang='lat' dir='ltr'>mente</span> <span class='ocrx_word' id='word_1_221' title='bbox 568 2278 664 2352; x_wconf 81' lang='lat' dir='ltr'>divina</span> <span class='ocrx_word' id='word_1_222' title='bbox 687 2277 828 2338; x_wconf 91' lang='lat' dir='ltr'>mundum</span> <span class='ocrx_word' id='word_1_223' title='bbox 853 2274 1024 2338; x_wconf 82' lang='lat' dir='ltr'>universum</span> <span class='ocrx_word' id='word_1_224' title='bbox 1050 2277 1228 2356; x_wconf 86' lang='lat' dir='ltr'>pervadente</span> <span class='ocrx_word' id='word_1_225' title='bbox 1253 2288 1313 2338; x_wconf 89' lang='lat' dir='ltr'>tra-</span> 
     </span>
     <span class='ocr_line' id='line_1_24' title="bbox 98 2361 1313 2446; baseline 0.002 -28"><span class='ocrx_word' id='word_1_226' title='bbox 98 2361 248 2424; x_wconf 86' lang='lat' dir='ltr'>diderant?</span> <span class='ocrx_word' id='word_1_227' title='bbox 274 2362 394 2422; x_wconf 90' lang='lat' dir='ltr'>llinime</span> <span class='ocrx_word' id='word_1_228' title='bbox 416 2363 544 2446; x_wconf 81' lang='lat' dir='ltr'>quidem.</span> <span class='ocrx_word' id='word_1_229' title='bbox 588 2361 661 2422; x_wconf 86' lang='lat' dir='ltr'>Nam</span> <span class='ocrx_word' id='word_1_230' title='bbox 683 2361 741 2422; x_wconf 91' lang='lat' dir='ltr'>alio</span> <span class='ocrx_word' id='word_1_231' title='bbox 764 2363 793 2422; x_wconf 93' lang='lat' dir='ltr'>in</span> <span class='ocrx_word' id='word_1_232' title='bbox 815 2362 890 2422; x_wconf 92' lang='lat' dir='ltr'>libro</span> <span class='ocrx_word' id='word_1_233' title='bbox 913 2363 986 2422; x_wconf 76' lang='lat' dir='ltr'>llaec</span> <span class='ocrx_word' id='word_1_234' title='bbox 1009 2361 1128 2438; x_wconf 88' lang='lat' dir='ltr'>scriptis</span> <span class='ocrx_word' id='word_1_235' title='bbox 1150 2362 1313 2422; x_wconf 81' lang='lat' dir='ltr'>mandarit:</span> 
     </span>
     <span class='ocr_line' id='line_1_25' title="bbox 99 2444 1315 2527; baseline 0.001 -22"><span class='ocrx_word' id='word_1_236' title='bbox 99 2444 184 2508; x_wconf 84' lang='lat' dir='ltr'>Stoici</span> <span class='ocrx_word' id='word_1_237' title='bbox 210 2447 321 2510; x_wconf 82' lang='lat' dir='ltr'>caleat</span> <span class='ocrx_word' id='word_1_238' title='bbox 342 2446 438 2508; x_wconf 79' lang='lat' dir='ltr'>licam</span> <span class='ocrx_word' id='word_1_239' title='bbox 466 2451 509 2509; x_wconf 86' lang='lat' dir='ltr'>sic</span> <span class='ocrx_word' id='word_1_240' title='bbox 535 2463 594 2527; x_wconf 88' lang='lat' dir='ltr'>per</span> <span class='ocrx_word' id='word_1_241' title='bbox 620 2451 779 2509; x_wconf 87' lang='lat' dir='ltr'>materiam</span> <span class='ocrx_word' id='word_1_242' title='bbox 802 2449 982 2515; x_wconf 78' lang='lat' dir='ltr'>decurrisse,</span> <span class='ocrx_word' id='word_1_243' title='bbox 1011 2449 1156 2524; x_wconf 75' lang='lat' dir='ltr'>quomoda</span> <span class='ocrx_word' id='word_1_244' title='bbox 1177 2445 1237 2506; x_wconf 84' lang='lat' dir='ltr'>mel</span> <span class='ocrx_word' id='word_1_245' title='bbox 1255 2463 1315 2524; x_wconf 88' lang='lat' dir='ltr'>per</span> 
     </span>
     <span class='ocr_line' id='line_1_26' title="bbox 97 2528 1313 2609; baseline 0.001 -20"><span class='ocrx_word' id='word_1_246' title='bbox 97 2531 176 2606; x_wconf 79' lang='lat' dir='ltr'>sacas</span> <span class='ocrx_word' id='word_1_247' title='bbox 205 2529 393 2602; x_wconf 86' lang='lat' dir='ltr'>(Tertullian.</span> <span class='ocrx_word' id='word_1_248' title='bbox 415 2529 466 2591; x_wconf 92' lang='lat' dir='ltr'>lib.</span> <span class='ocrx_word' id='word_1_249' title='bbox 489 2531 553 2592; x_wconf 86' lang='lat' dir='ltr'>ada.</span> <span class='ocrx_word' id='word_1_250' title='bbox 578 2531 755 2609; x_wconf 89' lang='lat' dir='ltr'>llermogen.</span> <span class='ocrx_word' id='word_1_251' title='bbox 778 2548 841 2608; x_wconf 91' lang='lat' dir='ltr'>cap.</span> <span class='ocrx_word' id='word_1_252' title='bbox 865 2534 940 2604; x_wconf 66' lang='lat' dir='ltr'>ab).</span> <span class='ocrx_word' id='word_1_253' title='bbox 983 2528 1233 2590; x_wconf 86' lang='lat' dir='ltr'>Contradictianis</span> <span class='ocrx_word' id='word_1_254' title='bbox 1256 2531 1313 2590; x_wconf 87' lang='lat' dir='ltr'>iu-</span> 
     </span>
     <span class='ocr_line' id='line_1_27' title="bbox 97 2612 1314 2694; baseline 0.001 -21"><span class='ocrx_word' id='word_1_255' title='bbox 97 2631 147 2690; x_wconf 82' lang='lat' dir='ltr'>qne</span> <span class='ocrx_word' id='word_1_256' title='bbox 174 2616 285 2694; x_wconf 88' lang='lat' dir='ltr'>potius,</span> <span class='ocrx_word' id='word_1_257' title='bbox 315 2633 402 2694; x_wconf 90' lang='lat' dir='ltr'>qnam</span> <span class='ocrx_word' id='word_1_258' title='bbox 432 2614 590 2676; x_wconf 76' lang='lat' dir='ltr'>oblivionis</span> <span class='ocrx_word' id='word_1_259' title='bbox 619 2625 669 2676; x_wconf 91' lang='lat' dir='ltr'>aut</span> <span class='ocrx_word' id='word_1_260' title='bbox 697 2614 879 2694; x_wconf 87' lang='lat' dir='ltr'>ignorantiae</span> <span class='ocrx_word' id='word_1_261' title='bbox 907 2612 1072 2675; x_wconf 88' lang='lat' dir='ltr'>insimulari</span> <span class='ocrx_word' id='word_1_262' title='bbox 1100 2613 1210 2674; x_wconf 89' lang='lat' dir='ltr'>debuit.</span> <span class='ocrx_word' id='word_1_263' title='bbox 1255 2613 1314 2674; x_wconf 85' lang='lat' dir='ltr'>Sed</span> 
     </span>
     <span class='ocr_line' id='line_1_28' title="bbox 98 2697 1313 2779; baseline -0.001 -22"><span class='ocrx_word' id='word_1_264' title='bbox 98 2699 218 2760; x_wconf 88' lang='lat' dir='ltr'>maiores</span> <span class='ocrx_word' id='word_1_265' title='bbox 240 2699 436 2779; x_wconf 90' lang='lat' dir='ltr'>proculdubio</span> <span class='ocrx_word' id='word_1_266' title='bbox 459 2707 544 2760; x_wconf 88' lang='lat' dir='ltr'>erant</span> <span class='ocrx_word' id='word_1_267' title='bbox 577 2699 744 2760; x_wconf 90' lang='lat' dir='ltr'>Stoicorum</span> <span class='ocrx_word' id='word_1_268' title='bbox 778 2717 865 2775; x_wconf 84' lang='lat' dir='ltr'>quam</span> <span class='ocrx_word' id='word_1_269' title='bbox 888 2697 1062 2759; x_wconf 80' lang='lat' dir='ltr'>Tertulliani</span> <span class='ocrx_word' id='word_1_270' title='bbox 1092 2697 1313 2774; x_wconf 83' lang='lat' dir='ltr'>repugnantiae,</span> 
     </span>
     <span class='ocr_line' id='line_1_29' title="bbox 98 2779 1314 2862; baseline -0.003 -20"><span class='ocrx_word' id='word_1_271' title='bbox 98 2801 162 2862; x_wconf 86' lang='lat' dir='ltr'>quas</span> <span class='ocrx_word' id='word_1_272' title='bbox 183 2784 361 2845; x_wconf 86' lang='lat' dir='ltr'>Plutarchus</span> <span class='ocrx_word' id='word_1_273' title='bbox 389 2783 512 2862; x_wconf 83' lang='lat' dir='ltr'>integris</span> <span class='ocrx_word' id='word_1_274' title='bbox 540 2784 569 2844; x_wconf 92' lang='lat' dir='ltr'>in</span> <span class='ocrx_word' id='word_1_275' title='bbox 599 2783 681 2844; x_wconf 90' lang='lat' dir='ltr'>libris</span> <span class='ocrx_word' id='word_1_276' title='bbox 706 2781 843 2862; x_wconf 81' lang='lat' dir='ltr'>patelacit</span> <span class='ocrx_word' id='word_1_277' title='bbox 871 2799 986 2859; x_wconf 87' lang='lat' dir='ltr'>nosque</span> <span class='ocrx_word' id='word_1_278' title='bbox 1019 2779 1125 2840; x_wconf 87' lang='lat' dir='ltr'>alicubi</span> <span class='ocrx_word' id='word_1_279' title='bbox 1146 2780 1314 2839; x_wconf 81' lang='lat' dir='ltr'>natavimus</span> 
     </span>
     <span class='ocr_line' id='line_1_30' title="bbox 98 2862 1314 2946; baseline -0.003 -21"><span class='ocrx_word' id='word_1_280' title='bbox 98 2866 255 2936; x_wconf 76' lang='lat' dir='ltr'>(dissertat.</span> <span class='ocrx_word' id='word_1_281' title='bbox 279 2868 309 2928; x_wconf 94' lang='lat' dir='ltr'>in</span> <span class='ocrx_word' id='word_1_282' title='bbox 332 2868 463 2928; x_wconf 83' lang='lat' dir='ltr'>Lactmrt.</span> <span class='ocrx_word' id='word_1_283' title='bbox 487 2863 632 2946; x_wconf 78' lang='lat' dir='ltr'>Cap.&#39;2l.</span> <span class='ocrx_word' id='word_1_284' title='bbox 655 2869 716 2927; x_wconf 77' lang='lat' dir='ltr'>Art.</span> <span class='ocrx_word' id='word_1_285' title='bbox 739 2869 793 2940; x_wconf 75' lang='lat'>2).</span> <span class='ocrx_word' id='word_1_286' title='bbox 838 2865 943 2924; x_wconf 89' lang='lat' dir='ltr'>Nonne</span> <span class='ocrx_word' id='word_1_287' title='bbox 971 2881 1042 2942; x_wconf 90' lang='lat' dir='ltr'>ergo</span> <span class='ocrx_word' id='word_1_288' title='bbox 1075 2863 1191 2924; x_wconf 92' lang='lat' dir='ltr'>illorum</span> <span class='ocrx_word' id='word_1_289' title='bbox 1214 2862 1314 2940; x_wconf 89' lang='lat' dir='ltr'>patius</span> 
     </span>
    </p>
   </div>
   <div class='ocr_carea' id='block_1_5' title="bbox 97 2947 1335 4620">
    <p class='ocr_par' dir='ltr' id='par_1_5' title="bbox 98 2947 881 3031">
     <span class='ocr_line' id='line_1_31' title="bbox 98 2947 881 3031; baseline -0.004 -21"><span class='ocrx_word' id='word_1_290' title='bbox 98 2969 177 3028; x_wconf 83' lang='lat' dir='ltr'>quam</span> <span class='ocrx_word' id='word_1_291' title='bbox 199 2953 289 3014; x_wconf 88' lang='lat' dir='ltr'>buius</span> <span class='ocrx_word' id='word_1_292' title='bbox 312 2952 515 3031; x_wconf 83' lang='lat' dir='ltr'>repugnantiis</span> <span class='ocrx_word' id='word_1_293' title='bbox 538 2953 566 3011; x_wconf 93' lang='lat' dir='ltr'>id</span> <span class='ocrx_word' id='word_1_294' title='bbox 590 2950 717 3012; x_wconf 88' lang='lat' dir='ltr'>adscribi</span> <span class='ocrx_word' id='word_1_295' title='bbox 740 2947 881 3028; x_wconf 90' lang='lat' dir='ltr'>poterat?</span> 
     </span>
    </p>

    <p class='ocr_par' dir='ltr' id='par_1_6' title="bbox 97 3027 1335 4620">
     <span class='ocr_line' id='line_1_32' title="bbox 175 3027 1335 3113; baseline -0.009 -15"><span class='ocrx_word' id='word_1_296' title='bbox 175 3037 254 3109; x_wconf 84' lang='lat' dir='ltr'>Quid</span> <span class='ocrx_word' id='word_1_297' title='bbox 283 3050 366 3107; x_wconf 86' lang='lat' dir='ltr'>aero,</span> <span class='ocrx_word' id='word_1_298' title='bbox 396 3035 421 3095; x_wconf 87' lang='lat' dir='ltr'>si</span> <span class='ocrx_word' id='word_1_299' title='bbox 445 3037 559 3098; x_wconf 85' lang='lat' dir='ltr'>Seneca</span> <span class='ocrx_word' id='word_1_300' title='bbox 582 3043 611 3095; x_wconf 86' lang='lat' dir='ltr'>et</span> <span class='ocrx_word' id='word_1_301' title='bbox 633 3036 698 3113; x_wconf 86' lang='lat' dir='ltr'>ipse</span> <span class='ocrx_word' id='word_1_302' title='bbox 722 3033 839 3092; x_wconf 91' lang='lat' dir='ltr'>Stoicus</span> <span class='ocrx_word' id='word_1_303' title='bbox 870 3031 945 3090; x_wconf 90' lang='lat' dir='ltr'>banc</span> <span class='ocrx_word' id='word_1_304' title='bbox 969 3029 1231 3090; x_wconf 87' lang='lat' dir='ltr'>contradictionem</span> <span class='ocrx_word' id='word_1_305' title='bbox 1254 3027 1335 3088; x_wconf 88' lang='lat' dir='ltr'>tol·-</span> 
     </span>
     <span class='ocr_line' id='line_1_33' title="bbox 97 3111 1316 3198; baseline -0.003 -23"><span class='ocrx_word' id='word_1_306' title='bbox 97 3117 168 3180; x_wconf 84' lang='lat' dir='ltr'>lendi</span> <span class='ocrx_word' id='word_1_307' title='bbox 190 3120 279 3182; x_wconf 92' lang='lat' dir='ltr'>nobis</span> <span class='ocrx_word' id='word_1_308' title='bbox 301 3119 446 3181; x_wconf 89' lang='lat' dir='ltr'>rationem</span> <span class='ocrx_word' id='word_1_309' title='bbox 469 3117 623 3198; x_wconf 75' lang='lat' dir='ltr'>suggerit?</span> <span class='ocrx_word' id='word_1_310' title='bbox 654 3119 695 3178; x_wconf 84' lang='lat' dir='ltr'>lle</span> <span class='ocrx_word' id='word_1_311' title='bbox 718 3118 780 3177; x_wconf 87' lang='lat' dir='ltr'>Deo</span> <span class='ocrx_word' id='word_1_312' title='bbox 803 3115 948 3193; x_wconf 85' lang='lat' dir='ltr'>siquidem</span> <span class='ocrx_word' id='word_1_313' title='bbox 971 3115 1050 3174; x_wconf 91' lang='lat' dir='ltr'>hunc</span> <span class='ocrx_word' id='word_1_314' title='bbox 1071 3113 1119 3173; x_wconf 88' lang='lat' dir='ltr'>ille</span> <span class='ocrx_word' id='word_1_315' title='bbox 1141 3112 1264 3173; x_wconf 87' lang='lat' dir='ltr'>disserit</span> <span class='ocrx_word' id='word_1_316' title='bbox 1285 3111 1316 3172; x_wconf 91' lang='lat' dir='ltr'>in</span> 
     </span>
     <span class='ocr_line' id='line_1_34' title="bbox 97 3195 1317 3277; baseline -0.004 -15"><span class='ocrx_word' id='word_1_317' title='bbox 97 3205 227 3265; x_wconf 88' lang='lat' dir='ltr'>modum:</span> <span class='ocrx_word' id='word_1_318' title='bbox 267 3205 350 3277; x_wconf 85' lang='lat' dir='ltr'>Quid</span> <span class='ocrx_word' id='word_1_319' title='bbox 377 3215 421 3265; x_wconf 86' lang='lat' dir='ltr'>eet</span> <span class='ocrx_word' id='word_1_320' title='bbox 445 3203 551 3266; x_wconf 77' lang='lat' dir='ltr'>Paua?</span> <span class='ocrx_word' id='word_1_321' title='bbox 595 3201 677 3264; x_wconf 86' lang='lat' dir='ltr'>Meus</span> <span class='ocrx_word' id='word_1_322' title='bbox 705 3205 853 3263; x_wconf 83' lang='lat' dir='ltr'>reuioersi.</span> <span class='ocrx_word' id='word_1_323' title='bbox 902 3200 983 3272; x_wconf 83' lang='lat' dir='ltr'>Quid</span> <span class='ocrx_word' id='word_1_324' title='bbox 1004 3209 1050 3260; x_wconf 88' lang='lat' dir='ltr'>eat</span> <span class='ocrx_word' id='word_1_325' title='bbox 1071 3195 1181 3259; x_wconf 74' lang='lat' dir='ltr'>Deua?</span> <span class='ocrx_word' id='word_1_326' title='bbox 1227 3197 1317 3269; x_wconf 88' lang='lat' dir='ltr'>Quod</span> 
     </span>
     <span class='ocr_line' id='line_1_35' title="bbox 97 3280 1319 3369; baseline -0.004 -23"><span class='ocrx_word' id='word_1_327' title='bbox 97 3289 171 3350; x_wconf 83' lang='lat' dir='ltr'>eides</span> <span class='ocrx_word' id='word_1_328' title='bbox 194 3301 291 3352; x_wconf 80' lang='lat' dir='ltr'>tatum</span> <span class='ocrx_word' id='word_1_329' title='bbox 313 3289 526 3369; x_wconf 83' lang='lat' dir='ltr'>etquodnam</span> <span class='ocrx_word' id='word_1_330' title='bbox 548 3290 629 3350; x_wconf 88' lang='lat' dir='ltr'>uides</span> <span class='ocrx_word' id='word_1_331' title='bbox 653 3299 757 3350; x_wconf 88' lang='lat' dir='ltr'>totum.</span> <span class='ocrx_word' id='word_1_332' title='bbox 789 3285 840 3346; x_wconf 85' lang='lat' dir='ltr'>Sic</span> <span class='ocrx_word' id='word_1_333' title='bbox 862 3285 975 3346; x_wconf 88' lang='lat' dir='ltr'>demum</span> <span class='ocrx_word' id='word_1_334' title='bbox 997 3284 1172 3361; x_wconf 77' lang='lat' dir='ltr'>magnitudo</span> <span class='ocrx_word' id='word_1_335' title='bbox 1195 3300 1253 3342; x_wconf 86' lang='lat' dir='ltr'>sua</span> <span class='ocrx_word' id='word_1_336' title='bbox 1267 3280 1319 3342; x_wconf 90' lang='lat' dir='ltr'>illi</span> 
     </span>
     <span class='ocr_line' id='line_1_36' title="bbox 98 3366 1315 3454; baseline -0.005 -23"><span class='ocrx_word' id='word_1_337' title='bbox 98 3375 240 3444; x_wconf 87' lang='lat' dir='ltr'>redditur,</span> <span class='ocrx_word' id='word_1_338' title='bbox 262 3391 322 3454; x_wconf 79' lang='lat' dir='ltr'>quo</span> <span class='ocrx_word' id='word_1_339' title='bbox 344 3372 424 3434; x_wconf 82' lang='lat' dir='ltr'>uibil</span> <span class='ocrx_word' id='word_1_340' title='bbox 443 3377 542 3434; x_wconf 84' lang='lat' dir='ltr'>maius</span> <span class='ocrx_word' id='word_1_341' title='bbox 565 3376 734 3452; x_wconf 79' lang='lat' dir='ltr'>eacopitari</span> <span class='ocrx_word' id='word_1_342' title='bbox 750 3379 861 3450; x_wconf 84' lang='lat' dir='ltr'>potest,</span> <span class='ocrx_word' id='word_1_343' title='bbox 885 3367 1012 3428; x_wconf 86' lang='lat' dir='ltr'>se&#39;solus</span> <span class='ocrx_word' id='word_1_344' title='bbox 1028 3377 1082 3428; x_wconf 87' lang='lat' dir='ltr'>eat.</span> <span class='ocrx_word' id='word_1_345' title='bbox 1116 3366 1224 3454; x_wconf 60' lang='lat' dir='ltr'>Quia</span> <span class='ocrx_word' id='word_1_346' title='bbox 1240 3383 1315 3444; x_wconf 82' lang='lat' dir='ltr'>opaea</span> 
     </span>
     <span class='ocr_line' id='line_1_37' title="bbox 99 3449 1314 3533; baseline -0.005 -18"><span class='ocrx_word' id='word_1_347' title='bbox 99 3475 180 3518; x_wconf 82' lang='lat' dir='ltr'>arerem</span> <span class='ocrx_word' id='word_1_348' title='bbox 203 3468 232 3518; x_wconf 92' lang='lat' dir='ltr'>et</span> <span class='ocrx_word' id='word_1_349' title='bbox 251 3462 338 3518; x_wconf 83' lang='lat' dir='ltr'>iutra</span> <span class='ocrx_word' id='word_1_350' title='bbox 361 3469 389 3518; x_wconf 84' lang='lat' dir='ltr'>at</span> <span class='ocrx_word' id='word_1_351' title='bbox 411 3468 501 3518; x_wconf 74' lang='lat' dir='ltr'>extra</span> <span class='ocrx_word' id='word_1_352' title='bbox 524 3467 603 3518; x_wconf 87' lang='lat' dir='ltr'>tenet</span> <span class='ocrx_word' id='word_1_353' title='bbox 632 3457 749 3526; x_wconf 82' lang='lat' dir='ltr'>(Senec.</span> <span class='ocrx_word' id='word_1_354' title='bbox 773 3454 895 3533; x_wconf 83' lang='lat' dir='ltr'>praelat</span> <span class='ocrx_word' id='word_1_355' title='bbox 907 3451 969 3532; x_wconf 77' lang='lat' dir='ltr'>,tiu</span> <span class='ocrx_word' id='word_1_356' title='bbox 992 3452 1015 3511; x_wconf 95' lang='lat' dir='ltr'>l.</span> <span class='ocrx_word' id='word_1_357' title='bbox 1039 3449 1168 3512; x_wconf 87' lang='lat' dir='ltr'>Natural.</span> <span class='ocrx_word' id='word_1_358' title='bbox 1193 3451 1314 3522; x_wconf 81' lang='lat' dir='ltr'>Quaest.</span> 
     </span>
     <span class='ocr_line' id='line_1_38' title="bbox 99 3535 1318 3618; baseline -0.011 -13"><span class='ocrx_word' id='word_1_359' title='bbox 99 3557 123 3618; x_wconf 84' lang='lat' dir='ltr'>p·</span> <span class='ocrx_word' id='word_1_360' title='bbox 145 3544 240 3614; x_wconf 71' lang='lat' dir='ltr'>aaut.</span> <span class='ocrx_word' id='word_1_361' title='bbox 284 3541 391 3601; x_wconf 89' lang='lat' dir='ltr'>Nonne</span> <span class='ocrx_word' id='word_1_362' title='bbox 419 3541 497 3601; x_wconf 94' lang='lat' dir='ltr'>enim</span> <span class='ocrx_word' id='word_1_363' title='bbox 526 3541 572 3602; x_wconf 92' lang='lat' dir='ltr'>bis</span> <span class='ocrx_word' id='word_1_364' title='bbox 601 3539 699 3600; x_wconf 85' lang='lat' dir='ltr'>verbis</span> <span class='ocrx_word' id='word_1_365' title='bbox 729 3537 873 3618; x_wconf 82' lang='lat' dir='ltr'>significat</span> <span class='ocrx_word' id='word_1_366' title='bbox 896 3535 986 3597; x_wconf 83' lang='lat' dir='ltr'>lleum</span> <span class='ocrx_word' id='word_1_367' title='bbox 1016 3544 1045 3595; x_wconf 92' lang='lat' dir='ltr'>et</span> <span class='ocrx_word' id='word_1_368' title='bbox 1073 3535 1149 3595; x_wconf 92' lang='lat' dir='ltr'>intra</span> <span class='ocrx_word' id='word_1_369' title='bbox 1178 3539 1207 3593; x_wconf 88' lang='lat' dir='ltr'>et</span> <span class='ocrx_word' id='word_1_370' title='bbox 1235 3539 1318 3592; x_wconf 82' lang='lat' dir='ltr'>extra</span> 
     </span>
     <span class='ocr_line' id='line_1_39' title="bbox 100 3614 1314 3707; baseline -0.007 -25"><span class='ocrx_word' id='word_1_371' title='bbox 100 3625 232 3686; x_wconf 89' lang='lat' dir='ltr'>mundum</span> <span class='ocrx_word' id='word_1_372' title='bbox 255 3645 336 3698; x_wconf 88' lang='lat' dir='ltr'>esse,</span> <span class='ocrx_word' id='word_1_373' title='bbox 359 3625 427 3704; x_wconf 86' lang='lat' dir='ltr'>quia</span> <span class='ocrx_word' id='word_1_374' title='bbox 450 3625 530 3685; x_wconf 93' lang='lat' dir='ltr'>omni</span> <span class='ocrx_word' id='word_1_375' title='bbox 554 3642 644 3703; x_wconf 89' lang='lat' dir='ltr'>opere</span> <span class='ocrx_word' id='word_1_376' title='bbox 666 3643 722 3686; x_wconf 87' lang='lat' dir='ltr'>suo</span> <span class='ocrx_word' id='word_1_377' title='bbox 746 3623 842 3683; x_wconf 88' lang='lat' dir='ltr'>maior</span> <span class='ocrx_word' id='word_1_378' title='bbox 863 3619 933 3681; x_wconf 87' lang='lat' dir='ltr'>est?</span> <span class='ocrx_word' id='word_1_379' title='bbox 976 3621 1013 3680; x_wconf 72' lang='lat' dir='ltr'>dt</span> <span class='ocrx_word' id='word_1_380' title='bbox 1036 3619 1062 3678; x_wconf 92' lang='lat' dir='ltr'>si</span> <span class='ocrx_word' id='word_1_381' title='bbox 1085 3619 1132 3678; x_wconf 90' lang='lat' dir='ltr'>illa</span> <span class='ocrx_word' id='word_1_382' title='bbox 1155 3617 1209 3677; x_wconf 85' lang='lat' dir='ltr'>luit</span> <span class='ocrx_word' id='word_1_383' title='bbox 1231 3614 1314 3707; x_wconf 59' lang='lat' dir='ltr'>Stoi7</span> 
     </span>
     <span class='ocr_line' id='line_1_40' title="bbox 99 3701 1316 3793; baseline -0.011 -25"><span class='ocrx_word' id='word_1_384' title='bbox 99 3727 194 3770; x_wconf 90' lang='lat' dir='ltr'>corum</span> <span class='ocrx_word' id='word_1_385' title='bbox 218 3710 330 3788; x_wconf 90' lang='lat' dir='ltr'>opinio,</span> <span class='ocrx_word' id='word_1_386' title='bbox 359 3710 435 3769; x_wconf 90' lang='lat' dir='ltr'>dnae</span> <span class='ocrx_word' id='word_1_387' title='bbox 457 3711 576 3770; x_wconf 84' lang='lat' dir='ltr'>inerunt</span> <span class='ocrx_word' id='word_1_388' title='bbox 598 3709 732 3769; x_wconf 86' lang='lat' dir='ltr'>eiusdem</span> <span class='ocrx_word' id='word_1_389' title='bbox 755 3705 905 3785; x_wconf 89' lang='lat' dir='ltr'>opinionis</span> <span class='ocrx_word' id='word_1_390' title='bbox 928 3713 1038 3782; x_wconf 88' lang='lat' dir='ltr'>partes.</span> <span class='ocrx_word' id='word_1_391' title='bbox 1084 3701 1162 3774; x_wconf 82' lang='lat' dir='ltr'>Quid</span> <span class='ocrx_word' id='word_1_392' title='bbox 1184 3716 1266 3793; x_wconf 76' lang='lat' dir='ltr'>orgo,</span> <span class='ocrx_word' id='word_1_393' title='bbox 1290 3715 1316 3756; x_wconf 87' lang='lat' dir='ltr'>sr</span> 
     </span>
     <span class='ocr_line' id='line_1_41' title="bbox 99 3786 1315 3872; baseline -0.009 -23"><span class='ocrx_word' id='word_1_394' title='bbox 99 3791 288 3854; x_wconf 88' lang='lat' dir='ltr'>Tertullianus</span> <span class='ocrx_word' id='word_1_395' title='bbox 317 3793 406 3854; x_wconf 89' lang='lat' dir='ltr'>unius</span> <span class='ocrx_word' id='word_1_396' title='bbox 429 3802 542 3854; x_wconf 90' lang='lat' dir='ltr'>tantum</span> <span class='ocrx_word' id='word_1_397' title='bbox 563 3791 655 3872; x_wconf 89' lang='lat' dir='ltr'>partis</span> <span class='ocrx_word' id='word_1_398' title='bbox 677 3789 855 3860; x_wconf 89' lang='lat' dir='ltr'>meminerit,</span> <span class='ocrx_word' id='word_1_399' title='bbox 886 3796 918 3848; x_wconf 92' lang='lat' dir='ltr'>nt</span> <span class='ocrx_word' id='word_1_400' title='bbox 939 3788 1056 3849; x_wconf 88' lang='lat' dir='ltr'>Stoicos</span> <span class='ocrx_word' id='word_1_401' title='bbox 1078 3786 1236 3846; x_wconf 77' lang='lat' dir='ltr'>Platonicis</span> <span class='ocrx_word' id='word_1_402' title='bbox 1259 3797 1315 3857; x_wconf 89' lang='lat' dir='ltr'>op-</span> 
     </span>
     <span class='ocr_line' id='line_1_42' title="bbox 99 3875 1296 3957; baseline -0.016 -18"><span class='ocrx_word' id='word_1_403' title='bbox 99 3875 239 3954; x_wconf 80' lang='lat' dir='ltr'>poneret?</span> <span class='ocrx_word' id='word_1_404' title='bbox 1182 3901 1197 3920; x_wconf 63' lang='grc'>,</span> <span class='ocrx_word' id='word_1_405' title='bbox 1291 3945 1296 3957; x_wconf 30' lang='lat'><em>¹</em></span> 
     </span>
     <span class='ocr_line' id='line_1_43' title="bbox 177 3951 1317 4041; baseline -0.015 -19"><span class='ocrx_word' id='word_1_406' title='bbox 177 3961 272 4022; x_wconf 85' lang='lat' dir='ltr'>Obiici</span> <span class='ocrx_word' id='word_1_407' title='bbox 295 3969 395 4022; x_wconf 77' lang='lat' dir='ltr'>manen</span> <span class='ocrx_word' id='word_1_408' title='bbox 418 3968 517 4041; x_wconf 90' lang='lat' dir='ltr'>potest</span> <span class='ocrx_word' id='word_1_409' title='bbox 538 3962 614 4022; x_wconf 92' lang='lat' dir='ltr'>banc</span> <span class='ocrx_word' id='word_1_410' title='bbox 636 3957 759 4018; x_wconf 86' lang='lat' dir='ltr'>eandem</span> <span class='ocrx_word' id='word_1_411' title='bbox 782 3956 955 4035; x_wconf 87' lang='lat' dir='ltr'>opinionem</span> <span class='ocrx_word' id='word_1_412' title='bbox 977 3953 1014 4014; x_wconf 91' lang='lat' dir='ltr'>ab</span> <span class='ocrx_word' id='word_1_413' title='bbox 1037 3953 1103 4031; x_wconf 91' lang='lat' dir='ltr'>ipso</span> <span class='ocrx_word' id='word_1_414' title='bbox 1126 3951 1238 4010; x_wconf 90' lang='lat' dir='ltr'>Seneca</span> <span class='ocrx_word' id='word_1_415' title='bbox 1260 3955 1317 4006; x_wconf 86' lang='lat' dir='ltr'>trt-</span> 
     </span>
     <span class='ocr_line' id='line_1_44' title="bbox 99 4032 1317 4124; baseline -0.009 -20"><span class='ocrx_word' id='word_1_416' title='bbox 99 4041 142 4104; x_wconf 90' lang='lat' dir='ltr'>bui</span> <span class='ocrx_word' id='word_1_417' title='bbox 164 4043 329 4124; x_wconf 81' lang='lat' dir='ltr'>Epicureis,</span> <span class='ocrx_word' id='word_1_418' title='bbox 358 4063 433 4124; x_wconf 88' lang='lat' dir='ltr'>quos</span> <span class='ocrx_word' id='word_1_419' title='bbox 461 4045 570 4106; x_wconf 89' lang='lat' dir='ltr'>idcirco</span> <span class='ocrx_word' id='word_1_420' title='bbox 592 4043 699 4104; x_wconf 89' lang='lat' dir='ltr'>acriter</span> <span class='ocrx_word' id='word_1_421' title='bbox 721 4040 845 4119; x_wconf 90' lang='lat' dir='ltr'>corripit</span> <span class='ocrx_word' id='word_1_422' title='bbox 866 4048 896 4102; x_wconf 90' lang='lat' dir='ltr'>et</span> <span class='ocrx_word' id='word_1_423' title='bbox 918 4039 1058 4115; x_wconf 85' lang='lat' dir='ltr'>exagitat:</span> <span class='ocrx_word' id='word_1_424' title='bbox 1098 4033 1148 4102; x_wconf 88' lang='lat' dir='ltr'>Tu,</span> <span class='ocrx_word' id='word_1_425' title='bbox 1177 4032 1317 4110; x_wconf 82' lang='lat' dir='ltr'>Epicure.</span> 
     </span>
     <span class='ocr_line' id='line_1_45' title="bbox 99 4125 1319 4206; baseline -0.007 -22"><span class='ocrx_word' id='word_1_426' title='bbox 99 4125 250 4206; x_wconf 82' lang='lat' dir='ltr'>inquiebat,</span> <span class='ocrx_word' id='word_1_427' title='bbox 284 4131 381 4191; x_wconf 78' lang='lat' dir='ltr'>ileum</span> <span class='ocrx_word' id='word_1_428' title='bbox 408 4133 552 4191; x_wconf 78' lang='lat' dir='ltr'>inermem</span> <span class='ocrx_word' id='word_1_429' title='bbox 579 4130 657 4206; x_wconf 76' lang='lat' dir='ltr'>sacia</span> <span class='ocrx_word' id='word_1_430' title='bbox 689 4171 695 4186; x_wconf 95' lang='lat'>.</span> <span class='ocrx_word' id='word_1_431' title='bbox 721 4169 729 4185; x_wconf 93' lang='lat'>.</span> <span class='ocrx_word' id='word_1_432' title='bbox 754 4169 762 4184; x_wconf 92' lang='lat'>.</span> <span class='ocrx_word' id='word_1_433' title='bbox 788 4169 795 4184; x_wconf 91' lang='lat'>.</span> <span class='ocrx_word' id='word_1_434' title='bbox 823 4127 980 4203; x_wconf 84' lang='lat' dir='ltr'>proiecisti</span> <span class='ocrx_word' id='word_1_435' title='bbox 1006 4137 1073 4181; x_wconf 79' lang='lat' dir='ltr'>erem</span> <span class='ocrx_word' id='word_1_436' title='bbox 1095 4127 1185 4179; x_wconf 79' lang='lat' dir='ltr'>entra</span> <span class='ocrx_word' id='word_1_437' title='bbox 1207 4125 1319 4177; x_wconf 79' lang='lat' dir='ltr'>metum</span> 
     </span>
     <span class='ocr_line' id='line_1_46' title="bbox 99 4200 1319 4292; baseline -0.008 -23"><span class='ocrx_word' id='word_1_438' title='bbox 99 4211 153 4278; x_wconf 80' lang='lat' dir='ltr'>(alii</span> <span class='ocrx_word' id='word_1_439' title='bbox 180 4212 252 4292; x_wconf 78' lang='lat' dir='ltr'>lagi,</span> <span class='ocrx_word' id='word_1_440' title='bbox 267 4213 371 4276; x_wconf 88' lang='lat' dir='ltr'>rolant</span> <span class='ocrx_word' id='word_1_441' title='bbox 398 4223 489 4274; x_wconf 81' lang='lat' dir='ltr'>emtra</span> <span class='ocrx_word' id='word_1_442' title='bbox 509 4211 643 4290; x_wconf 79' lang='lat' dir='ltr'>metam).</span> <span class='ocrx_word' id='word_1_443' title='bbox 688 4209 777 4270; x_wconf 82' lang='lat' dir='ltr'>Hetac</span> <span class='ocrx_word' id='word_1_444' title='bbox 798 4213 893 4287; x_wconf 79' lang='lat' dir='ltr'>igitur</span> <span class='ocrx_word' id='word_1_445' title='bbox 915 4217 1032 4285; x_wconf 87' lang='lat' dir='ltr'>septum</span> <span class='ocrx_word' id='word_1_446' title='bbox 1053 4206 1170 4282; x_wconf 80' lang='lat' dir='ltr'>iugeati</span> <span class='ocrx_word' id='word_1_447' title='bbox 1190 4200 1319 4282; x_wconf 81' lang='lat' dir='ltr'>quadam</span> 
     </span>
     <span class='ocr_line' id='line_1_47' title="bbox 98 4283 1320 4375; baseline -0.011 -18"><span class='ocrx_word' id='word_1_448' title='bbox 98 4305 125 4354; x_wconf 85' lang='lat' dir='ltr'>et</span> <span class='ocrx_word' id='word_1_449' title='bbox 144 4297 354 4375; x_wconf 75' lang='lat' dir='ltr'>implicabili</span> <span class='ocrx_word' id='word_1_450' title='bbox 375 4314 464 4358; x_wconf 86' lang='lat' dir='ltr'>muro</span> <span class='ocrx_word' id='word_1_451' title='bbox 486 4299 672 4375; x_wconf 80' lang='lat' dir='ltr'>diuisamque</span> <span class='ocrx_word' id='word_1_452' title='bbox 694 4295 729 4355; x_wconf 88' lang='lat' dir='ltr'>de</span> <span class='ocrx_word' id='word_1_453' title='bbox 750 4303 889 4354; x_wconf 87' lang='lat' dir='ltr'>coatactu</span> <span class='ocrx_word' id='word_1_454' title='bbox 911 4302 939 4352; x_wconf 87' lang='lat' dir='ltr'>et</span> <span class='ocrx_word' id='word_1_455' title='bbox 961 4296 1122 4367; x_wconf 82' lang='lat' dir='ltr'>conspectu</span> <span class='ocrx_word' id='word_1_456' title='bbox 1142 4283 1320 4346; x_wconf 84' lang='lat' dir='ltr'>mortalium</span> 
     </span>
     <span class='ocr_line' id='line_1_48' title="bbox 98 4370 1319 4461; baseline -0.011 -21"><span class='ocrx_word' id='word_1_457' title='bbox 98 4395 155 4439; x_wconf 80' lang='lat' dir='ltr'>aaa</span> <span class='ocrx_word' id='word_1_458' title='bbox 178 4379 266 4444; x_wconf 80' lang='lat' dir='ltr'>babes</span> <span class='ocrx_word' id='word_1_459' title='bbox 291 4399 385 4461; x_wconf 82' lang='lat' dir='ltr'>guare</span> <span class='ocrx_word' id='word_1_460' title='bbox 408 4385 551 4442; x_wconf 76' lang='lat' dir='ltr'>umeart&#39;s.</span> <span class='ocrx_word' id='word_1_461' title='bbox 596 4377 689 4441; x_wconf 80' lang='lat' dir='ltr'>Nullo</span> <span class='ocrx_word' id='word_1_462' title='bbox 711 4377 760 4438; x_wconf 84' lang='lat' dir='ltr'>tttt</span> <span class='ocrx_word' id='word_1_463' title='bbox 779 4395 833 4437; x_wconf 87' lang='lat' dir='ltr'>uec</span> <span class='ocrx_word' id='word_1_464' title='bbox 855 4375 1009 4437; x_wconf 81' lang='lat' dir='ltr'>tribrtmdi</span> <span class='ocrx_word' id='word_1_465' title='bbox 1028 4370 1232 4433; x_wconf 80' lang='lat' dir='ltr'>aeeuoceudi</span> <span class='ocrx_word' id='word_1_466' title='bbox 1251 4385 1319 4428; x_wconf 84' lang='lat' dir='ltr'>aaa·</span> 
     </span>
     <span class='ocr_line' id='line_1_49' title="bbox 98 4454 1319 4528; baseline -0.008 -8"><span class='ocrx_word' id='word_1_467' title='bbox 98 4467 171 4524; x_wconf 88' lang='lat' dir='ltr'>teria</span> <span class='ocrx_word' id='word_1_468' title='bbox 195 4475 248 4525; x_wconf 85' lang='lat' dir='ltr'>est.</span> <span class='ocrx_word' id='word_1_469' title='bbox 295 4465 331 4525; x_wconf 90' lang='lat' dir='ltr'>lu</span> <span class='ocrx_word' id='word_1_470' title='bbox 352 4466 450 4528; x_wconf 88' lang='lat' dir='ltr'>media</span> <span class='ocrx_word' id='word_1_471' title='bbox 472 4463 636 4526; x_wconf 82' lang='lat' dir='ltr'>interualla</span> <span class='ocrx_word' id='word_1_472' title='bbox 660 4463 750 4524; x_wconf 76' lang='lat' dir='ltr'>tutus</span> <span class='ocrx_word' id='word_1_473' title='bbox 773 4470 802 4521; x_wconf 91' lang='lat' dir='ltr'>et</span> <span class='ocrx_word' id='word_1_474' title='bbox 823 4459 953 4520; x_wconf 84' lang='lat' dir='ltr'>alterius</span> <span class='ocrx_word' id='word_1_475' title='bbox 976 4455 1053 4518; x_wconf 84' lang='lat' dir='ltr'>eaeli</span> <span class='ocrx_word' id='word_1_476' title='bbox 1074 4456 1221 4522; x_wconf 82' lang='lat' dir='ltr'>desertus,</span> <span class='ocrx_word' id='word_1_477' title='bbox 1254 4454 1319 4511; x_wconf 72' lang='lat' dir='ltr'>sebe</span> 
     </span>
     <span class='ocr_line' id='line_1_50' title="bbox 99 4539 1318 4620; baseline -0.013 -12"><span class='ocrx_word' id='word_1_478' title='bbox 99 4547 232 4618; x_wconf 66' lang='lat' dir='ltr'>mamati,</span> <span class='ocrx_word' id='word_1_479' title='bbox 254 4553 320 4610; x_wconf 81' lang='lat' dir='ltr'>riae</span> <span class='ocrx_word' id='word_1_480' title='bbox 343 4549 471 4619; x_wconf 81' lang='lat' dir='ltr'>lamiae,</span> <span class='ocrx_word' id='word_1_481' title='bbox 495 4551 560 4610; x_wconf 85' lang='lat' dir='ltr'>aiae</span> <span class='ocrx_word' id='word_1_482' title='bbox 583 4567 625 4619; x_wconf 91' lang='lat' dir='ltr'>re,</span> <span class='ocrx_word' id='word_1_483' title='bbox 660 4549 769 4608; x_wconf 78' lang='lat' dir='ltr'>ratum</span> <span class='ocrx_word' id='word_1_484' title='bbox 791 4543 974 4604; x_wconf 80' lang='lat' dir='ltr'>mundarum</span> <span class='ocrx_word' id='word_1_485' title='bbox 1006 4557 1156 4620; x_wconf 77' lang='lat' dir='ltr'>capraea</span> <span class='ocrx_word' id='word_1_486' title='bbox 1181 4539 1318 4613; x_wconf 77' lang='lat' dir='ltr'>circaque</span> 
     </span>
    </p>
   </div>
   <div class='ocr_carea' id='block_1_6' title="bbox 0 0 1576 5236">
    <p class='ocr_par' dir='ltr' id='par_1_7' title="bbox 0 0 1576 5236">
     <span class='ocr_line' id='line_1_51' title="bbox 0 0 1576 5236; baseline 0 0"><span class='ocrx_word' id='word_1_487' title='bbox 0 0 1576 5236; x_wconf 95' lang='lat' dir='ltr'> </span> 
     </span>
    </p>
   </div>
  </div>
 </body>
</html>
