3092 5234
197 393 201 402 ·
240 366 304 434 588
325 382 362 426 nn
377 377 451 422 rene
464 375 577 420 xnrrrn
592 374 627 421 rc
642 371 790 420 noemma
804 370 996 418 securene!
1010 369 1207 418 eunomiam
1221 369 1401 416 umrurnrxo

764 559 793 632 s.
819 553 947 616 xxxm.

329 676 422 741 Primi
443 673 562 755 generis
585 671 663 734 lraud
685 670 774 732 dubie
796 669 852 732 dici
874 678 975 750 potest
996 669 1071 730 liber
1092 668 1129 729 de
1146 668 1296 740 Oratione,
1328 668 1394 748 qui,
1418 667 1473 730 nisi

245 766 433 828 veliementer
454 757 548 830 fallor,
571 755 685 836 primus
708 763 756 816 est
776 755 908 816 omnium
923 751 1097 815 Tertulliani
1115 753 1165 832 qui
1180 760 1304 816 aetatem
1329 752 1473 822 tulerunt,

245 865 409 928 magnoque
431 841 562 904 omnium
584 857 745 911 consensu,
772 837 797 900 si
820 837 856 900 nb
878 837 1057 900 Hoffmanno
1080 836 1252 898 discesseris
1261 848 1282 909 ·,
1310 837 1404 898 cuius
1429 837 1471 896 in-

187 976 190 982 ,
244 940 354 996 tererat
376 926 475 990 omnia
496 921 669 986 Tertulliani
691 922 799 1002 scripta
821 921 858 984 ad
879 940 947 984 eum
961 920 1171 982 Montanistam
1186 921 1309 992 reterre,
1332 919 1367 980 in
1389 919 1473 982 libris

246 1015 382 1082 castioris
404 1009 556 1074 doctrinae
578 1013 758 1068 numeratur.
802 1005 897 1083 Atque
923 1004 948 1066 si
976 1005 1052 1065 lorte
1081 1012 1220 1082 suspecta
1248 1013 1295 1066 est
1316 1003 1399 1064 fides
1424 1003 1473 1063 lli-

244 1100 308 1164 larii
322 1092 527 1164 Pictaviensis‚
546 1091 596 1170 qui
611 1090 752 1168 scriptum
764 1089 843 1166 huuc
856 1088 988 1150 libellum
1001 1097 1069 1148 ante
1084 1087 1254 1150 Tertxdliani
1273 1086 1474 1150 deiectionem

244 1203 305 1245 non
329 1181 455 1242 obscure
478 1175 637 1254 significat,
660 1181 757 1236 tamen
779 1173 810 1233 in
832 1171 921 1234 libro·
935 1173 1000 1252 ipso
1031 1179 1076 1232 tot
1103 1180 1173 1233 snut
1194 1179 1282 1232 nome
1304 1173 1473 1234 sententia-

244 1287 312 1331 rum
339 1265 522 1326 diversarum
551 1257 587 1320 ab
615 1257 663 1329 iic,
701 1274 775 1338 quas
802 1265 906 1335 postea
934 1255 966 1317 in
995 1254 1114 1332 scriptis
1143 1253 1295 1316 erroribus
1318 1255 1473 1316 llontani-

245 1359 356 1414 starum
379 1345 495 1410 insectis
528 1342 668 1413 defendit,
702 1349 734 1402 nt
767 1339 833 1400 libri
855 1340 943 1401 istius
966 1339 1099 1400 doctrina
1122 1339 1234 1399 nemini
1257 1339 1297 1398 sit
1319 1337 1359 1400 ad
1385 1359 1474 1418 repc-

244 1433 381 1498 riendum
409 1428 545 1500 difficilis,
579 1425 629 1506 qui
657 1440 838 1503 comparare
857 1431 1051 1503 umerumque
1081 1423 1243 1484 sententias
1271 1421 1355 1484 velit.
1407 1423 1476 1484 Nan

247 1518 374 1597 primum
397 1522 521 1592 quantae
543 1507 607 1570 hies
627 1517 698 1570 sunt
719 1507 821 1568 laudes
848 1507 947 1587 operis
969 1507 1096 1567 Hermae
1124 1505 1204 1584 quod
1226 1505 1337 1567 Pastor
1361 1507 1474 1568 inscri-

244 1602 335 1674 bitur,
371 1617 437 1660 cum
467 1592 712 1656 consuetudinem
739 1589 912 1652 considendi
940 1589 1022 1652 linita
1050 1589 1185 1650 oratione
1216 1589 1421 1651 observatum
1446 1591 1477 1651 ab

246 1685 353 1748 Herma
375 1699 436 1743 non
457 1696 558 1740 secum
585 1695 717 1756 pugnare
744 1674 885 1748 ostendit,
918 1674 997 1754 quod
1025 1675 1091 1752 [ere
1119 1677 1317 1754 scriptoram,
1349 1693 1400 1746 er,
1434 1680 1477 1746 (ne

225 1767 318 1830 ‘illud
352 1767 419 1844 sere
452 1762 567 1825 cuidam
594 1758 732 1822 invidiam
760 1765 880 1836 nostrae
908 1757 1073 1819 sententiae
1102 1766 1228 1834 moreat)
1255 1765 1368 1836 postea
1402 1765 1478 1820 scri·

243 1861 370 1932 proram
405 1865 531 1926 prorsus
567 1841 718 1924 appellat?
782 1841 869 1914 Quod
910 1841 1026 1902 tametsi
1061 1859 1122 1902 uon
1156 1841 1200 1902 sic
1235 1841 1375 1919 ceperim
1417 1862 1478 1904 cun

246 1933 426 1996 Muratoriot
448 1929 583 2008 aliisque,
606 1927 691 2006 quasi
713 1925 911 1988 Tertullianus
933 1925 1060 1986 Hermae
1081 1924 1173 1986 libros
1202 1926 1316 1986 referat
1337 1925 1373 1986 in
1399 1925 1478 1988 libris

245 2017 280 2079 N.
304 2018 339 2078 T.
362 2014 510 2078 canonicis
534 2011 677 2091 (loquitur
709 2010 787 2071 enim
818 2029 854 2070 ex
881 2029 965 2070 more
995 2008 1087 2086 magis
1115 2008 1359 2070 adversariorum
1394 2031 1477 2089 quarn

248 2109 333 2177 sno),
372 2108 469 2161 tamen
498 2115 559 2156 non
587 2095 749 2155 contemnit
770 2093 896 2154 Hermae
919 2093 1133 2166 auctoritatem,
1152 2087 1220 2152 ‘sed
1242 2092 1299 2153 sibi
1327 2095 1478 2164 concilim,

239 2186 334 2262 ¹longe
358 2200 445 2244 secus
474 2188 561 2258 atque
589 2178 618 2239 iu
648 2177 725 2239 libro
753 2175 790 2238 de
812 2175 954 2238 Pudicitia
981 2179 1018 2249 (c.
1045 2179 1082 2239 10
1105 2183 1135 2236 et
1155 2179 1231 2253 Tb),
1260 2176 1289 2236 in
1322 2195 1391 2255 quo
1424 2197 1478 2238 non

247 2267 336 2330 modo
358 2266 485 2326 llermae
507 2263 593 2324 allata
615 2260 758 2341 repudiat,
782 2261 835 2322 sed
857 2260 992 2340 spurium
1020 2259 1090 2321 illud
1114 2259 1250 2322 omuibus
1274 2264 1478 2322 consentien-

246 2351 325 2412 tibus
348 2347 490 2426 scripturu
513 2345 639 2424 appellat
667 2354 697 2406 et
723 2344 805 2405 illum
826 2343 1029 2406 moecbormO
1040 2343 1206 2405 Pastorem.
1262 2344 1358 2415 Quod
1386 2347 1477 2406 miror

246 2439 451 2512 argumentum
473 2431 609 2490 miratum
631 2429 662 2489 in
683 2428 788 2489 llixto
811 2427 904 2490 luisse
926 2427 1137 2510 Hoffmannum
1160 2420 1399 2502 existimantem,
1424 2449 1478 2490 non

247 2515 412 2595 exagitasse
434 2512 646 2574 Tertullianum
673 2512 703 2572 in
732 2521 837 2574 nostro
866 2509 964 2580 libello
987 2511 1111 2572 Hermae
1133 2509 1289 2572 Pastorem
1313 2523 1479 2592 propterea

247 2601 325 2682 quod
348 2598 404 2660 sibi
426 2597 551 2681 Hermae
575 2596 734 2657 auctoritas
763 2615 823 2656 non
852 2603 964 2656 mutum
993 2593 1158 2655 obstitisset
1186 2613 1271 2674 quam
1301 2603 1387 2670 tum,
1417 2617 1477 2658 cun

246 2689 379 2746 exararet
395 2681 507 2742 ‘librum
528 2679 564 2740 de
586 2679 737 2752 Pudicitia,
766 2697 855 2757 quare
877 2697 932 2740 nec
952 2678 1057 2740 luisset
1078 2696 1214 2750 neeesse,
1244 2687 1279 2739 ut
1307 2679 1380 2742 eius
1411 2700 1477 2759 pre

249 2767 320 2829 tium
349 2767 484 2828 elevaret.
528 2763 600 2826 Nam
624 2761 739 2826 etiamsi
768 2779 829 2822 non
856 2779 999 2840 negemus
1027 2762 1121 2840 magis
1152 2761 1354 2824 adversariam
1386 2767 1478 2825 luisse

248 2851 372 2914 Hermae
406 2849 624 2912 auctoritatem.
642 2845 823 2908 Tertulliano
853 2845 883 2905 in
913 2845 1002 2907 rebus
1034 2846 1082 2918 iis,
1120 2865 1243 2924 quarum
1275 2848 1402 2908 mentio
1438 2857 1477 2908 est

248 2935 354 2996 iniecta
377 2935 406 2995 in
427 2932 527 2994 libello
550 2931 587 2993 de
601 2930 754 3002 Pudicitia,
778 2929 841 2991 eius
863 2937 960 2990 tamen
983 2930 1020 2989 de
1035 2930 1143 2990 Herma
1165 2929 1304 2992 iudicium
1319 2929 1353 2990 in
1370 2943 1477 2993 nostro

247 3019 283 3080 de
306 3018 447 3080 Oratione
469 3015 544 3076 libro
568 3032 627 3076 nou
651 3015 747 3076 solum
770 3013 863 3075 multo
896 3023 943 3074 est
970 3012 1081 3084 mitius,
1111 3013 1165 3074 sed
1197 3013 1238 3074 ita
1267 3027 1478 3093 comparatum

246 3101 343 3174 etiam,
367 3107 399 3160 ut
420 3099 485 3180 ipse
497 3099 622 3159 llermae
644 3098 846 3160 auctoritatem
869 3115 930 3157 non
952 3097 1090 3159 universe
1112 3097 1310 3158 contemsisse
1330 3099 1478 3160 videatur.

244 3185 286 3247 lle
307 3184 376 3247 illud
398 3184 466 3263 sere
487 3187 653 3264 scripmro,
675 3181 753 3260 qnod
775 3182 833 3243 vim
855 3181 943 3243 huius
964 3179 1129 3259 argumenti
1158 3181 1290 3242 minuere
1313 3181 1479 3244 Hoffman-

245 3287 303 3332 nus
336 3265 514 3338 arbitratur,
552 3267 624 3327 satis
658 3273 705 3326 est
736 3265 773 3326 ab
809 3284 844 3325 eo
874 3265 974 3344 inepte
1002 3265 1176 3345 explicatum
1205 3265 1257 3338 sic,
1295 3275 1333 3328 ut
1363 3275 1479 3330 temere

245 3351 343 3415 dicere
354 3349 480 3410 voluerit
493 3349 715 3422 Tertullianum,
738 3367 847 3409 nomen
858 3349 990 3409 Pastoris
1005 3349 1131 3410 Hermae
1153 3349 1250 3410 libello
1263 3349 1398 3428 imponi,
1416 3371 1479 3414 cun

247 3433 319 3495 illud
347 3451 456 3496 nomen
485 3433 564 3494 nullo
592 3433 681 3494 modo
709 3440 874 3506 mereatum
910 3449 976 3493 nam
1005 3431 1075 3494 illud
1105 3435 1173 3512 fere
1196 3436 1367 3513 scripturo,
1403 3448 1480 3498 certe

247 3526 292 3580 est
314 3519 353 3580 ita
375 3517 605 3596 intelligendum,
627 3517 777 3578 Hermiani
800 3515 890 3577 libelli
912 3517 1116 3577 auctoritatem
1144 3518 1206 3578 lere
1228 3517 1358 3578 eandem
1394 3539 1480 3599 qnam

245 3621 398 3664 sacrorum
420 3601 563 3663 librorum
585 3601 691 3679 putari,
714 3602 793 3680 quod
815 3601 912 3678 ipsum
934 3619 969 3661 ex
993 3619 1029 3660 eo
1052 3609 1140 3680 patet,
1174 3601 1252 3680 quod
1276 3619 1346 3662 cunr
1371 3616 1481 3682 postea

244 3705 369 3766 prorsus
391 3691 577 3766 scripturum
605 3684 689 3757 dicat,
720 3703 815 3763 neque
842 3685 886 3745 sic
914 3703 991 3756 eum,
1020 3691 1053 3746 ut
1080 3684 1198 3764 opinor,
1227 3685 1432 3764 appellasset,
1460 3689 1482 3748 ri

245 3779 303 3834 tam
325 3770 383 3850 ipsi
407 3777 573 3830 contemtus
595 3769 721 3828 Hermas
744 3769 860 3840 luisset,
890 3785 976 3846 quam
1007 3776 1224 3848 erat-tempore
1247 3771 1427 3850 conscripti
1450 3774 1481 3833 de
1518 3823 1519 3828 ,

244 3853 386 3918 Pudicitia
408 3852 486 3914 libri.
533 3851 592 3912 Sed
615 3860 684 3913 sunt
706 3851 754 3912 bic
775 3851 862 3912 etiem
884 3851 939 3912 alia
962 3851 1133 3913 Tertulliani
1156 3853 1231 3913 diota
1254 3851 1392 3916 multum
1420 3857 1480 3916 dis-

244 3939 393 4018 crepantia
420 3936 456 3997 ab
488 3935 536 4009 iis,
559 3953 633 4016 quae
655 3935 686 3996 in
701 3935 785 3997 libris
797 3934 1011 3996 ltloutanisticis
1026 3936 1192 4015 proposuit,
1216 3955 1290 4014 quae
1306 3940 1481 4001 ostendunt

244 4021 417 4092 clarissime,
440 4027 503 4081 tum
522 4019 610 4098 longe
625 4019 710 4081 aliam
732 4019 825 4081 luisse
838 4018 1011 4080 Tertulliani
1034 4019 1217 4099 disciplinam
1240 4037 1332 4097 quam
1356 4035 1482 4102 postea.

245 4105 384 4167 Videlicet
407 4103 539 4164 sectione
563 4105 611 4168 18.
636 4107 678 4182 ip.
700 4105 751 4166 35.
775 4103 878 4163 llurat
907 4122 973 4164 cunr
1001 4103 1131 4183 disputat
1146 4103 1287 4164 adsersus
1312 4124 1388 4178 eos,
1423 4110 1482 4187 qul

245 4187 313 4249 dum
336 4207 370 4248 se
392 4188 457 4249 cibo
480 4187 678 4260 abstinebant,
700 4205 755 4248 nec
776 4186 850 4248 alios
874 4187 1009 4248 solebant
1031 4188 1132 4250 osculo
1162 4188 1298 4266 excipere
1322 4209 1411 4263 nore,
1435 4193 1481 4254 ait

244 4275 305 4332 ctat
325 4273 371 4332 dte
393 4270 533 4344 Pascbce,
557 4291 618 4358 quo
637 4275 800 4332 commuuio
824 4283 853 4333 et
881 4275 970 4350 pocot
992 4271 1116 4351 pcbb’cc
1144 4274 1250 4333 reram
1275 4271 1397 4354 religio
1432 4288 1483 4344 est,

279 4435 300 4470 e.
319 4419 442 4472 llissertat.
462 4425 524 4473 atat.
543 4420 568 4490 ἦ.
583 4423 626 4474 xt.
645 4439 669 4488 p.
689 4421 720 4473 37
739 4437 776 4486 sq.
843 4423 847 4440 '
882 4417 1246 4472 ebibliotbecoadmbrosiariae
1255 4423 1346 4474 codice
1355 4425 1484 4490 integrare

271 4487 294 4566 Ι1.
319 4485 346 4538 G.
359 4487 398 4538 to.
417 4488 473 4539 edit
491 4489 549 4539 Lnd.
568 4491 620 4540 Aac
640 4491 762 4540 Pontorii
780 4503 827 4554 qus
880 4489 954 4540 edidit
973 4489 996 4538 ln
1008 4489 1136 4538 lneedotis
1145 4489 1236 4537 laticis
1244 4487 1317 4539 Tam.
1326 4491 1373 4543 lit.
1385 4495 1484 4560 1³.ng

243 4561 339 4617 numm,
350 4557 390 4620 qni
400 4564 509 4608 nostrum
520 4556 628 4608 libellum
638 4565 707 4608 autea
718 4555 827 4607 mutilum
913 4572 936 4618 g.
954 4557 980 4604 l..
998 4571 1019 4606 c.
1039 4563 1089 4606 not.
1107 4555 1132 4606 ³.
1150 4570 1175 4620 p.
1194 4554 1235 4605 ³1.
