3196 5250
7 375 43 425 lt'.

512 399 646 444 suenone
668 399 727 443 111.
749 399 787 443 11
810 399 937 444 nonant.
1273 387 1336 450 443

7 551 42 595 snt
108 550 163 613 lib.
184 547 222 610 ll.
252 547 288 610 ad
310 547 428 610 Nation.
458 568 483 611 c.
509 553 582 627 11.).
626 551 720 611 Verus
755 549 834 610 enim
866 548 964 624 Dens,
996 559 1030 610 ut
1060 550 1179 632 saepius
1211 551 1339 616 diximus

110 635 277 712 (Dissertat.
301 633 461 694 in'llinuo.
484 652 547 714 cap.
563 633 616 694 ult.
632 634 694 696 brt.
711 635 765 710 2.),
788 652 805 695 a
828 651 861 694 se
883 634 950 713 ipso
973 634 1039 696 solo
1063 643 1108 697 est
1130 644 1160 696 et
1180 635 1247 696 ideo
1270 657 1338 699 om-

110 719 263 798 nipotens,
286 717 335 796 qui
358 717 494 778 homines
517 726 671 798 ceteraque
682 717 781 794 omnia
792 717 911 791 crearit,
937 717 987 797 qni
1004 719 1143 781 omnibus
1159 719 1337 796 dominatur,

109 801 161 884 qui
184 801 282 863 omnia
304 819 394 880 regua
418 801 581 881 dispensat.
656 835 658 841 ,
1387 805 1390 812 ⁴

194 886 270 948 Post
290 885 364 946 baeo
385 885 448 948 ille:
472 886 555 949 Satis
577 891 646 957 lum,
669 885 773 964 inquit,
798 887 833 948 de
854 884 991 949 Saturno
1024 887 1159 961 (Tertull.
1181 888 1336 968 Apologet.

108 989 134 1031 e.
157 974 232 1046 111),
255 970 292 1031 ad
314 969 434 1046 cuilibet
455 969 601 1030 hebetiori
624 971 715 1049 atque‘
735 969 922 1032 obstinationi
945 967 1211 1034 'demonstrandum
1234 973 1337 1034 salsam

7 1065 33 1124 ‘tt
107 1051 234 1115 omnino
268 1072 335 1115 esse
367 1053 445 1116 illius
476 1054 666 1116 divinitatem.
711 1052 783 1115 Data
815 1063 912 1116 autem
944 1073 1034 1134 opera
1066 1054 1107 1116 ibi
1134 1055 1241 1118 adiecit
1268 1057 1339 1121 lieet

7 1151 36 1182 tt
101 1143 226 1219 pouer‘s.
269 1138 344 1200 Nam
370 1139 402 1198 in
428 1137 559 1200 secundo
582 1138 618 1199 ad
639 1137 781 1199 Nationes
803 1138 880 1200 libro
902 1139 1059 1203 falsitatem
1082 1139 1147 1200 eius
1169 1139 1258 1204 variis
1280 1141 1336 1202 de-

7 1237 36 1278 11
104 1229 259 1284 monstrat
289 1223 471 1301 argumentis
504 1221 567 1296 (lib.
589 1221 626 1282 ll.
649 1222 685 1284 ad
708 1221 824 1284 Nation.
848 1242 873 1283 o.
897 1227 926 1286 7.
951 1231 981 1284 et
1002 1241 1065 1304 cap.
1091 1226 1164 1301 tlt),
1198 1243 1273 1304 quae
1306 1225 1337 1288 in

106 1306 316 1452 supderioribus
338 1305 453 1368 nostris
475 1305 737 1369 dissertationibus
772 1307 915 1388 explicata
944 1325 1006 1370 non
1028 1307 1154 1387 amplius
1177 1308 1226 1370 bio
1246 1327 1336 1390 repe-

7 1405 28 1448 r..
104 1397 158 1452 ten
181 1409 198 1452 a
220 1397 300 1452 sunt.

195 1475 342 1546 Saturnus
365 1491 456 1553 porro
478 1474 505 1535 si
527 1474 601 1536 deus
622 1492 680 1536 neo
700 1473 754 1536 luit
774 1493 830 1536 neo
853 1495 920 1537 esse
941 1476 1048 1555 potuit,
1072 1475 1138 1555 quia
1154 1477 1245 1538 bomo
1262 1486 1335 1552 erat,

105 1560 217 1621 ceteris
246 1557 417 1620 bominibus
446 1557 562 1631 similis,
589 1559 682 1619 multo
710 1559 805 1638 magis
827 1558 978 1626 divinitate
999 1569 1101 1622 carent
1120 1561 1241 1640 lupiter,
1271 1561 1336 1622 eius

103 1644 197 1718 iilius,
233 1651 352 1721 totaque
380 1643 505 1704 aliorum
533 1661 610 1722 pene
637 1643 894 1705 innumerabilium
908 1653 1041 1717 aeterra,
1073 1663 1148 1724 quos
1171 1644 1207 1706 ab
1231 1645 1336 1707 eodem

104 1729 239 1790 Saturno
268 1734 318 1788 aut
346 1726 451 1788 saltam
472 1735 543 1806 post
564 1727 646 1788 illum
668 1735 753 1790 ortos
776 1745 843 1790 esse
864 1737 982 1790 constat
1016 1727 1109 1803 (ldem
1130 1728 1286 1808 dpologet.
1310 1749 1335 1792 o.

106 1817 187 1888 ton,
218 1811 291 1884 Quis
321 1811 400 1872 enim
427 1811 541 1872 nesciat
566 1810 675 1884 lovem,
707 1829 794 1891 quem
817 1812 927 1874 ethnici
949 1812 1038 1874 deum
1060 1812 1216 1892 optimum,
1239 1814 1334 1874 maxi-

103 1915 194 1960 mum
213 1895 366 1968 rorabant,
395 1913 431 1956 ex
460 1895 594 1957 eiusdem
615 1896 734 1957 Satumi
770 1913 836 1958 urm
860 1895 924 1975 Ope
955 1914 1009 1959 seu
1032 1897 1135 1968 Rhea,
1153 1915 1260 1958 sorore
1282 1917 1336 1960 sua

7 2001 18 2048 t
105 1980 260 2044 connubio
288 1980 350 2040 sive
377 1977 479 2060 polius
507 1979 622 2041 incestu
644 1988 744 2041 natum
765 1979 940 2060 perhiberi?
982 1981 1106 2043 Adultus
1129 1989 1228 2042 autem
1249 1982 1335 2060 pulso

102 2073 194 2145 patre
215 2082 271 2126 suo
294 2064 326 2124 in
346 2063 426 2125 illius
448 2063 555 2125 invasit
576 2081 700 2142 regnum
733 2072 820 2143 111111
841 2064 1015 2144 assumptis,
1048 2065 1092 2126 uti
1113 2065 1154 2127 ait
1175 2064 1334 2127 Tertullia-

103 2169 176 2224 nus,
200 2148 387 2228 squamati,
410 2149 535 2221 comuti,
558 2147 690 2226 plumati,
712 2147 817 2210 imbris
840 2148 921 2210 aurei
943 2149 1047 2228 liguris
1069 2149 1147 2210 lilios
1176 2150 1335 2216 infamibus

7 2249 13 2306 t.
105 2233 222 2312 stupris
252 2239 282 2293 et
309 2231 461 2294 adulteriis
490 2232 656 2311 procreavit
687 2229 871 2308 (Tertullian.
893 2232 1047 2313 dpologet.
1070 2251 1134 2312 cap.
1157 2238 1209 2297 21.
1233 2241 1263 2295 et
1283 2233 1334 2294 lib.

103 2318 145 2378 11.
169 2317 205 2378 ad
227 2316 293 2378 Nat.
315 2335 379 2396 cap.
405 2319 478 2391 13.).

196 2401 270 2473 Quis
300 2417 371 2480 ergo
401 2400 540 2480 expensis
568 2399 614 2460 his
637 2399 786 2474 omnibus,
816 2419 890 2480 quae
912 2401 977 2462 aliis
999 2402 1112 2462 nostris
1135 2401 1166 2461 in
1188 2399 1332 2462 disserta·-

105 2484 240 2548 tionibos
264 2485 481 2546 enucleavimus
501 2484 668 2560 (Dissertat
691 2484 723 2544 in
743 2483 851 2546 llinue.
875 2503 937 2565 cap.
964 2489 1013 2550 15.
1035 2489 1097 2548 brt.
1118 2489 1147 2548 1.
1170 2485 1334 2546 011111911-

104 2578 159 2632 111.
183 2569 345 2630 111111111).
368 2587 432 2648 oap.
458 2569 591 2631 ll.·A'rt.
614 2572 645 2630 4.
668 2577 698 2630 et
719 2567 750 2629 in
771 2569 903 2630 Laetant.
927 2587 990 2648 cap.
1015 2572 1044 2634 3.
1067 2569 1128 2630 brt.
1147 2573 1162 2631 1
1181 2576 1210 2629 et
1225 2573 1332 2648 seqq),

13 2685 21 2724 ς.
105 2654 227 2716 dilliteri
250 2670 379 2732 unquam
400 2653 512 2732 polerit
532 2652 615 2713 illum
637 2652 808 2726 deumnon
824 2671 901 2726 esse,
925 2653 978 2714 sed
993 2653 1169 2714 sceleratum
1183 2652 1334 2714 hominem

7 2755 10 2764 ’
105 2739 158 2820 qui
182 2755 301 2800 ornnem
323 2736 512 2798 humanitatis
535 2743 565 2796 et
586 2735 710 2816 pudoris
732 2753 854 2798 sensum
881 2735 1027 2798 exuerat?
1376 2744 1377 2747 ’

611 2921 779 2972 tuttcuttls
798 2921 827 2971 ll.

106 3029 180 3080 Quam
203 3033 349 3082 praepostere
373 3025 455 3068 etbniei
477 3025 615 3068 venditarent
639 3035 692 3068 suos
715 3031 765 3080 post
782 3024 898 3067 mortalem
916 3025 973 3066 hane
991 3023 1057 3066 ritant
1075 3024 1144 3066 laotos
1164 3033 1214 3065 esse
1232 3022 1287 3066 deos
1305 3023 1333 3066 ab

107 3095 153 3138 alio
179 3093 294 3150 superiore
318 3091 420 3148 mancipe
445 3091 574 3143 divinitatis;
598 3102 667 3135 unum
691 3091 802 3134 dumtaxat
824 3102 875 3134 esse
899 3091 979 3142 deum,
1001 3089 1038 3144 qui
1062 3090 1167 3133 mundum
1186 3095 1236 3132 onte
1255 3102 1332 3134 omnen

106 3161 223 3217 sepultum
247 3161 303 3204 deos
329 3171 356 3204 aa
379 3161 455 3213 liugas
479 3165 501 3203 et
524 3165 574 3204 ante
601 3159 713 3210 Cererem,
737 3159 848 3203 lleeebum
873 3165 895 3202 et
912 3155 1031 3202 lllnerrarn
1049 3164 1177 3208 creaveram
1201 3169 1243 3220 nep
1260 3158 1332 3212 nepte

165 3230 221 3274 deos
240 3228 282 3272 diei
300 3239 368 3284 poste
385 3227 474 3272 illerum
492 3227 579 3282 bugum
597 3227 723 3270 inventores
741 3237 809 3281 quarn
826 3225 952 3276 Lucullum,
970 3225 1007 3280 qui
1026 3237 1112 3276 nerana,
1130 3232 1152 3268 et
1170 3225 1284 3278 Catonem,

421 3294 458 3349 qul
476 3294 543 3338 deum
561 3294 651 3338 viridem
670 3294 692 3337 in
709 3293 795 3337 ltaliam
812 3293 875 3349 prlmi
894 3293 1020 3336 attulerunt.

192 3409 372 3471 Fatebantur
394 3407 513 3488 quidem
536 3408 654 3482 ethnici,
677 3408 757 3488 quod
778 3425 887 3486 negare
909 3424 1059 3486 nunquam
1080 3413 1250 3486 potuerunt,
1275 3407 1332 3478 Sa-

106 3503 228 3556 turnum
251 3494 395 3572 aliostpte,
429 3511 505 3572 quos
528 3492 601 3554 deos
623 3511 691 3554 ease
715 3491 940 3565 somniaverant,
964 3491 1061 3571 reipsa
1078 3491 1332 3565 luisseltomines‚

105 3579 160 3640 sed
188 3597 256 3640 cnm
277 3579 410 3639 Varrone
439 3577 657 3639 contendebant
684 3576 742 3638 illis
771 3576 859 3638 buius
881 3577 956 3636 ritae
978 3575 1110 3637 mortalis
1133 3593 1254 3637 munere
1275 3575 1332 3638 rite

105 3663 215 3724 lunatis
239 3663 335 3724 datam
358 3661 538 3723 divinitatem
562 3660 923 3741 (Tertullian-bpologet.
946 3679 1009 3741 cap.
1028 3664 1101 3738 11.).
1145 3661 1255 3720 Verum
1276 3658 1330 3719 ab·

105 3747 228 3808 surdam
249 3746 419 3826 opinionem
443 3765 527 3807 suam
549 3745 606 3806 alio
628 3745 796 3806 absurdiori
818 3745 986 3806 commento
1009 3744 1085 3806 tueri
1107 3745 1216 3804 trustra
1239 3759 1331 3802 oona-

104 3830 223 3892 bantur.
266 3830 368 3909 Neque
396 3830 475 3891 eninr
502 3830 639 3891 homines
667 3837 883 3909 postmortem
906 3847 990 3890 suam
1012 3829 1052 3890 dii
1075 3827 1139 3889 lieri
1160 3835 1331 3906 potuerunt,

7 3965 8 3992 ,
106 3914 165 3976 nisi
187 3915 233 3976 rel
256 3933 273 3975 a
295 3914 425 3994 seipsis
449 3923 498 3976 aut
519 3914 576 3976 alio
598 3914 696 3993 aliquo
719 3913 756 3976 iis
778 3913 946 3994 potentiore
967 3913 1034 3974 deo.
1064 3911 1151 3991 Atqui
1171 3918 1332 3988 utrumque

106 3999 212 4061 lalsurn
243 4007 298 4061 est.
342 3998 409 4060 Non
436 3999 501 4079 ipsi.
517 3998 661 4079 siquidem
683 4005 861 4079 potestatem
883 3997 1051 4060 babuerunt
1072 3993 1252 4056 divinitatem
1274 3992 1331 4056 sibi
1447 4005 1469 4064 ᾗ

105 4083 235 4145 mortuis
258 4083 439 4145 conterendi.
485 4083 655 4162 Siquando
677 4101 804 4162 namque
825 4081 855 4143 id
877 4081 1056 4161 potuissent,
1084 4096 1234 4158 nunquam
1256 4076 1331 4138 luis-
1417 4081 1422 4090 ‘

106 4177 174 4230 sent
195 4167 343 4242 homines,
374 4166 542 4230 mortalium
571 4167 791 4228 infirmitatibus
815 4175 844 4228 et
864 4167 945 4227 titiis
968 4164 1099 4226 obnoxii.
1144 4162 1234 4224 Cuius
1256 4162 1333 4222 hano

7 4243 9 4260 *
105 4253 215 4314 Auctor
236 4259 342 4314 noster
364 4253 510 4314 rationem
531 4251 643 4314 reddit:
667 4249 827 4334 Nunquam
850 4250 984 4312 homines
1006 4249 1146 4329 saisentt,
1170 4249 1332 4326 possiden-

108 4347 151 4398 tes
164 4335 280 4400 enilicet
289 4337 434 4410 melioris,
448 4355 536 4416 quam
551 4336 661 4415 fragilis
673 4336 829 4409 bomanae,
843 4330 1331 4413 111111111111111111111(11111).

109 4417 197 4482 Solus
220 4420 330 4501 quippe
343 4420 397 4482 Ilei
412 4421 513 4487 Filius.
535 4420 572 4481 ab
594 4428 715 4484 aeterno
738 4421 828 4493 lleus,
852 4424 1005 4497 assumpta
1020 4417 1148 4496 quidem,
1172 4414 1225 4476 sed
1241 4412 1330 4475 modo

106 4520 233 4582 prorsus
257 4504 420 4566 admirabili
443 4513 474 4566 et
494 4504 607 4586 absque
629 4505 687 4567 ulla
708 4504 770 4567 vitii
791 4511 842 4566 aut
862 4503 975 4584 peccati
996 4500 1062 4563 labe
1081 4509 1186 4563 natura
1198 4498 1330 4562 hominis

105 4589 263 4652 mortalem
284 4589 373 4652 eitam
396 4589 464 4673 egit.
