<?xml version="1.0" encoding="UTF-8"?>
<!DOCTYPE html PUBLIC "-//W3C//DTD XHTML 1.0 Transitional//EN"
    "http://www.w3.org/TR/xhtml1/DTD/xhtml1-transitional.dtd">
<html xmlns="http://www.w3.org/1999/xhtml" xml:lang="en" lang="en">
 <head>
  <title>
</title>
<meta http-equiv="Content-Type" content="text/html;charset=utf-8" />
  <meta name='ocr-system' content='tesseract 3.04.00' />
  <meta name='ocr-capabilities' content='ocr_page ocr_carea ocr_par ocr_line ocrx_word'/>
</head>
<body>
  <div class='ocr_page' id='page_1' title='image "./quaesupersuntom01oehlgoog_0449.png"; bbox 0 0 3196 5250; ppageno 0'>
   <div class='ocr_carea' id='block_1_1' title="bbox 268 286 1562 369">
    <p class='ocr_par' dir='ltr' id='par_1_1' title="bbox 268 286 1562 369">
     <span class='ocr_line' id='line_1_1' title="bbox 268 286 1562 369; baseline -0.005 -22"><span class='ocrx_word' id='word_1_1' title='bbox 268 286 333 348; x_wconf 76' lang='lat' dir='ltr'>tta</span> <span class='ocrx_word' id='word_1_2' title='bbox 369 299 562 344; x_wconf 80' lang='lat' dir='ltr'>msssartrto</span> <span class='ocrx_word' id='word_1_3' title='bbox 577 299 608 344; x_wconf 85' lang='lat' dir='ltr'>ru</span> <span class='ocrx_word' id='word_1_4' title='bbox 624 299 672 351; x_wconf 90' lang='lat' dir='ltr'>oc.</span> <span class='ocrx_word' id='word_1_5' title='bbox 689 297 874 344; x_wconf 77' lang='lat' dir='ltr'>eremmon.</span> <span class='ocrx_word' id='word_1_6' title='bbox 890 297 1085 342; x_wconf 81' lang='lat' dir='ltr'>rsurucutm</span> <span class='ocrx_word' id='word_1_7' title='bbox 1099 297 1363 342; x_wconf 80' lang='lat' dir='ltr'>trococemcmr</span> <span class='ocrx_word' id='word_1_8' title='bbox 1379 297 1467 342; x_wconf 82' lang='lat' dir='ltr'>carr.</span> <span class='ocrx_word' id='word_1_9' title='bbox 1558 354 1562 369; x_wconf 41' lang='grc' dir='ltr'>Ι</span> 
     </span>
    </p>
   </div>
   <div class='ocr_carea' id='block_1_2' title="bbox 256 446 1574 2970">
    <p class='ocr_par' dir='ltr' id='par_1_2' title="bbox 256 446 1574 2970">
     <span class='ocr_line' id='line_1_2' title="bbox 269 446 1520 530; baseline -0.005 -17"><span class='ocrx_word' id='word_1_10' title='bbox 269 452 372 513; x_wconf 79' lang='lat' dir='ltr'>betur.</span> <span class='ocrx_word' id='word_1_11' title='bbox 417 449 515 512; x_wconf 88' lang='lat' dir='ltr'>ltaliae</span> <span class='ocrx_word' id='word_1_12' title='bbox 547 458 645 512; x_wconf 89' lang='lat' dir='ltr'>autem</span> <span class='ocrx_word' id='word_1_13' title='bbox 676 449 805 530; x_wconf 86' lang='lat' dir='ltr'>primum</span> <span class='ocrx_word' id='word_1_14' title='bbox 828 446 989 512; x_wconf 77' lang='lat' dir='ltr'>Oenotriae</span> <span class='ocrx_word' id='word_1_15' title='bbox 1020 465 1129 510; x_wconf 90' lang='lat' dir='ltr'>nomen</span> <span class='ocrx_word' id='word_1_16' title='bbox 1158 449 1272 510; x_wconf 85' lang='lat' dir='ltr'>tirisse</span> <span class='ocrx_word' id='word_1_17' title='bbox 1305 455 1419 528; x_wconf 85' lang='lat' dir='ltr'>aperte</span> <span class='ocrx_word' id='word_1_18' title='bbox 1445 446 1520 508; x_wconf 86' lang='lat' dir='ltr'>docet</span> 
     </span>
     <span class='ocr_line' id='line_1_3' title="bbox 267 533 650 614; baseline -0.005 -17"><span class='ocrx_word' id='word_1_19' title='bbox 267 533 407 614; x_wconf 78' lang='lat' dir='ltr'>Virgilius</span> <span class='ocrx_word' id='word_1_20' title='bbox 428 533 477 595; x_wconf 89' lang='lat' dir='ltr'>his</span> <span class='ocrx_word' id='word_1_21' title='bbox 498 534 650 596; x_wconf 81' lang='lat' dir='ltr'>versibus:</span> 
     </span>
     <span class='ocr_line' id='line_1_4' title="bbox 420 617 1251 698; baseline -0.001 -18"><span class='ocrx_word' id='word_1_22' title='bbox 420 617 477 682; x_wconf 78' lang='lat' dir='ltr'>list</span> <span class='ocrx_word' id='word_1_23' title='bbox 499 618 593 690; x_wconf 72' lang='lat' dir='ltr'>mous,</span> <span class='ocrx_word' id='word_1_24' title='bbox 616 617 796 698; x_wconf 73' lang='lat' dir='ltr'>Hesperiam</span> <span class='ocrx_word' id='word_1_25' title='bbox 818 617 907 679; x_wconf 76' lang='lat' dir='ltr'>Graii</span> <span class='ocrx_word' id='word_1_26' title='bbox 927 621 1100 696; x_wconf 79' lang='lat' dir='ltr'>cognomine</span> <span class='ocrx_word' id='word_1_27' title='bbox 1122 617 1251 688; x_wconf 81' lang='lat' dir='ltr'>dicunt,</span> 
     </span>
     <span class='ocr_line' id='line_1_5' title="bbox 423 700 1301 784; baseline -0.002 -20"><span class='ocrx_word' id='word_1_28' title='bbox 423 702 520 766; x_wconf 80' lang='lat' dir='ltr'>Terra</span> <span class='ocrx_word' id='word_1_29' title='bbox 541 706 674 784; x_wconf 80' lang='lat' dir='ltr'>autt&#39;quc,</span> <span class='ocrx_word' id='word_1_30' title='bbox 695 711 803 782; x_wconf 84' lang='lat' dir='ltr'>potens</span> <span class='ocrx_word' id='word_1_31' title='bbox 825 705 919 763; x_wconf 78' lang='lat' dir='ltr'>armis</span> <span class='ocrx_word' id='word_1_32' title='bbox 941 715 1030 782; x_wconf 85' lang='lat' dir='ltr'>atque</span> <span class='ocrx_word' id='word_1_33' title='bbox 1051 703 1143 764; x_wconf 83' lang='lat' dir='ltr'>ubere</span> <span class='ocrx_word' id='word_1_34' title='bbox 1163 700 1301 780; x_wconf 75' lang='lat' dir='ltr'>glebae,</span> 
     </span>
     <span class='ocr_line' id='line_1_6' title="bbox 422 786 1159 865; baseline -0.001 -17"><span class='ocrx_word' id='word_1_35' title='bbox 422 788 563 848; x_wconf 77' lang='lat' dir='ltr'>Oenotria·</span> <span class='ocrx_word' id='word_1_36' title='bbox 583 786 704 849; x_wconf 82' lang='lat' dir='ltr'>coluere</span> <span class='ocrx_word' id='word_1_37' title='bbox 725 790 796 856; x_wconf 78' lang='lat' dir='ltr'>oiri,</span> <span class='ocrx_word' id='word_1_38' title='bbox 819 804 901 848; x_wconf 80' lang='lat' dir='ltr'>nunc</span> <span class='ocrx_word' id='word_1_39' title='bbox 921 787 1006 865; x_wconf 71' lang='lat' dir='ltr'>sumu</span> <span class='ocrx_word' id='word_1_40' title='bbox 1025 789 1159 848; x_wconf 79' lang='lat' dir='ltr'>minores</span> 
     </span>
     <span class='ocr_line' id='line_1_7' title="bbox 421 870 1333 951; baseline -0.004 -18"><span class='ocrx_word' id='word_1_41' title='bbox 421 871 543 934; x_wconf 83' lang='lat' dir='ltr'>ltaliam</span> <span class='ocrx_word' id='word_1_42' title='bbox 566 871 690 933; x_wconf 75' lang='lat' dir='ltr'>ducisse</span> <span class='ocrx_word' id='word_1_43' title='bbox 712 870 796 933; x_wconf 80' lang='lat' dir='ltr'>ducis</span> <span class='ocrx_word' id='word_1_44' title='bbox 820 871 854 932; x_wconf 87' lang='lat' dir='ltr'>de</span> <span class='ocrx_word' id='word_1_45' title='bbox 876 874 995 932; x_wconf 79' lang='lat' dir='ltr'>nomine</span> <span class='ocrx_word' id='word_1_46' title='bbox 1015 881 1140 950; x_wconf 82' lang='lat' dir='ltr'>pentem.</span> <span class='ocrx_word' id='word_1_47' title='bbox 1330 947 1333 951; x_wconf 83' lang='lat'><em>.</em></span> 
     </span>
     <span class='ocr_line' id='line_1_8' title="bbox 740 953 1463 1034; baseline 0.001 -21"><span class='ocrx_word' id='word_1_48' title='bbox 740 953 853 1034; x_wconf 86' lang='lat' dir='ltr'>(Virgil.</span> <span class='ocrx_word' id='word_1_49' title='bbox 876 953 926 1014; x_wconf 90' lang='lat' dir='ltr'>lib.</span> <span class='ocrx_word' id='word_1_50' title='bbox 949 954 972 1015; x_wconf 93' lang='lat' dir='ltr'>l.</span> <span class='ocrx_word' id='word_1_51' title='bbox 995 953 1116 1015; x_wconf 80' lang='lat' dir='ltr'>Aeneid.</span> <span class='ocrx_word' id='word_1_52' title='bbox 1138 972 1165 1014; x_wconf 82' lang='lat' dir='ltr'>v.</span> <span class='ocrx_word' id='word_1_53' title='bbox 1192 955 1271 1018; x_wconf 84' lang='lat'>534</span> <span class='ocrx_word' id='word_1_54' title='bbox 1298 959 1334 1013; x_wconf 89' lang='lat' dir='ltr'>et</span> <span class='ocrx_word' id='word_1_55' title='bbox 1359 955 1463 1032; x_wconf 89' lang='lat' dir='ltr'>seqq.)</span> 
     </span>
     <span class='ocr_line' id='line_1_9' title="bbox 265 1034 1519 1114; baseline -0.007 -11"><span class='ocrx_word' id='word_1_56' title='bbox 265 1040 327 1103; x_wconf 90' lang='lat' dir='ltr'>Nec</span> <span class='ocrx_word' id='word_1_57' title='bbox 354 1039 384 1100; x_wconf 92' lang='lat' dir='ltr'>id</span> <span class='ocrx_word' id='word_1_58' title='bbox 412 1038 505 1101; x_wconf 87' lang='lat' dir='ltr'>semel</span> <span class='ocrx_word' id='word_1_59' title='bbox 532 1037 676 1100; x_wconf 77' lang='lat' dir='ltr'>cecinisse</span> <span class='ocrx_word' id='word_1_60' title='bbox 705 1045 862 1099; x_wconf 89' lang='lat' dir='ltr'>contentus</span> <span class='ocrx_word' id='word_1_61' title='bbox 890 1037 997 1100; x_wconf 89' lang='lat' dir='ltr'>iisdem</span> <span class='ocrx_word' id='word_1_62' title='bbox 1024 1037 1122 1098; x_wconf 83' lang='lat' dir='ltr'>verbis</span> <span class='ocrx_word' id='word_1_63' title='bbox 1152 1037 1217 1100; x_wconf 89' lang='lat' dir='ltr'>alio</span> <span class='ocrx_word' id='word_1_64' title='bbox 1246 1038 1283 1098; x_wconf 91' lang='lat' dir='ltr'>iu</span> <span class='ocrx_word' id='word_1_65' title='bbox 1310 1036 1397 1098; x_wconf 93' lang='lat' dir='ltr'>libro</span> <span class='ocrx_word' id='word_1_66' title='bbox 1421 1034 1519 1114; x_wconf 77' lang='lat' dir='ltr'>repsit</span> 
     </span>
     <span class='ocr_line' id='line_1_10' title="bbox 265 1119 1515 1202; baseline -0.006 -16"><span class='ocrx_word' id='word_1_67' title='bbox 265 1124 329 1199; x_wconf 88' lang='lat' dir='ltr'>(lib.</span> <span class='ocrx_word' id='word_1_68' title='bbox 352 1123 402 1184; x_wconf 91' lang='lat' dir='ltr'>lll.</span> <span class='ocrx_word' id='word_1_69' title='bbox 426 1142 452 1184; x_wconf 83' lang='lat' dir='ltr'>r.</span> <span class='ocrx_word' id='word_1_70' title='bbox 479 1125 539 1186; x_wconf 80' lang='lat' dir='ltr'>toa</span> <span class='ocrx_word' id='word_1_71' title='bbox 563 1131 592 1184; x_wconf 90' lang='lat' dir='ltr'>et</span> <span class='ocrx_word' id='word_1_72' title='bbox 612 1127 720 1202; x_wconf 89' lang='lat' dir='ltr'>seqq.).</span> <span class='ocrx_word' id='word_1_73' title='bbox 764 1122 881 1184; x_wconf 75' lang='lat' dir='ltr'>videsis</span> <span class='ocrx_word' id='word_1_74' title='bbox 904 1121 998 1184; x_wconf 82' lang='lat' dir='ltr'>Servii</span> <span class='ocrx_word' id='word_1_75' title='bbox 1020 1123 1050 1183; x_wconf 92' lang='lat' dir='ltr'>in</span> <span class='ocrx_word' id='word_1_76' title='bbox 1072 1122 1145 1182; x_wconf 88' lang='lat' dir='ltr'>baec</span> <span class='ocrx_word' id='word_1_77' title='bbox 1166 1121 1319 1184; x_wconf 88' lang='lat' dir='ltr'>carmina</span> <span class='ocrx_word' id='word_1_78' title='bbox 1346 1119 1515 1182; x_wconf 86' lang='lat' dir='ltr'>annotatio-</span> 
     </span>
     <span class='ocr_line' id='line_1_11' title="bbox 263 1206 1518 1286; baseline -0.006 -17"><span class='ocrx_word' id='word_1_79' title='bbox 263 1227 331 1282; x_wconf 87' lang='lat' dir='ltr'>nes,</span> <span class='ocrx_word' id='word_1_80' title='bbox 353 1207 530 1268; x_wconf 77' lang='lat' dir='ltr'>Antiochum</span> <span class='ocrx_word' id='word_1_81' title='bbox 552 1225 569 1268; x_wconf 92' lang='lat' dir='ltr'>a</span> <span class='ocrx_word' id='word_1_82' title='bbox 590 1206 737 1268; x_wconf 91' lang='lat' dir='ltr'>Strabone</span> <span class='ocrx_word' id='word_1_83' title='bbox 759 1206 878 1268; x_wconf 89' lang='lat' dir='ltr'>citatum</span> <span class='ocrx_word' id='word_1_84' title='bbox 900 1206 1010 1280; x_wconf 77' lang='lat' dir='ltr'>(Strab.</span> <span class='ocrx_word' id='word_1_85' title='bbox 1033 1206 1083 1267; x_wconf 93' lang='lat' dir='ltr'>lib.</span> <span class='ocrx_word' id='word_1_86' title='bbox 1099 1206 1150 1267; x_wconf 90' lang='lat' dir='ltr'>lll.</span> <span class='ocrx_word' id='word_1_87' title='bbox 1174 1206 1303 1286; x_wconf 85' lang='lat' dir='ltr'>Geogr.</span> <span class='ocrx_word' id='word_1_88' title='bbox 1331 1225 1365 1285; x_wconf 93' lang='lat' dir='ltr'>p.</span> <span class='ocrx_word' id='word_1_89' title='bbox 1383 1209 1473 1278; x_wconf 80' lang='lat'><strong>254.)</strong></span> <span class='ocrx_word' id='word_1_90' title='bbox 1493 1211 1518 1262; x_wconf 92' lang='lat' dir='ltr'>et</span> 
     </span>
     <span class='ocr_line' id='line_1_12' title="bbox 265 1289 1516 1372; baseline -0.007 -18"><span class='ocrx_word' id='word_1_91' title='bbox 265 1291 350 1355; x_wconf 85' lang='lat' dir='ltr'>alios.</span> <span class='ocrx_word' id='word_1_92' title='bbox 395 1291 475 1352; x_wconf 90' lang='lat' dir='ltr'>ltalia</span> <span class='ocrx_word' id='word_1_93' title='bbox 498 1291 597 1370; x_wconf 89' lang='lat' dir='ltr'>itaque</span> <span class='ocrx_word' id='word_1_94' title='bbox 618 1309 635 1352; x_wconf 92' lang='lat' dir='ltr'>a</span> <span class='ocrx_word' id='word_1_95' title='bbox 657 1290 785 1352; x_wconf 89' lang='lat' dir='ltr'>Saturno</span> <span class='ocrx_word' id='word_1_96' title='bbox 808 1299 975 1372; x_wconf 87' lang='lat' dir='ltr'>nuncupata</span> <span class='ocrx_word' id='word_1_97' title='bbox 994 1291 1078 1371; x_wconf 86' lang='lat' dir='ltr'>prius</span> <span class='ocrx_word' id='word_1_98' title='bbox 1101 1291 1156 1351; x_wconf 88' lang='lat' dir='ltr'>luit</span> <span class='ocrx_word' id='word_1_99' title='bbox 1174 1290 1347 1364; x_wconf 87' lang='lat' dir='ltr'>Saturnia,</span> <span class='ocrx_word' id='word_1_100' title='bbox 1374 1297 1411 1350; x_wconf 92' lang='lat' dir='ltr'>ut</span> <span class='ocrx_word' id='word_1_101' title='bbox 1431 1289 1516 1367; x_wconf 89' lang='lat' dir='ltr'>liquet</span> 
     </span>
     <span class='ocr_line' id='line_1_13' title="bbox 264 1375 648 1440; baseline -0.008 -2"><span class='ocrx_word' id='word_1_102' title='bbox 264 1377 312 1440; x_wconf 92' lang='lat' dir='ltr'>bis</span> <span class='ocrx_word' id='word_1_103' title='bbox 334 1376 431 1437; x_wconf 83' lang='lat' dir='ltr'>Ovidii</span> <span class='ocrx_word' id='word_1_104' title='bbox 453 1375 648 1437; x_wconf 90' lang='lat' dir='ltr'>carminibus:</span> 
     </span>
     <span class='ocr_line' id='line_1_14' title="bbox 417 1458 1215 1540; baseline 0.001 -19"><span class='ocrx_word' id='word_1_105' title='bbox 417 1459 482 1522; x_wconf 84' lang='lat' dir='ltr'>Huc</span> <span class='ocrx_word' id='word_1_106' title='bbox 504 1477 555 1539; x_wconf 84' lang='lat' dir='ltr'>ego</span> <span class='ocrx_word' id='word_1_107' title='bbox 577 1459 747 1522; x_wconf 72' lang='lat' dir='ltr'><strong><em>Saturnum</em></strong></span> <span class='ocrx_word' id='word_1_108' title='bbox 767 1463 890 1522; x_wconf 72' lang='lat' dir='ltr'>mantin</span> <span class='ocrx_word' id='word_1_109' title='bbox 910 1458 1021 1523; x_wconf 80' lang='lat' dir='ltr'>tellure</span> <span class='ocrx_word' id='word_1_110' title='bbox 1044 1469 1215 1540; x_wconf 81' lang='lat' dir='ltr'>receptum:</span> 
     </span>
     <span class='ocr_line' id='line_1_15' title="bbox 483 1543 1131 1624; baseline -0.003 -18"><span class='ocrx_word' id='word_1_111' title='bbox 483 1543 646 1606; x_wconf 75' lang='lat' dir='ltr'>Caelitibus</span> <span class='ocrx_word' id='word_1_112' title='bbox 668 1548 770 1624; x_wconf 76' lang='lat' dir='ltr'>reguis</span> <span class='ocrx_word' id='word_1_113' title='bbox 792 1543 900 1606; x_wconf 83' lang='lat' dir='ltr'>alone</span> <span class='ocrx_word' id='word_1_114' title='bbox 918 1543 1030 1623; x_wconf 82' lang='lat' dir='ltr'>pclsus</span> <span class='ocrx_word' id='word_1_115' title='bbox 1053 1555 1131 1605; x_wconf 86' lang='lat' dir='ltr'>erat.</span> 
     </span>
     <span class='ocr_line' id='line_1_16' title="bbox 417 1627 1114 1709; baseline 0.001 -21"><span class='ocrx_word' id='word_1_116' title='bbox 417 1627 491 1690; x_wconf 85' lang='lat' dir='ltr'>lade</span> <span class='ocrx_word' id='word_1_117' title='bbox 513 1629 564 1690; x_wconf 77' lang='lat' dir='ltr'>dtis</span> <span class='ocrx_word' id='word_1_118' title='bbox 584 1631 672 1709; x_wconf 82' lang='lat' dir='ltr'>genti</span> <span class='ocrx_word' id='word_1_119' title='bbox 686 1632 800 1690; x_wconf 82' lang='lat' dir='ltr'>mansit</span> <span class='ocrx_word' id='word_1_120' title='bbox 820 1627 969 1692; x_wconf 82' lang='lat' dir='ltr'>Somruic</span> <span class='ocrx_word' id='word_1_121' title='bbox 990 1645 1114 1699; x_wconf 73' lang='lat' dir='ltr'>nomen:</span> 
     </span>
     <span class='ocr_line' id='line_1_17' title="bbox 482 1711 1273 1794; baseline -0.003 -21"><span class='ocrx_word' id='word_1_122' title='bbox 482 1711 572 1774; x_wconf 83' lang='lat' dir='ltr'>Dicta</span> <span class='ocrx_word' id='word_1_123' title='bbox 592 1731 706 1794; x_wconf 85' lang='lat' dir='ltr'>quoque</span> <span class='ocrx_word' id='word_1_124' title='bbox 728 1723 775 1775; x_wconf 82' lang='lat' dir='ltr'>est</span> <span class='ocrx_word' id='word_1_125' title='bbox 795 1712 914 1774; x_wconf 78' lang='lat' dir='ltr'>Lott‘cm</span> <span class='ocrx_word' id='word_1_126' title='bbox 936 1723 1031 1783; x_wconf 86' lang='lat' dir='ltr'>terro,</span> <span class='ocrx_word' id='word_1_127' title='bbox 1056 1713 1168 1774; x_wconf 84' lang='lat' dir='ltr'>latente</span> <span class='ocrx_word' id='word_1_128' title='bbox 1189 1711 1273 1774; x_wconf 89' lang='lat' dir='ltr'>Deo.</span> 
     </span>
     <span class='ocr_line' id='line_1_18' title="bbox 895 1794 1453 1884; baseline -0.002 -26"><span class='ocrx_word' id='word_1_129' title='bbox 895 1795 1274 1884; x_wconf 66' lang='lat' dir='ltr'>(uetantibusque.</span> <span class='ocrx_word' id='word_1_130' title='bbox 1302 1815 1333 1855; x_wconf 88' lang='lat' dir='ltr'>v.</span> <span class='ocrx_word' id='word_1_131' title='bbox 1360 1794 1453 1867; x_wconf 81' lang='lat'><strong>235.)</strong></span> 
     </span>
     <span class='ocr_line' id='line_1_19' title="bbox 265 1879 1574 1960; baseline 0 -18"><span class='ocrx_word' id='word_1_132' title='bbox 265 1879 465 1954; x_wconf 81' lang='lat' dir='ltr'>Quamobrem</span> <span class='ocrx_word' id='word_1_133' title='bbox 488 1898 504 1939; x_wconf 90' lang='lat' dir='ltr'>a</span> <span class='ocrx_word' id='word_1_134' title='bbox 526 1880 624 1959; x_wconf 74' lang='lat' dir='ltr'>poetis</span> <span class='ocrx_word' id='word_1_135' title='bbox 646 1888 679 1942; x_wconf 87' lang='lat' dir='ltr'>ut</span> <span class='ocrx_word' id='word_1_136' title='bbox 699 1880 826 1942; x_wconf 86' lang='lat' dir='ltr'>vidimus</span> <span class='ocrx_word' id='word_1_137' title='bbox 849 1881 1016 1952; x_wconf 81' lang='lat' dir='ltr'>(Dissertat.</span> <span class='ocrx_word' id='word_1_138' title='bbox 1039 1881 1068 1942; x_wconf 91' lang='lat' dir='ltr'>iu</span> <span class='ocrx_word' id='word_1_139' title='bbox 1092 1879 1199 1942; x_wconf 86' lang='lat' dir='ltr'>llinuo.</span> <span class='ocrx_word' id='word_1_140' title='bbox 1222 1899 1253 1941; x_wconf 92' lang='lat' dir='ltr'>c.</span> <span class='ocrx_word' id='word_1_141' title='bbox 1285 1882 1342 1944; x_wconf 88' lang='lat'>16.</span> <span class='ocrx_word' id='word_1_142' title='bbox 1367 1879 1434 1939; x_wconf 81' lang='lat' dir='ltr'>Art.</span> <span class='ocrx_word' id='word_1_143' title='bbox 1461 1879 1506 1950; x_wconf 80' lang='lat' dir='ltr'>t),</span> <span class='ocrx_word' id='word_1_144' title='bbox 1573 1945 1574 1960; x_wconf 16' lang='grc' dir='ltr'>ἶ</span> 
     </span>
     <span class='ocr_line' id='line_1_20' title="bbox 261 1963 1574 2044; baseline -0.001 -18"><span class='ocrx_word' id='word_1_145' title='bbox 261 1973 384 2028; x_wconf 83' lang='lat' dir='ltr'>vocatur</span> <span class='ocrx_word' id='word_1_146' title='bbox 405 1963 492 2026; x_wconf 90' lang='lat' dir='ltr'>tellus</span> <span class='ocrx_word' id='word_1_147' title='bbox 512 1973 651 2043; x_wconf 89' lang='lat' dir='ltr'>terraque</span> <span class='ocrx_word' id='word_1_148' title='bbox 673 1965 810 2032; x_wconf 87' lang='lat' dir='ltr'>Saturnia</span> <span class='ocrx_word' id='word_1_149' title='bbox 832 1973 862 2026; x_wconf 90' lang='lat' dir='ltr'>et</span> <span class='ocrx_word' id='word_1_150' title='bbox 883 1983 900 2026; x_wconf 92' lang='lat' dir='ltr'>a</span> <span class='ocrx_word' id='word_1_151' title='bbox 921 1965 1052 2044; x_wconf 86' lang='lat' dir='ltr'>Virgilio,</span> <span class='ocrx_word' id='word_1_152' title='bbox 1076 1965 1126 2026; x_wconf 93' lang='lat' dir='ltr'>ubi</span> <span class='ocrx_word' id='word_1_153' title='bbox 1149 1963 1281 2025; x_wconf 88' lang='lat' dir='ltr'>cecinit:</span> <span class='ocrx_word' id='word_1_154' title='bbox 1573 1963 1574 1982; x_wconf 66' lang='lat'>¹</span> 
     </span>
     <span class='ocr_line' id='line_1_21' title="bbox 350 2043 1247 2130; baseline 0.002 -21"><span class='ocrx_word' id='word_1_155' title='bbox 350 2101 353 2108; x_wconf 30' lang='lat' dir='ltr'>i</span> <span class='ocrx_word' id='word_1_156' title='bbox 414 2048 516 2123; x_wconf 87' lang='lat' dir='ltr'>Soloe,</span> <span class='ocrx_word' id='word_1_157' title='bbox 538 2067 647 2129; x_wconf 78' lang='lat' dir='ltr'>magua</span> <span class='ocrx_word' id='word_1_158' title='bbox 665 2067 780 2128; x_wconf 86' lang='lat' dir='ltr'>parens</span> <span class='ocrx_word' id='word_1_159' title='bbox 801 2050 937 2130; x_wconf 71' lang='lat' dir='ltr'>surgam,</span> <span class='ocrx_word' id='word_1_160' title='bbox 960 2049 1111 2113; x_wconf 70' lang='lat' dir='ltr'>Saturnia</span> <span class='ocrx_word' id='word_1_161' title='bbox 1133 2043 1247 2111; x_wconf 85' lang='lat' dir='ltr'>tellus!</span> 
     </span>
     <span class='ocr_line' id='line_1_22' title="bbox 885 2131 1446 2212; baseline -0.002 -18"><span class='ocrx_word' id='word_1_162' title='bbox 885 2133 997 2212; x_wconf 90' lang='lat' dir='ltr'>(Virgil.</span> <span class='ocrx_word' id='word_1_163' title='bbox 1019 2133 1070 2194; x_wconf 92' lang='lat' dir='ltr'>lib.</span> <span class='ocrx_word' id='word_1_164' title='bbox 1093 2133 1130 2194; x_wconf 90' lang='lat' dir='ltr'>ll.</span> <span class='ocrx_word' id='word_1_165' title='bbox 1154 2132 1267 2211; x_wconf 86' lang='lat' dir='ltr'>Georg.</span> <span class='ocrx_word' id='word_1_166' title='bbox 1293 2151 1325 2192; x_wconf 84' lang='lat' dir='ltr'>v.</span> <span class='ocrx_word' id='word_1_167' title='bbox 1354 2131 1446 2206; x_wconf 75' lang='lat'>174.)</span> 
     </span>
     <span class='ocr_line' id='line_1_23' title="bbox 260 2208 1501 2296; baseline -0.006 -19"><span class='ocrx_word' id='word_1_168' title='bbox 260 2216 366 2278; x_wconf 90' lang='lat' dir='ltr'>Nonne</span> <span class='ocrx_word' id='word_1_169' title='bbox 388 2223 486 2277; x_wconf 89' lang='lat' dir='ltr'>autem</span> <span class='ocrx_word' id='word_1_170' title='bbox 508 2235 542 2276; x_wconf 90' lang='lat' dir='ltr'>ea</span> <span class='ocrx_word' id='word_1_171' title='bbox 565 2216 664 2278; x_wconf 88' lang='lat' dir='ltr'>omnia</span> <span class='ocrx_word' id='word_1_172' title='bbox 687 2216 760 2277; x_wconf 90' lang='lat' dir='ltr'>satis</span> <span class='ocrx_word' id='word_1_173' title='bbox 784 2217 935 2278; x_wconf 86' lang='lat' dir='ltr'>evidenter</span> <span class='ocrx_word' id='word_1_174' title='bbox 955 2218 1082 2296; x_wconf 91' lang='lat' dir='ltr'>probant</span> <span class='ocrx_word' id='word_1_175' title='bbox 1096 2218 1260 2279; x_wconf 79' lang='lat' dir='ltr'>Saturnum</span> <span class='ocrx_word' id='word_1_176' title='bbox 1285 2215 1391 2276; x_wconf 86' lang='lat' dir='ltr'>luisse</span> <span class='ocrx_word' id='word_1_177' title='bbox 1406 2208 1501 2273; x_wconf 91' lang='lat' dir='ltr'>borni-</span> 
     </span>
     <span class='ocr_line' id='line_1_24' title="bbox 259 2294 1501 2386; baseline -0.006 -24"><span class='ocrx_word' id='word_1_178' title='bbox 259 2299 354 2362; x_wconf 74' lang='lat' dir='ltr'>nem?</span> <span class='ocrx_word' id='word_1_179' title='bbox 384 2299 471 2372; x_wconf 86' lang='lat' dir='ltr'>Quod</span> <span class='ocrx_word' id='word_1_180' title='bbox 492 2301 610 2378; x_wconf 91' lang='lat' dir='ltr'>quidem</span> <span class='ocrx_word' id='word_1_181' title='bbox 622 2300 820 2362; x_wconf 84' lang='lat' dir='ltr'>Tertullianus</span> <span class='ocrx_word' id='word_1_182' title='bbox 844 2309 903 2363; x_wconf 72' lang='lat' dir='ltr'>mm</span> <span class='ocrx_word' id='word_1_183' title='bbox 924 2302 955 2362; x_wconf 92' lang='lat' dir='ltr'>in</span> <span class='ocrx_word' id='word_1_184' title='bbox 976 2301 1168 2382; x_wconf 71' lang='lat' dir='ltr'>apologetico</span> <span class='ocrx_word' id='word_1_185' title='bbox 1191 2319 1286 2380; x_wconf 89' lang='lat' dir='ltr'>quam</span> <span class='ocrx_word' id='word_1_186' title='bbox 1312 2301 1346 2360; x_wconf 91' lang='lat' dir='ltr'>iu</span> <span class='ocrx_word' id='word_1_187' title='bbox 1372 2294 1501 2386; x_wconf 73' lang='lat' dir='ltr'>secundq</span> 
     </span>
     <span class='ocr_line' id='line_1_25' title="bbox 260 2377 1499 2456; baseline -0.004 -9"><span class='ocrx_word' id='word_1_188' title='bbox 260 2386 296 2447; x_wconf 91' lang='lat' dir='ltr'>ad</span> <span class='ocrx_word' id='word_1_189' title='bbox 317 2384 459 2446; x_wconf 88' lang='lat' dir='ltr'>Nationes</span> <span class='ocrx_word' id='word_1_190' title='bbox 488 2384 564 2444; x_wconf 89' lang='lat' dir='ltr'>libro</span> <span class='ocrx_word' id='word_1_191' title='bbox 592 2383 687 2446; x_wconf 87' lang='lat' dir='ltr'>adhuc</span> <span class='ocrx_word' id='word_1_192' title='bbox 713 2385 867 2446; x_wconf 83' lang='lat' dir='ltr'>confirmat</span> <span class='ocrx_word' id='word_1_193' title='bbox 894 2385 1065 2448; x_wconf 85' lang='lat' dir='ltr'>testimonio</span> <span class='ocrx_word' id='word_1_194' title='bbox 1093 2385 1225 2456; x_wconf 89' lang='lat' dir='ltr'>iliodori,</span> <span class='ocrx_word' id='word_1_195' title='bbox 1259 2383 1378 2456; x_wconf 88' lang='lat' dir='ltr'>Thalli,</span> <span class='ocrx_word' id='word_1_196' title='bbox 1409 2377 1499 2442; x_wconf 82' lang='lat' dir='ltr'>Cessit</span> 
     </span>
     <span class='ocr_line' id='line_1_26' title="bbox 261 2465 1497 2548; baseline -0.007 -18"><span class='ocrx_word' id='word_1_197' title='bbox 261 2469 364 2530; x_wconf 83' lang='lat' dir='ltr'>Severi</span> <span class='ocrx_word' id='word_1_198' title='bbox 387 2479 416 2529; x_wconf 89' lang='lat' dir='ltr'>et</span> <span class='ocrx_word' id='word_1_199' title='bbox 438 2468 566 2530; x_wconf 82' lang='lat' dir='ltr'>Cornelii</span> <span class='ocrx_word' id='word_1_200' title='bbox 581 2467 715 2548; x_wconf 83' lang='lat' dir='ltr'>Nepotis,</span> <span class='ocrx_word' id='word_1_201' title='bbox 738 2469 775 2530; x_wconf 91' lang='lat' dir='ltr'>de</span> <span class='ocrx_word' id='word_1_202' title='bbox 797 2470 904 2548; x_wconf 91' lang='lat' dir='ltr'>quibus</span> <span class='ocrx_word' id='word_1_203' title='bbox 922 2469 994 2544; x_wconf 76' lang='lat' dir='ltr'>alibi</span> <span class='ocrx_word' id='word_1_204' title='bbox 1018 2470 1131 2548; x_wconf 91' lang='lat' dir='ltr'>egimus</span> <span class='ocrx_word' id='word_1_205' title='bbox 1154 2469 1334 2544; x_wconf 87' lang='lat' dir='ltr'>(Dissertat.</span> <span class='ocrx_word' id='word_1_206' title='bbox 1349 2465 1497 2528; x_wconf 87' lang='lat' dir='ltr'>iullinuc</span> 
     </span>
     <span class='ocr_line' id='line_1_27' title="bbox 260 2551 1496 2634; baseline -0.004 -19"><span class='ocrx_word' id='word_1_207' title='bbox 260 2571 323 2634; x_wconf 89' lang='lat' dir='ltr'>cap.</span> <span class='ocrx_word' id='word_1_208' title='bbox 346 2553 399 2614; x_wconf 90' lang='lat' dir='ltr'>ult.</span> <span class='ocrx_word' id='word_1_209' title='bbox 421 2553 483 2613; x_wconf 77' lang='lat' dir='ltr'>Art.</span> <span class='ocrx_word' id='word_1_210' title='bbox 507 2556 537 2616; x_wconf 82' lang='lat'>2.</span> <span class='ocrx_word' id='word_1_211' title='bbox 561 2561 591 2615; x_wconf 91' lang='lat' dir='ltr'>et</span> <span class='ocrx_word' id='word_1_212' title='bbox 611 2552 642 2614; x_wconf 92' lang='lat' dir='ltr'>in</span> <span class='ocrx_word' id='word_1_213' title='bbox 665 2553 797 2615; x_wconf 89' lang='lat' dir='ltr'>Lactaut.</span> <span class='ocrx_word' id='word_1_214' title='bbox 820 2573 845 2614; x_wconf 90' lang='lat' dir='ltr'>o.</span> <span class='ocrx_word' id='word_1_215' title='bbox 869 2558 920 2618; x_wconf 88' lang='grc'>41.</span> <span class='ocrx_word' id='word_1_216' title='bbox 943 2555 1004 2616; x_wconf 73' lang='lat' dir='ltr'>brt.</span> <span class='ocrx_word' id='word_1_217' title='bbox 1028 2557 1082 2629; x_wconf 87' lang='grc'><strong>3.).</strong></span> <span class='ocrx_word' id='word_1_218' title='bbox 1125 2554 1192 2615; x_wconf 91' lang='lat' dir='ltr'>Nou</span> <span class='ocrx_word' id='word_1_219' title='bbox 1220 2553 1292 2616; x_wconf 90' lang='lat' dir='ltr'>sine</span> <span class='ocrx_word' id='word_1_220' title='bbox 1324 2551 1428 2630; x_wconf 86' lang='lat' dir='ltr'>aliqua</span> <span class='ocrx_word' id='word_1_221' title='bbox 1455 2555 1496 2607; x_wconf 87' lang='lat' dir='ltr'>ta-</span> 
     </span>
     <span class='ocr_line' id='line_1_28' title="bbox 257 2632 1495 2725; baseline -0.003 -27"><span class='ocrx_word' id='word_1_222' title='bbox 257 2653 328 2700; x_wconf 89' lang='lat' dir='ltr'>men</span> <span class='ocrx_word' id='word_1_223' title='bbox 350 2636 556 2699; x_wconf 81' lang='lat' dir='ltr'>observatione</span> <span class='ocrx_word' id='word_1_224' title='bbox 577 2638 766 2718; x_wconf 85' lang='lat' dir='ltr'>praemittere</span> <span class='ocrx_word' id='word_1_225' title='bbox 788 2655 951 2716; x_wconf 87' lang='lat' dir='ltr'>possumus</span> <span class='ocrx_word' id='word_1_226' title='bbox 973 2639 1004 2699; x_wconf 92' lang='lat' dir='ltr'>in</span> <span class='ocrx_word' id='word_1_227' title='bbox 1026 2639 1127 2717; x_wconf 87' lang='lat' dir='ltr'>pn&#39;ore</span> <span class='ocrx_word' id='word_1_228' title='bbox 1148 2638 1225 2699; x_wconf 91' lang='lat' dir='ltr'>libro</span> <span class='ocrx_word' id='word_1_229' title='bbox 1248 2638 1405 2717; x_wconf 86' lang='lat' dir='ltr'>scriptum</span> <span class='ocrx_word' id='word_1_230' title='bbox 1425 2632 1495 2725; x_wconf 70' lang='lat' dir='ltr'>Cos·</span> 
     </span>
     <span class='ocr_line' id='line_1_29' title="bbox 258 2717 1494 2802; baseline -0.003 -19"><span class='ocrx_word' id='word_1_231' title='bbox 258 2727 324 2785; x_wconf 83' lang='lat' dir='ltr'>st&#39;tta</span> <span class='ocrx_word' id='word_1_232' title='bbox 353 2721 494 2784; x_wconf 82' lang='lat' dir='ltr'>Seuerus.</span> <span class='ocrx_word' id='word_1_233' title='bbox 538 2722 603 2782; x_wconf 87' lang='lat' dir='ltr'>lluo</span> <span class='ocrx_word' id='word_1_234' title='bbox 634 2731 731 2784; x_wconf 87' lang='lat' dir='ltr'>autem</span> <span class='ocrx_word' id='word_1_235' title='bbox 754 2741 790 2783; x_wconf 90' lang='lat' dir='ltr'>eo</span> <span class='ocrx_word' id='word_1_236' title='bbox 814 2724 934 2784; x_wconf 88' lang='lat' dir='ltr'>nomine</span> <span class='ocrx_word' id='word_1_237' title='bbox 956 2722 1087 2802; x_wconf 89' lang='lat' dir='ltr'>insigniti</span> <span class='ocrx_word' id='word_1_238' title='bbox 1109 2725 1242 2784; x_wconf 83' lang='lat' dir='ltr'>luerunt:</span> <span class='ocrx_word' id='word_1_239' title='bbox 1273 2724 1367 2794; x_wconf 89' lang='lat' dir='ltr'>alter,</span> <span class='ocrx_word' id='word_1_240' title='bbox 1401 2717 1445 2779; x_wconf 90' lang='lat' dir='ltr'>uti</span> <span class='ocrx_word' id='word_1_241' title='bbox 1467 2731 1494 2774; x_wconf 84' lang='lat' dir='ltr'>tn</span> 
     </span>
     <span class='ocr_line' id='line_1_30' title="bbox 257 2803 1490 2888; baseline -0.006 -21"><span class='ocrx_word' id='word_1_242' title='bbox 257 2805 425 2868; x_wconf 82' lang='lat' dir='ltr'>Eusebiano</span> <span class='ocrx_word' id='word_1_243' title='bbox 449 2806 596 2868; x_wconf 85' lang='lat' dir='ltr'>Chronico</span> <span class='ocrx_word' id='word_1_244' title='bbox 618 2805 754 2884; x_wconf 87' lang='lat' dir='ltr'>legimus,</span> <span class='ocrx_word' id='word_1_245' title='bbox 778 2817 886 2869; x_wconf 85' lang='lat' dir='ltr'>orator</span> <span class='ocrx_word' id='word_1_246' title='bbox 907 2812 1042 2888; x_wconf 78' lang='lat' dir='ltr'>egregius</span> <span class='ocrx_word' id='word_1_247' title='bbox 1074 2807 1197 2884; x_wconf 76' lang='lat' dir='ltr'>(Chaon.</span> <span class='ocrx_word' id='word_1_248' title='bbox 1220 2807 1339 2872; x_wconf 83' lang='lat' dir='ltr'>Euscb.</span> <span class='ocrx_word' id='word_1_249' title='bbox 1365 2803 1490 2864; x_wconf 87' lang='lat' dir='ltr'>adanu.</span> 
     </span>
     <span class='ocr_line' id='line_1_31' title="bbox 256 2889 1490 2970; baseline -0.007 -18"><span class='ocrx_word' id='word_1_250' title='bbox 256 2890 453 2966; x_wconf 71' lang='lat' dir='ltr'>mixtum),</span> <span class='ocrx_word' id='word_1_251' title='bbox 486 2891 537 2970; x_wconf 89' lang='lat' dir='ltr'>qui</span> <span class='ocrx_word' id='word_1_252' title='bbox 557 2891 681 2969; x_wconf 75' lang='lat' dir='ltr'>Augusti</span> <span class='ocrx_word' id='word_1_253' title='bbox 714 2891 902 2970; x_wconf 86' lang='lat' dir='ltr'>imperatoris</span> <span class='ocrx_word' id='word_1_254' title='bbox 935 2899 1070 2970; x_wconf 90' lang='lat' dir='ltr'>ternpore</span> <span class='ocrx_word' id='word_1_255' title='bbox 1098 2891 1272 2953; x_wconf 86' lang='lat' dir='ltr'>inexilium</span> <span class='ocrx_word' id='word_1_256' title='bbox 1295 2890 1416 2952; x_wconf 87' lang='lat' dir='ltr'>missus</span> <span class='ocrx_word' id='word_1_257' title='bbox 1438 2889 1490 2953; x_wconf 83' lang='lat' dir='ltr'>cst,</span> 
     </span>
    </p>
   </div>
   <div class='ocr_carea' id='block_1_3' title="bbox 151 2967 1487 3056">
    <p class='ocr_par' dir='ltr' id='par_1_3' title="bbox 151 2967 1487 3056">
     <span class='ocr_line' id='line_1_32' title="bbox 151 2967 1487 3056; baseline -0.007 -20"><span class='ocrx_word' id='word_1_258' title='bbox 151 3015 158 3036; x_wconf 86' lang='lat'><strong>.</strong></span> <span class='ocrx_word' id='word_1_259' title='bbox 258 2975 332 3036; x_wconf 88' lang='lat' dir='ltr'>alter</span> <span class='ocrx_word' id='word_1_260' title='bbox 354 2993 424 3035; x_wconf 84' lang='lat' dir='ltr'>vero</span> <span class='ocrx_word' id='word_1_261' title='bbox 447 2981 536 3054; x_wconf 80' lang='lat' dir='ltr'>poeta</span> <span class='ocrx_word' id='word_1_262' title='bbox 558 2975 739 3049; x_wconf 81' lang='lat' dir='ltr'>Parmensis,</span> <span class='ocrx_word' id='word_1_263' title='bbox 774 2976 823 3054; x_wconf 93' lang='lat' dir='ltr'>qui</span> <span class='ocrx_word' id='word_1_264' title='bbox 846 2995 881 3037; x_wconf 85' lang='lat' dir='ltr'>ex</span> <span class='ocrx_word' id='word_1_265' title='bbox 903 2975 939 3037; x_wconf 89' lang='lat' dir='ltr'>iis</span> <span class='ocrx_word' id='word_1_266' title='bbox 962 2994 1039 3038; x_wconf 89' lang='lat' dir='ltr'>unus</span> <span class='ocrx_word' id='word_1_267' title='bbox 1067 2975 1132 3048; x_wconf 89' lang='lat' dir='ltr'>luit,</span> <span class='ocrx_word' id='word_1_268' title='bbox 1155 2975 1205 3056; x_wconf 91' lang='lat' dir='ltr'>qui</span> <span class='ocrx_word' id='word_1_269' title='bbox 1228 2995 1298 3038; x_wconf 91' lang='lat' dir='ltr'>oum</span> <span class='ocrx_word' id='word_1_270' title='bbox 1322 2975 1418 3035; x_wconf 89' lang='lat' dir='ltr'>Bruto</span> <span class='ocrx_word' id='word_1_271' title='bbox 1439 2967 1487 3028; x_wconf 92' lang='lat' dir='ltr'>lu·</span> 
     </span>
    </p>
   </div>
   <div class='ocr_carea' id='block_1_4' title="bbox 248 3048 1576 4573">
    <p class='ocr_par' dir='ltr' id='par_1_4' title="bbox 248 3048 1576 4573">
     <span class='ocr_line' id='line_1_33' title="bbox 256 3048 1485 3148; baseline -0.001 -30"><span class='ocrx_word' id='word_1_272' title='bbox 256 3057 329 3119; x_wconf 93' lang='lat' dir='ltr'>lium</span> <span class='ocrx_word' id='word_1_273' title='bbox 352 3058 506 3148; x_wconf 71' lang='lat' dir='ltr'>Caesarem</span> <span class='ocrx_word' id='word_1_274' title='bbox 539 3058 758 3132; x_wconf 83' lang='lat' dir='ltr'>interfecerunt,</span> <span class='ocrx_word' id='word_1_275' title='bbox 792 3059 829 3121; x_wconf 93' lang='lat' dir='ltr'>de</span> <span class='ocrx_word' id='word_1_276' title='bbox 859 3078 919 3140; x_wconf 92' lang='lat' dir='ltr'>quo</span> <span class='ocrx_word' id='word_1_277' title='bbox 948 3060 1031 3140; x_wconf 90' lang='lat' dir='ltr'>plura</span> <span class='ocrx_word' id='word_1_278' title='bbox 1059 3059 1153 3121; x_wconf 88' lang='lat' dir='ltr'>Lilius</span> <span class='ocrx_word' id='word_1_279' title='bbox 1177 3060 1325 3139; x_wconf 84' lang='lat' dir='ltr'>Gyraldus</span> <span class='ocrx_word' id='word_1_280' title='bbox 1360 3048 1485 3134; x_wconf 79' lang='lat' dir='ltr'>(Gyrald.</span> 
     </span>
     <span class='ocr_line' id='line_1_34' title="bbox 255 3133 1576 3222; baseline 0.005 -22"><span class='ocrx_word' id='word_1_281' title='bbox 255 3141 330 3202; x_wconf 89' lang='lat' dir='ltr'>Dial.</span> <span class='ocrx_word' id='word_1_282' title='bbox 353 3142 400 3202; x_wconf 91' lang='lat' dir='ltr'>lV.</span> <span class='ocrx_word' id='word_1_283' title='bbox 424 3142 461 3203; x_wconf 89' lang='lat' dir='ltr'>de</span> <span class='ocrx_word' id='word_1_284' title='bbox 481 3142 568 3204; x_wconf 81' lang='lat' dir='ltr'>Post.</span> <span class='ocrx_word' id='word_1_285' title='bbox 592 3143 667 3204; x_wconf 89' lang='lat' dir='ltr'>llist.</span> <span class='ocrx_word' id='word_1_286' title='bbox 689 3161 720 3222; x_wconf 91' lang='lat' dir='ltr'>p.</span> <span class='ocrx_word' id='word_1_287' title='bbox 746 3146 841 3221; x_wconf 80' lang='lat' dir='ltr'>tao),</span> <span class='ocrx_word' id='word_1_288' title='bbox 864 3145 990 3207; x_wconf 87' lang='lat' dir='ltr'>Vossius</span> <span class='ocrx_word' id='word_1_289' title='bbox 1013 3145 1112 3218; x_wconf 88' lang='lat' dir='ltr'>(Voss.</span> <span class='ocrx_word' id='word_1_290' title='bbox 1134 3143 1266 3205; x_wconf 77' lang='lat' dir='ltr'>del‘oet.</span> <span class='ocrx_word' id='word_1_291' title='bbox 1280 3137 1483 3208; x_wconf 53' lang='lat' dir='ltr'>Latinam·</span> <span class='ocrx_word' id='word_1_292' title='bbox 1574 3133 1576 3206; x_wconf 82' lang='lat' dir='ltr'>i</span> 
     </span>
     <span class='ocr_line' id='line_1_35' title="bbox 256 3219 1482 3305; baseline -0.007 -19"><span class='ocrx_word' id='word_1_293' title='bbox 256 3225 386 3303; x_wconf 81' lang='lat' dir='ltr'>Scaliger</span> <span class='ocrx_word' id='word_1_294' title='bbox 408 3226 526 3304; x_wconf 88' lang='lat' dir='ltr'>(Scalig.</span> <span class='ocrx_word' id='word_1_295' title='bbox 549 3227 581 3287; x_wconf 91' lang='lat' dir='ltr'>in</span> <span class='ocrx_word' id='word_1_296' title='bbox 602 3226 650 3287; x_wconf 89' lang='lat' dir='ltr'>cit.</span> <span class='ocrx_word' id='word_1_297' title='bbox 674 3227 783 3288; x_wconf 86' lang='lat' dir='ltr'>Chrou.</span> <span class='ocrx_word' id='word_1_298' title='bbox 806 3227 930 3305; x_wconf 80' lang='lat' dir='ltr'>Euseb.)</span> <span class='ocrx_word' id='word_1_299' title='bbox 963 3228 1062 3290; x_wconf 87' lang='lat' dir='ltr'>etalii</span> <span class='ocrx_word' id='word_1_300' title='bbox 1095 3227 1214 3302; x_wconf 79' lang='lat' dir='ltr'>(Fabius</span> <span class='ocrx_word' id='word_1_301' title='bbox 1235 3228 1288 3289; x_wconf 92' lang='lat' dir='ltr'>lib.</span> <span class='ocrx_word' id='word_1_302' title='bbox 1315 3228 1352 3290; x_wconf 87' lang='lat' dir='ltr'>X.</span> <span class='ocrx_word' id='word_1_303' title='bbox 1376 3230 1407 3285; x_wconf 92' lang='lat' dir='ltr'>et</span> <span class='ocrx_word' id='word_1_304' title='bbox 1429 3219 1482 3279; x_wconf 90' lang='lat' dir='ltr'>Se-</span> 
     </span>
     <span class='ocr_line' id='line_1_36' title="bbox 255 3308 1482 3390; baseline -0.005 -21"><span class='ocrx_word' id='word_1_305' title='bbox 255 3325 328 3369; x_wconf 89' lang='lat' dir='ltr'>neca</span> <span class='ocrx_word' id='word_1_306' title='bbox 349 3308 444 3387; x_wconf 86' lang='lat' dir='ltr'>Epist.</span> <span class='ocrx_word' id='word_1_307' title='bbox 468 3313 542 3386; x_wconf 72' lang='lat' dir='ltr'>Nl).</span> <span class='ocrx_word' id='word_1_308' title='bbox 587 3310 716 3390; x_wconf 88' lang='lat' dir='ltr'>Uterque</span> <span class='ocrx_word' id='word_1_309' title='bbox 736 3329 829 3390; x_wconf 90' lang='lat' dir='ltr'>porro</span> <span class='ocrx_word' id='word_1_310' title='bbox 851 3331 867 3372; x_wconf 95' lang='lat' dir='ltr'>a</span> <span class='ocrx_word' id='word_1_311' title='bbox 890 3313 1040 3373; x_wconf 89' lang='lat' dir='ltr'>nonnullis</span> <span class='ocrx_word' id='word_1_312' title='bbox 1065 3313 1224 3376; x_wconf 77' lang='lat' dir='ltr'>Cornelius</span> <span class='ocrx_word' id='word_1_313' title='bbox 1235 3313 1374 3376; x_wconf 85' lang='lat' dir='ltr'>Severus</span> <span class='ocrx_word' id='word_1_314' title='bbox 1396 3319 1482 3366; x_wconf 79' lang='lat' dir='ltr'>voca-</span> 
     </span>
     <span class='ocr_line' id='line_1_37' title="bbox 254 3391 1478 3476; baseline -0.002 -22"><span class='ocrx_word' id='word_1_315' title='bbox 254 3401 313 3454; x_wconf 87' lang='lat' dir='ltr'>tur.</span> <span class='ocrx_word' id='word_1_316' title='bbox 358 3392 417 3452; x_wconf 88' lang='lat' dir='ltr'>Sed</span> <span class='ocrx_word' id='word_1_317' title='bbox 440 3393 655 3454; x_wconf 77' lang='lat' dir='ltr'>in&#39;l&#39;ertulliani</span> <span class='ocrx_word' id='word_1_318' title='bbox 676 3402 756 3455; x_wconf 83' lang='lat' dir='ltr'>textu</span> <span class='ocrx_word' id='word_1_319' title='bbox 779 3395 904 3456; x_wconf 78' lang='lat' dir='ltr'>forsitan</span> <span class='ocrx_word' id='word_1_320' title='bbox 926 3397 1057 3458; x_wconf 89' lang='lat' dir='ltr'>additum</span> <span class='ocrx_word' id='word_1_321' title='bbox 1080 3405 1127 3458; x_wconf 91' lang='lat' dir='ltr'>est</span> <span class='ocrx_word' id='word_1_322' title='bbox 1147 3414 1316 3476; x_wconf 84' lang='lat' dir='ltr'>cognomen</span> <span class='ocrx_word' id='word_1_323' title='bbox 1340 3391 1478 3456; x_wconf 71' lang='lat' dir='ltr'>Seuerus,</span> 
     </span>
     <span class='ocr_line' id='line_1_38' title="bbox 254 3475 1479 3554; baseline 0.002 -15"><span class='ocrx_word' id='word_1_324' title='bbox 254 3475 414 3539; x_wconf 87' lang='lat' dir='ltr'>ablinucio</span> <span class='ocrx_word' id='word_1_325' title='bbox 429 3475 527 3538; x_wconf 85' lang='lat' dir='ltr'>Felice</span> <span class='ocrx_word' id='word_1_326' title='bbox 549 3486 578 3538; x_wconf 89' lang='lat' dir='ltr'>et</span> <span class='ocrx_word' id='word_1_327' title='bbox 591 3477 754 3550; x_wconf 86' lang='lat' dir='ltr'>Lactantio,</span> <span class='ocrx_word' id='word_1_328' title='bbox 777 3478 854 3540; x_wconf 91' lang='lat' dir='ltr'>sicut</span> <span class='ocrx_word' id='word_1_329' title='bbox 876 3478 944 3541; x_wconf 91' lang='lat' dir='ltr'>alibi</span> <span class='ocrx_word' id='word_1_330' title='bbox 966 3481 1105 3554; x_wconf 81' lang='lat' dir='ltr'>vidimus,</span> <span class='ocrx_word' id='word_1_331' title='bbox 1128 3481 1285 3542; x_wconf 87' lang='lat' dir='ltr'>omissum.</span> <span class='ocrx_word' id='word_1_332' title='bbox 1316 3480 1392 3542; x_wconf 87' lang='lat' dir='ltr'>Nam</span> <span class='ocrx_word' id='word_1_333' title='bbox 1405 3485 1479 3552; x_wconf 58' lang='lat' dir='ltr'>&#39;quae</span> 
     </span>
     <span class='ocr_line' id='line_1_39' title="bbox 253 3556 1475 3644; baseline 0 -21"><span class='ocrx_word' id='word_1_334' title='bbox 253 3561 302 3623; x_wconf 91' lang='lat' dir='ltr'>ille</span> <span class='ocrx_word' id='word_1_335' title='bbox 330 3563 367 3623; x_wconf 91' lang='lat' dir='ltr'>de</span> <span class='ocrx_word' id='word_1_336' title='bbox 390 3561 518 3622; x_wconf 89' lang='lat' dir='ltr'>Saturno</span> <span class='ocrx_word' id='word_1_337' title='bbox 549 3570 658 3629; x_wconf 86' lang='lat' dir='ltr'>narrat.</span> <span class='ocrx_word' id='word_1_338' title='bbox 686 3562 758 3624; x_wconf 89' lang='lat' dir='ltr'>haec</span> <span class='ocrx_word' id='word_1_339' title='bbox 779 3563 880 3642; x_wconf 90' lang='lat' dir='ltr'>potius</span> <span class='ocrx_word' id='word_1_340' title='bbox 901 3584 918 3626; x_wconf 94' lang='lat' dir='ltr'>a</span> <span class='ocrx_word' id='word_1_341' title='bbox 940 3564 1043 3627; x_wconf 84' lang='lat' dir='ltr'>Cassio</span> <span class='ocrx_word' id='word_1_342' title='bbox 1066 3565 1200 3638; x_wconf 86' lang='lat' dir='ltr'>Hemina,</span> <span class='ocrx_word' id='word_1_343' title='bbox 1229 3556 1475 3644; x_wconf 77' lang='lat' dir='ltr'>quemadmodum</span> 
     </span>
     <span class='ocr_line' id='line_1_40' title="bbox 252 3637 1473 3730; baseline -0.003 -21"><span class='ocrx_word' id='word_1_344' title='bbox 252 3647 341 3709; x_wconf 89' lang='lat' dir='ltr'>etiam</span> <span class='ocrx_word' id='word_1_345' title='bbox 363 3647 579 3718; x_wconf 82' lang='lat' dir='ltr'>annotavimus,</span> <span class='ocrx_word' id='word_1_346' title='bbox 603 3665 691 3726; x_wconf 90' lang='lat' dir='ltr'>quam</span> <span class='ocrx_word' id='word_1_347' title='bbox 713 3665 729 3708; x_wconf 92' lang='lat' dir='ltr'>a</span> <span class='ocrx_word' id='word_1_348' title='bbox 752 3646 855 3710; x_wconf 86' lang='lat' dir='ltr'>Cassio</span> <span class='ocrx_word' id='word_1_349' title='bbox 878 3649 989 3711; x_wconf 88' lang='lat' dir='ltr'>Severo</span> <span class='ocrx_word' id='word_1_350' title='bbox 1013 3650 1132 3730; x_wconf 91' lang='lat' dir='ltr'>scriptis</span> <span class='ocrx_word' id='word_1_351' title='bbox 1148 3649 1254 3711; x_wconf 88' lang='lat' dir='ltr'>tradite</span> <span class='ocrx_word' id='word_1_352' title='bbox 1267 3649 1415 3712; x_wconf 85' lang='lat' dir='ltr'>videntur.</span> <span class='ocrx_word' id='word_1_353' title='bbox 1443 3637 1473 3698; x_wconf 81' lang='lat' dir='ltr'>ln</span> 
     </span>
     <span class='ocr_line' id='line_1_41' title="bbox 251 3729 1471 3819; baseline 0.003 -27"><span class='ocrx_word' id='word_1_354' title='bbox 251 3731 331 3794; x_wconf 91' lang='lat' dir='ltr'>illius</span> <span class='ocrx_word' id='word_1_355' title='bbox 365 3749 484 3812; x_wconf 91' lang='lat' dir='ltr'>quoque</span> <span class='ocrx_word' id='word_1_356' title='bbox 516 3731 551 3791; x_wconf 88' lang='lat' dir='ltr'>ad</span> <span class='ocrx_word' id='word_1_357' title='bbox 573 3729 715 3792; x_wconf 88' lang='lat' dir='ltr'>Nationes</span> <span class='ocrx_word' id='word_1_358' title='bbox 748 3731 824 3792; x_wconf 92' lang='lat' dir='ltr'>libro</span> <span class='ocrx_word' id='word_1_359' title='bbox 856 3732 892 3795; x_wconf 88' lang='lat' dir='ltr'>ab</span> <span class='ocrx_word' id='word_1_360' title='bbox 924 3735 1068 3796; x_wconf 84' lang='lat' dir='ltr'>oscitante</span> <span class='ocrx_word' id='word_1_361' title='bbox 1095 3733 1216 3796; x_wconf 89' lang='lat' dir='ltr'>librario</span> <span class='ocrx_word' id='word_1_362' title='bbox 1242 3734 1387 3814; x_wconf 86' lang='lat' dir='ltr'>scriptum</span> <span class='ocrx_word' id='word_1_363' title='bbox 1415 3729 1471 3819; x_wconf 52' lang='lat'>{⁸⁶³</span> 
     </span>
     <span class='ocr_line' id='line_1_42' title="bbox 254 3815 1470 3898; baseline -0.009 -20"><span class='ocrx_word' id='word_1_364' title='bbox 254 3816 411 3880; x_wconf 78' lang='lat' dir='ltr'>Cornelios</span> <span class='ocrx_word' id='word_1_365' title='bbox 435 3815 565 3896; x_wconf 82' lang='lat' dir='ltr'>Nepotes</span> <span class='ocrx_word' id='word_1_366' title='bbox 589 3825 617 3878; x_wconf 88' lang='lat' dir='ltr'>et</span> <span class='ocrx_word' id='word_1_367' title='bbox 642 3815 782 3879; x_wconf 77' lang='lat' dir='ltr'>Tacitum.</span> <span class='ocrx_word' id='word_1_368' title='bbox 825 3817 869 3879; x_wconf 81' lang='lat' dir='ltr'>dd</span> <span class='ocrx_word' id='word_1_369' title='bbox 891 3818 961 3898; x_wconf 94' lang='lat' dir='ltr'>quid</span> <span class='ocrx_word' id='word_1_370' title='bbox 984 3819 1062 3880; x_wconf 91' lang='lat' dir='ltr'>enim</span> <span class='ocrx_word' id='word_1_371' title='bbox 1078 3818 1119 3880; x_wconf 92' lang='lat' dir='ltr'>ibi</span> <span class='ocrx_word' id='word_1_372' title='bbox 1137 3819 1231 3882; x_wconf 76' lang='lat' dir='ltr'>Taciti</span> <span class='ocrx_word' id='word_1_373' title='bbox 1243 3818 1369 3889; x_wconf 89' lang='lat' dir='ltr'>mentio,</span> <span class='ocrx_word' id='word_1_374' title='bbox 1392 3821 1470 3872; x_wconf 82' lang='lat' dir='ltr'>curus</span> 
     </span>
     <span class='ocr_line' id='line_1_43' title="bbox 250 3895 1467 3982; baseline -0.002 -22"><span class='ocrx_word' id='word_1_375' title='bbox 250 3901 330 3962; x_wconf 88' lang='lat' dir='ltr'>nulla</span> <span class='ocrx_word' id='word_1_376' title='bbox 353 3901 383 3962; x_wconf 91' lang='lat' dir='ltr'>in</span> <span class='ocrx_word' id='word_1_377' title='bbox 398 3899 601 3982; x_wconf 77' lang='lat' dir='ltr'>Apologetico,</span> <span class='ocrx_word' id='word_1_378' title='bbox 623 3919 721 3980; x_wconf 89' lang='lat' dir='ltr'>neque</span> <span class='ocrx_word' id='word_1_379' title='bbox 742 3901 901 3965; x_wconf 86' lang='lat' dir='ltr'>alliuucio</span> <span class='ocrx_word' id='word_1_380' title='bbox 924 3910 954 3964; x_wconf 92' lang='lat' dir='ltr'>et</span> <span class='ocrx_word' id='word_1_381' title='bbox 967 3903 1121 3964; x_wconf 88' lang='lat' dir='ltr'>Lactantio</span> <span class='ocrx_word' id='word_1_382' title='bbox 1144 3905 1218 3964; x_wconf 89' lang='lat' dir='ltr'>lacta</span> <span class='ocrx_word' id='word_1_383' title='bbox 1239 3910 1286 3964; x_wconf 90' lang='lat' dir='ltr'>est</span> <span class='ocrx_word' id='word_1_384' title='bbox 1308 3895 1467 3976; x_wconf 59' lang='lat' dir='ltr'>(bissenus</span> 
     </span>
     <span class='ocr_line' id='line_1_44' title="bbox 250 3983 1466 4065; baseline -0.001 -22"><span class='ocrx_word' id='word_1_385' title='bbox 250 3983 282 4043; x_wconf 92' lang='lat' dir='ltr'>in</span> <span class='ocrx_word' id='word_1_386' title='bbox 303 3984 410 4046; x_wconf 86' lang='lat' dir='ltr'>blinuc.</span> <span class='ocrx_word' id='word_1_387' title='bbox 433 4004 497 4065; x_wconf 88' lang='lat' dir='ltr'>cap.</span> <span class='ocrx_word' id='word_1_388' title='bbox 519 3984 572 4045; x_wconf 90' lang='lat' dir='ltr'>ult.</span> <span class='ocrx_word' id='word_1_389' title='bbox 594 3985 657 4045; x_wconf 79' lang='lat' dir='ltr'>Art.</span> <span class='ocrx_word' id='word_1_390' title='bbox 674 3983 741 4061; x_wconf 72' lang='lat'><strong>2·)?</strong></span> <span class='ocrx_word' id='word_1_391' title='bbox 784 3985 889 4048; x_wconf 91' lang='lat' dir='ltr'>Nonne</span> <span class='ocrx_word' id='word_1_392' title='bbox 911 3986 951 4047; x_wconf 94' lang='lat' dir='ltr'>ibi</span> <span class='ocrx_word' id='word_1_393' title='bbox 974 3988 1051 4049; x_wconf 91' lang='lat' dir='ltr'>sicut</span> <span class='ocrx_word' id='word_1_394' title='bbox 1072 3989 1103 4049; x_wconf 92' lang='lat' dir='ltr'>in</span> <span class='ocrx_word' id='word_1_395' title='bbox 1125 3987 1243 4048; x_wconf 92' lang='lat' dir='ltr'>illorum</span> <span class='ocrx_word' id='word_1_396' title='bbox 1265 3986 1349 4048; x_wconf 91' lang='lat' dir='ltr'>libris</span> <span class='ocrx_word' id='word_1_397' title='bbox 1370 3983 1466 4058; x_wconf 81' lang='lat' dir='ltr'>legeu-</span> 
     </span>
     <span class='ocr_line' id='line_1_45' title="bbox 251 4066 1444 4152; baseline 0.006 -26"><span class='ocrx_word' id='word_1_398' title='bbox 251 4066 390 4129; x_wconf 87' lang='lat' dir='ltr'>dum·est</span> <span class='ocrx_word' id='word_1_399' title='bbox 412 4071 559 4132; x_wconf 81' lang='lat' dir='ltr'>Graecum</span> <span class='ocrx_word' id='word_1_400' title='bbox 583 4067 745 4132; x_wconf 78' lang='lat' dir='ltr'>Tballuml’</span> <span class='ocrx_word' id='word_1_401' title='bbox 1432 4117 1444 4152; x_wconf 89' lang='lat'>·.</span> 
     </span>
     <span class='ocr_line' id='line_1_46' title="bbox 338 4144 1575 4234; baseline 0.006 -23"><span class='ocrx_word' id='word_1_402' title='bbox 338 4151 485 4231; x_wconf 82' lang='lat' dir='ltr'>Quidquid</span> <span class='ocrx_word' id='word_1_403' title='bbox 515 4163 612 4216; x_wconf 85' lang='lat' dir='ltr'>autem</span> <span class='ocrx_word' id='word_1_404' title='bbox 641 4172 674 4215; x_wconf 90' lang='lat' dir='ltr'>ea</span> <span class='ocrx_word' id='word_1_405' title='bbox 696 4154 734 4214; x_wconf 90' lang='lat' dir='ltr'>de</span> <span class='ocrx_word' id='word_1_406' title='bbox 755 4171 789 4215; x_wconf 91' lang='lat' dir='ltr'>re</span> <span class='ocrx_word' id='word_1_407' title='bbox 810 4153 968 4234; x_wconf 83' lang='lat' dir='ltr'>peritiores</span> <span class='ocrx_word' id='word_1_408' title='bbox 991 4156 1195 4234; x_wconf 77' lang='lat' dir='ltr'>pronuntient,</span> <span class='ocrx_word' id='word_1_409' title='bbox 1217 4171 1343 4234; x_wconf 87' lang='lat' dir='ltr'>quomm</span> <span class='ocrx_word' id='word_1_410' title='bbox 1364 4144 1463 4212; x_wconf 83' lang='lat' dir='ltr'>iudico</span> <span class='ocrx_word' id='word_1_411' title='bbox 1574 4213 1575 4218; x_wconf 73' lang='grc'>,</span> 
     </span>
     <span class='ocr_line' id='line_1_47' title="bbox 250 4223 1463 4313; baseline 0.003 -19"><span class='ocrx_word' id='word_1_412' title='bbox 250 4249 370 4312; x_wconf 90' lang='lat' dir='ltr'>semper</span> <span class='ocrx_word' id='word_1_413' title='bbox 392 4235 546 4313; x_wconf 87' lang='lat' dir='ltr'>stabimus,</span> <span class='ocrx_word' id='word_1_414' title='bbox 569 4239 648 4301; x_wconf 77' lang='lat' dir='ltr'>haurd</span> <span class='ocrx_word' id='word_1_415' title='bbox 670 4238 838 4301; x_wconf 89' lang='lat' dir='ltr'>dubitanter</span> <span class='ocrx_word' id='word_1_416' title='bbox 853 4239 1053 4301; x_wconf 80' lang='lat' dir='ltr'>&#39;lerttulliauus</span> <span class='ocrx_word' id='word_1_417' title='bbox 1074 4240 1201 4302; x_wconf 87' lang='lat' dir='ltr'>affirmat</span> <span class='ocrx_word' id='word_1_418' title='bbox 1220 4239 1333 4302; x_wconf 81' lang='lat' dir='ltr'>nudum</span> <span class='ocrx_word' id='word_1_419' title='bbox 1353 4234 1389 4298; x_wconf 91' lang='lat' dir='ltr'>ab</span> <span class='ocrx_word' id='word_1_420' title='bbox 1408 4223 1463 4288; x_wconf 78' lang='lat' dir='ltr'>¹th</span> 
     </span>
     <span class='ocr_line' id='line_1_48' title="bbox 250 4311 1459 4404; baseline 0.004 -29"><span class='ocrx_word' id='word_1_421' title='bbox 250 4315 350 4396; x_wconf 89' lang='lat' dir='ltr'>gentili</span> <span class='ocrx_word' id='word_1_422' title='bbox 380 4317 505 4381; x_wconf 82' lang='lat' dir='ltr'>inveniri</span> <span class='ocrx_word' id='word_1_423' title='bbox 533 4331 583 4383; x_wconf 90' lang='lat' dir='ltr'>aut</span> <span class='ocrx_word' id='word_1_424' title='bbox 610 4323 692 4384; x_wconf 90' lang='lat' dir='ltr'>citari</span> <span class='ocrx_word' id='word_1_425' title='bbox 720 4341 811 4402; x_wconf 90' lang='lat' dir='ltr'>posse</span> <span class='ocrx_word' id='word_1_426' title='bbox 833 4329 993 4394; x_wconf 84' lang='lat' dir='ltr'>auctorem,</span> <span class='ocrx_word' id='word_1_427' title='bbox 1022 4325 1072 4404; x_wconf 92' lang='lat' dir='ltr'>qui</span> <span class='ocrx_word' id='word_1_428' title='bbox 1094 4341 1224 4404; x_wconf 89' lang='lat' dir='ltr'>unquam</span> <span class='ocrx_word' id='word_1_429' title='bbox 1245 4318 1392 4402; x_wconf 83' lang='lat' dir='ltr'>negaverit</span> <span class='ocrx_word' id='word_1_430' title='bbox 1410 4311 1459 4371; x_wconf 71' lang='lat' dir='ltr'>St·</span> 
     </span>
     <span class='ocr_line' id='line_1_49' title="bbox 248 4402 1461 4488; baseline 0.007 -27"><span class='ocrx_word' id='word_1_431' title='bbox 248 4409 370 4462; x_wconf 90' lang='lat' dir='ltr'>turnum</span> <span class='ocrx_word' id='word_1_432' title='bbox 392 4402 484 4464; x_wconf 82' lang='lat' dir='ltr'>titisse</span> <span class='ocrx_word' id='word_1_433' title='bbox 507 4405 668 4481; x_wconf 86' lang='lat' dir='ltr'>hominem,</span> <span class='ocrx_word' id='word_1_434' title='bbox 692 4408 743 4485; x_wconf 88' lang='lat' dir='ltr'>qui</span> <span class='ocrx_word' id='word_1_435' title='bbox 764 4405 800 4468; x_wconf 90' lang='lat' dir='ltr'>ab</span> <span class='ocrx_word' id='word_1_436' title='bbox 816 4407 873 4468; x_wconf 89' lang='lat' dir='ltr'>alio</span> <span class='ocrx_word' id='word_1_437' title='bbox 888 4407 1008 4470; x_wconf 90' lang='lat' dir='ltr'>bomine</span> <span class='ocrx_word' id='word_1_438' title='bbox 1024 4414 1055 4470; x_wconf 86' lang='lat' dir='ltr'>et</span> <span class='ocrx_word' id='word_1_439' title='bbox 1068 4408 1157 4473; x_wconf 72' lang='lat' dir='ltr'>dmm</span> <span class='ocrx_word' id='word_1_440' title='bbox 1178 4407 1290 4488; x_wconf 87' lang='lat' dir='ltr'>accepit</span> <span class='ocrx_word' id='word_1_441' title='bbox 1304 4415 1335 4470; x_wconf 88' lang='lat' dir='ltr'>et</span> <span class='ocrx_word' id='word_1_442' title='bbox 1348 4405 1461 4480; x_wconf 76' lang='lat' dir='ltr'>reguum</span> 
     </span>
     <span class='ocr_line' id='line_1_50' title="bbox 249 4478 1460 4573; baseline 0.004 -26"><span class='ocrx_word' id='word_1_443' title='bbox 249 4503 284 4547; x_wconf 91' lang='lat' dir='ltr'>ac</span> <span class='ocrx_word' id='word_1_444' title='bbox 313 4485 440 4565; x_wconf 85' lang='lat' dir='ltr'>proinde</span> <span class='ocrx_word' id='word_1_445' title='bbox 460 4487 542 4549; x_wconf 84' lang='lat' dir='ltr'>Deus</span> <span class='ocrx_word' id='word_1_446' title='bbox 575 4508 641 4554; x_wconf 87' lang='lat' dir='ltr'>esse</span> <span class='ocrx_word' id='word_1_447' title='bbox 671 4508 732 4552; x_wconf 90' lang='lat' dir='ltr'>nou</span> <span class='ocrx_word' id='word_1_448' title='bbox 764 4499 865 4570; x_wconf 84' lang='lat' dir='ltr'>potest</span> <span class='ocrx_word' id='word_1_449' title='bbox 896 4490 1086 4568; x_wconf 60' lang='lat' dir='ltr'>(Tertullians</span> <span class='ocrx_word' id='word_1_450' title='bbox 1103 4492 1259 4573; x_wconf 74' lang='lat' dir='ltr'>apologet</span> <span class='ocrx_word' id='word_1_451' title='bbox 1281 4509 1345 4571; x_wconf 86' lang='lat' dir='ltr'>cap.</span> <span class='ocrx_word' id='word_1_452' title='bbox 1368 4488 1413 4552; x_wconf 84' lang='lat'>1⁰·</span> <span class='ocrx_word' id='word_1_453' title='bbox 1434 4478 1460 4536; x_wconf 52' lang='grc' dir='ltr'>θ’</span> 
     </span>
    </p>
   </div>
   <div class='ocr_carea' id='block_1_5' title="bbox 0 0 1602 5250">
    <p class='ocr_par' dir='ltr' id='par_1_5' title="bbox 0 0 1602 5250">
     <span class='ocr_line' id='line_1_51' title="bbox 0 0 1602 5250; baseline 0 5"><span class='ocrx_word' id='word_1_454' title='bbox 0 0 1602 5250; x_wconf 95' lang='lat' dir='ltr'> </span> 
     </span>
    </p>
   </div>
  </div>
 </body>
</html>
