3126 5250
483 395 617 440 ancrons
639 395 699 440 uic.
720 397 757 440 ns
779 395 905 441 nomer.
1241 380 1303 444 ais

85 550 135 612 nis
156 547 263 628 psalmi
284 546 485 622 sanabantur,
514 555 623 628 quanto
644 547 745 626 potius
766 548 796 608 io
819 547 911 610 sacris
934 545 1091 628 synaxibus
1113 547 1228 610 concini
1249 548 1304 610 de·

85 631 221 696 hebent?
248 633 286 694 Et
307 641 386 694 certe
406 632 528 708 Plinius,
551 631 588 693 ab
609 632 675 711 ipso
698 631 877 694 Tertulliano
900 631 1005 694 citatus
1026 632 1207 706 (Tertullian.
1221 639 1305 713 Apo·

85 720 176 798 loget.
192 735 255 798 cap.
271 719 345 794 39.),
368 717 404 780 ad
419 717 588 791 Traianum,
610 717 686 779 sicut
707 725 792 779 antea
813 717 951 790 vidimus,
973 716 1131 796 scripserat
1152 736 1212 778 non
1227 717 1304 780 aliud

87 804 200 866 crimen
228 803 259 864 in
286 801 466 864 antelucanis
489 801 726 864 Christianorum
746 801 1022 882 congregationibus
1044 821 1061 863 a
1081 820 1115 863 se
1136 802 1305 881 depreben-

86 907 165 963 sum,
193 887 359 966 meiguod
386 887 526 966 hymnum
548 886 665 950 Christo
691 886 776 966 quasi
798 886 859 948 lieo
887 894 1037 948 canerent.
1080 886 1123 947 lle
1143 887 1191 949 his
1212 905 1304 968 porro

84 973 205 1053 hymnis
227 972 294 1034 alibi
317 971 518 1034 disseruimus
534 971 631 1042 (Tom.
655 971 678 1032 1.
699 970 836 1051 Apparet.
857 989 888 1051 p.
910 973 982 1036 4¹3.
1007 974 1069 1036 656
1091 978 1122 1033 et
1143 974 1239 1050 osii.

173 1056 254 1119 Talis
280 1075 371 1137 porro
399 1057 453 1118 luit
479 1055 569 1118 huius
596 1055 722 1117 convivii
743 1055 822 1128 linis,
851 1055 936 1134 quale
956 1058 1052 1118 luerat
1073 1055 1150 1118 ilbus
1173 1057 1306 1119 initium:

83 1143 165 1206 Nom
188 1145 409 1222 mansonario,
432 1141 473 1203 ait
493 1140 703 1212 Tertullianus,
732 1145 902 1204 connotant
923 1142 1046 1203 dirimit.
1089 1141 1186 1202 Finito
1209 1141 1307 1221 itaque

84 1227 270 1310 psalmorum
300 1225 362 1288 sive
389 1227 568 1288 mntieorum
597 1225 644 1286 vel
679 1225 856 1305 hymnorum
883 1233 971 1288 cantu
1003 1224 1163 1288 Christiani
1200 1245 1306 1306 preces

84 1331 194 1374 rursus
227 1311 264 1372 ad
292 1309 399 1390 gratias
426 1310 488 1372 Deo
516 1309 644 1389 agendas
674 1310 842 1372 tundebant
886 1309 1017 1390 [lenigare
1044 1312 1112 1373 inde
1135 1313 1305 1384 disceditur,

83 1397 178 1459 verba
206 1395 301 1457 adbuc
328 1401 398 1457 sunt
419 1395 600 1468 Tertulliani,
629 1395 668 1456 ad
689 1396 812 1457 eundem
835 1413 939 1456 marom
958 1395 1119 1458 modestice
1139 1407 1169 1458 et
1186 1397 1307 1477 pudici-

85 1487 156 1554 tiae,
179 1483 233 1562 gni
251 1499 313 1542 non
335 1488 397 1542 tom
418 1498 539 1543 coenans
568 1483 761 1542 coenaverint
788 1498 876 1561 poem
904 1479 1092 1562 disciplinam
1125 1480 1307 1555 (Tertullian.

84 1566 243 1647 apologet
265 1583 329 1644 cap.
351 1566 426 1640 aa),
448 1565 506 1626 hoc
527 1575 574 1625 est
594 1581 729 1625 normam
751 1564 799 1642 pie
821 1571 979 1644 sancteque
1001 1564 1117 1626 vivendi
1132 1583 1166 1626 ae
1180 1565 1308 1628 divinam

86 1663 118 1713 ct
138 1649 302 1731 spiritalem
322 1667 380 1728 qua
400 1647 476 1728 pasti
505 1649 621 1710 inerant
648 1648 822 1710 doctrinam.
865 1650 902 1710 st
928 1649 964 1710 de
986 1649 1044 1710 hoe
1065 1649 1212 1722 modesto,
1236 1650 1307 1712 reli-

86 1737 184 1814 gioso,
214 1734 321 1814 pudico
343 1733 579 1795 Christianorum
608 1732 645 1794 ab
672 1733 795 1795 ecclesia
816 1731 951 1796 discessu
972 1743 1069 1795 aetum
1091 1753 1107 1796 a
1129 1735 1217 1796 nobis
1239 1735 1309 1796 alibi

86 1821 142 1884 luit
163 1825 250 1894 (tom.
273 1819 296 1879 l.
317 1819 454 1898 Apparet.
476 1837 506 1898 p.
531 1819 642 1895 ¹113.).·

594 2037 762 2087 nstitutus
779 2036 803 2085 ll.

92 2145 209 2196 Quomodo
243 2155 269 2186 ox
293 2143 484 2198 Therapeutarum
514 2142 661 2186 conventibus
684 2153 712 2186 ca
736 2141 862 2184 conlirmori
885 2143 979 2197 possint,
1003 2153 1061 2196 quaa
1084 2141 1112 2185 ds
1136 2141 1309 2188 Christianorum

564 2208 680 2266 synaxibus
699 2209 756 2252 dicta
775 2215 833 2252 sunt.

169 2325 263 2388 Plura
284 2324 367 2386 Philo
390 2324 514 2386 ludaeos
542 2344 576 2387 ae
601 2331 672 2405 post
702 2324 784 2386 illum
813 2323 958 2386 Eusebius
993 2324 1030 2385 de
1058 2325 1310 2404 Therapeutarum

96 2409 473 2474 conventibus-memoriae
501 2409 677 2472 mandarunt
703 2409 740 2471 iis
769 2409 886 2482 similia,
915 2427 989 2488 quae
1016 2409 1046 2469 in
1075 2409 1310 2470 Christianorum

100 2494 251 2573 synaxibus
273 2501 335 2556 acta
357 2495 499 2556 hactenus
522 2493 658 2556 vidimus.
702 2493 902 2566 Quamobrem
924 2511 991 2554 eum
1012 2493 1085 2556 haee
1105 2503 1237 2556 mutuam
1253 2494 1311 2556 sibi

102 2579 182 2642 larem
214 2580 285 2640 dare
313 2579 440 2658 possint,
468 2578 578 2641 nemini
601 2579 747 2658 ingratum
768 2597 804 2639 ac
823 2577 958 2658 pluribus
980 2578 1080 2640 lorsan
1102 2597 1163 2640 non
1185 2597 1309 2658 prorsus

100 2663 191 2726 noble
217 2665 281 2726 lore
302 2677 450 2743 putamus,
471 2663 497 2725 si
518 2662 599 2725 brevi
622 2663 808 2724 enarratione
831 2670 897 2724 ante
920 2663 1050 2724 omnium
1072 2663 1174 2724 oeulos
1197 2683 1231 2725 ea
1252 2681 1310 2743 po·
1386 2731 1390 2740 ,

98 2767 209 2822 murus,
243 2767 318 2827 quae
345 2748 382 2810 ab
409 2748 468 2810 illis
491 2732 687 2826 Therapeutis
709 2747 879 2826 agebantur.
923 2746 995 2808 Nam
1017 2747 1048 2807 hi
1070 2747 1132 2808 sive
1153 2748 1311 2808 llosaicam

96 2833 195 2912 legem,
218 2833 263 2895 uti
282 2833 367 2894 Philo
390 2833 536 2913 opinatur,
558 2832 621 2894 sive
643 2831 849 2904 Christianam,
878 2831 965 2892 sicuti
985 2830 1115 2892 Eusebio
1136 2831 1232 2893 visum
1255 2841 1310 2902 est,

97 2917 153 2979 sire
180 2927 215 2980 ut
242 2917 455 2980 recentioribus
484 2917 658 2996 quibusdam
678 2915 797 2995 placuit,
827 2921 981 2994 utramque
1003 2915 1090 2976 simul
1112 2915 1312 2987 observarent,

97 3021 128 3063 ex
149 3004 256 3064 borum
279 3011 358 3064 certe
379 3001 486 3063 ritibus
508 3001 556 3062 illa
577 3000 663 3080 plane
684 3000 794 3061 firmari
821 3007 949 3078 possunt
982 3017 1057 3078 quae
1078 2999 1115 3060 de
1137 3000 1312 3062 Christianis

97 3083 294 3149 Tertullianus
317 3087 424 3148 retulit.

178 3172 284 3233 Narrat
306 3180 403 3232 autem
425 3169 509 3232 Philo
531 3169 658 3230 ludaeos
681 3167 728 3230 bis
742 3167 948 3246 Therapeutis‚
971 3187 1047 3248 quos
1062 3167 1209 3230 Eusebius
1223 3169 1311 3230 ldarci

97 3256 288 3335 evangelistae
309 3255 470 3334 discipulos
493 3272 563 3316 esse
584 3253 741 3326 existimat,
774 3253 932 3332 septimum
954 3253 1096 3332 cuiusque
1118 3252 1312 3316 hebdomadis

97 3340 174 3402 dem
195 3341 289 3404 luisse
310 3343 419 3402 lestum
439 3346 648 3411 maceratum,
678 3338 732 3400 sed
753 3357 819 3400 eum
842 3337 871 3399 in
893 3337 1007 3417 primis,
1037 3339 1087 3417 qui
1107 3347 1179 3418 post
1200 3346 1313 3418 septem

100 3425 296 3488 hebdomadas
319 3425 445 3486 recurrit
466 3423 561 3497 (Philo
584 3424 620 3485 de
635 3423 699 3485 Vita
721 3421 883 3502 Contempl.
906 3441 936 3502 p.
960 3425 1020 3488 893
1044 3431 1074 3484 et
1096 3425 1157 3488 899
1179 3431 1210 3486 et
1230 3441 1312 3503 seqq.

99 3508 204 3572 Euaeb.
226 3510 277 3572 lib.
300 3509 337 3572 ll.
360 3509 470 3570 Eceles.
493 3509 607 3570 ilistor.
631 3527 693 3588 cap.
719 3511 758 3572 iii
780 3515 894 3587 etseq.
916 3525 946 3588 p.
969 3510 1010 3572 53
1025 3513 1169 3588 etseqq.).
1201 3509 1312 3570 Omnes
1361 3535 1367 3542 ·

98 3611 168 3655 vero
189 3595 228 3656 illi
251 3603 310 3656 tam
330 3593 386 3654 viri
414 3612 501 3672 quam
522 3591 661 3654 mulieres
684 3611 721 3654 eo
742 3592 790 3654 die
819 3593 849 3654 in
877 3610 969 3654 unum
1001 3593 1098 3655 locum
1127 3593 1211 3672 signo
1244 3593 1313 3653 dato

100 3679 309 3742 conveniebant
329 3677 498 3758 inibantquc
520 3677 685 3739 convivium
707 3695 741 3738 ao
762 3677 884 3738 sublatis
907 3677 938 3738 in
961 3677 1073 3738 caelum
1089 3676 1181 3738 oculis
1197 3683 1226 3737 et
1239 3692 1311 3736 'ma-

100 3761 184 3824 nibus
204 3763 399 3844 precabantur
422 3770 455 3824 ut
474 3763 536 3824 lieo
557 3762 695 3842 placeret.
738 3761 890 3824 Absolutis
922 3760 1059 3841 precibus
1092 3759 1315 3822 discumbebant

101 3863 154 3925 pro
176 3849 317 3927 mosque
339 3846 487 3927 dignitate,
509 3847 549 3908 ita
570 3856 668 3908 tamen
689 3854 721 3907 ut
740 3845 796 3906 viri
818 3845 962 3920 deinum,
992 3846 1117 3907 leminae
1145 3861 1215 3904 aero
1243 3862 1313 3904 eae-

102 3949 158 4008 que
183 3951 285 3996 omnes
313 3933 487 4012 pleraequae
515 3940 621 4010 sponte
649 3949 704 3991 sua
724 3928 852 4009 virgines
885 3930 1038 3992 sinistrum
1066 3929 1141 3991 latus
1171 3935 1314 3989 tenerent

102 4013 178 4078 Nihil
196 4027 294 4080 autem
317 4017 349 4078 in
370 4017 428 4078 hoe
449 4015 580 4078 convivio
602 4013 804 4095 apponebatur
824 4013 882 4076 nisi
904 4015 989 4094 panis
1010 4032 1065 4094 pro
1088 4012 1164 4086 cibo,
1187 4012 1230 4074 sal
1258 4031 1314 4092 pro

104 4097 225 4164 obsonio
254 4111 285 4164 et
313 4100 530 4163 delicatioribus
552 4119 606 4181 pro
628 4099 816 4161 condimento
838 4098 996 4179 hyssopus,
1024 4098 1078 4158 sed
1100 4097 1237 4158 omnibus
1258 4115 1314 4176 pro

103 4191 174 4262 potu
199 4184 273 4267 aqna
300 4186 374 4260 sola,
402 4193 452 4248 aut
477 4185 582 4265 frigida
609 4191 660 4246 aut
687 4183 855 4245 senioribus
884 4184 992 4251 calida,
1020 4189 1122 4262 utpote
1144 4181 1193 4261 qui
1215 4181 1315 4244 vinum

106 4267 244 4334 haherent
274 4289 329 4352 pro
370 4288 495 4332 veneno.
555 4271 709 4332 Summum
736 4287 807 4330 vero
841 4285 896 4347 per
923 4276 1017 4330 totum
1046 4266 1171 4328 convivii
1198 4275 1316 4347 tempus

105 4355 231 4418 omnium
259 4356 410 4419 silentium
438 4361 508 4429 erat,
536 4355 605 4415 dum
632 4353 668 4416 ab
697 4370 757 4414 uno
786 4361 899 4413 mutum
921 4351 1015 4431 abque
1036 4353 1257 4431 proponebatur
1279 4369 1315 4414 ex

106 4435 199 4501 Sacis
220 4440 382 4520 seripturis
404 4439 537 4520 quaestio
558 4438 605 4500 vel
626 4437 778 4518 proposita
799 4436 977 4498 solvebatur.
1349 4511 1355 4520 ,

186 4525 330 4589 Postbaec
344 4525 441 4587 coetui
455 4523 641 4605 praepositus
656 4524 797 4603 hymnum
811 4540 828 4582 a
843 4539 875 4582 se
890 4521 1086 4601 compositum
1101 4529 1151 4583 aut
1165 4529 1315 4600 sumptum

110 4619 151 4665 8¹
166 4599 252 4674 sacris
272 4609 389 4674 rabbus
402 4607 606 4692 praecinebat,
628 4626 716 4688 quem
737 4606 948 4688 uuusquisque,
963 4623 1019 4668 suo
1034 4625 1069 4670 ac
1083 4607 1198 4672 decenti
1213 4605 1317 4668 ordine
