3166 5250
429 429 432 437 ι
473 376 688 454 οοοοοοο’πιο.
710 409 747 454 nn
768 409 895 454 nonnas.
1228 398 1290 462 tlt

86 562 180 642 stipiti
209 565 470 638 superuniuntur,
508 564 596 624 assito
625 561 732 624 deinde
759 561 896 624 dolantur
923 568 953 622 et
980 569 1116 624 secantur
1141 567 1289 637 runcinis,

85 646 145 707 sive
170 643 261 706 serris
290 643 466 720 maioribus,
500 657 530 708 et
557 647 701 717 scabinis,
734 645 763 706 id
786 655 831 707 est
851 645 941 720 limis,
963 646 1175 725 perpoliuntur.
1212 648 1290 721 Quid

84 748 166 803 vero,
197 729 277 808 quod
298 739 368 792 unte
386 730 554 810 plumbum,
587 730 668 793 addit
689 729 752 803 ille,
784 731 934 810 plotinum
955 743 983 794 et
1004 731 1146 811 gompbos
1174 734 1289 811 (graece

28 855 29 872 .
82 810 238 898 γόμφους)
275 813 337 875 sire
374 815 470 876 cleros
503 814 609 894 quibus
642 815 883 895 cqmpinguntur,
920 819 985 878 sine
1017 819 1113 896 cupite
1145 828 1217 878 sunt
1248 819 1291 880 dii

82 899 174 974 (Varo.
196 897 261 960 Lib.
283 898 331 958 Vl.
353 898 389 960 de
410 899 495 978 Ling.
518 899 612 962 Latio.
634 917 700 980 pag.
723 897 812 978 54.)1
855 899 961 960 Nonne
989 907 1086 961 autern
1114 900 1160 960 bis
1189 901 1288 963 verbis

81 983 223 1062 significat
242 982 390 1046 simulacri
412 990 498 1063 caput
518 985 675 1062 separatim
702 985 811 1048 lactum
844 984 1072 1064 impositumque
1099 992 1203 1063 postea
1225 985 1289 1048 eius

67 1067 196 1148 ,corpori
218 1066 363 1146 clarisque
385 1066 425 1128 illi
447 1066 588 1130 altinum?

161 1151 220 1214 Sed
241 1151 330 1214 hasce
351 1151 543 1231 ignominias,
572 1162 606 1215 ut
626 1153 675 1216 ille
697 1153 738 1216 ait
757 1152 940 1227 (Tertulliun.
963 1153 1029 1216 loeo
1052 1154 1124 1231 cit),
1146 1154 1177 1215 bi
1198 1173 1288 1235 prae-

74 1245 188 1298 stantes
210 1235 250 1297 dii
273 1235 333 1297 sire
356 1235 511 1300 simulacra
532 1237 612 1300 nullo
634 1239 710 1300 vitae
731 1239 801 1299 llatu
823 1237 948 1300 animata
968 1257 1030 1300 non
1044 1239 1184 1302 sentiunt
1218 1240 1287 1302 Sta-

73 1330 143 1384 tuae
172 1321 321 1382 enimvero
351 1329 380 1383 et
407 1321 528 1402 frigidae
556 1322 697 1402 imagines
725 1329 911 1384 mortuorum
937 1322 1089 1384 bominum
1112 1324 1287 1400 simillimae,

75 1407 155 1468 sicut
177 1404 377 1467 lubricationis
399 1425 471 1469 suae
492 1405 636 1469 dedecore
658 1425 718 1468 non
745 1415 920 1486 tanguntur,
952 1407 992 1468 ita
1020 1427 1074 1470 nec
1103 1408 1287 1471 adorantium

73 1491 155 1553 cultu
177 1498 206 1572 et
228 1489 382 1569 obsequio.
426 1491 490 1552 Huc
510 1492 637 1566 accedit,
669 1491 747 1571 quod
769 1492 855 1553 istam
884 1490 1107 1554 simulacrorum
1129 1493 1286 1574 stupidita-

73 1585 136 1638 tem
157 1575 256 1648 milui,
286 1574 396 1654 inquit,
428 1595 529 1638 mures
551 1587 581 1638 et
601 1596 731 1639 unumne
751 1577 924 1656 inteilipnnt
943 1575 1057 1653 (ibid),
1081 1595 1146 1638 curn
1168 1578 1288 1658 impune

73 1659 105 1722 in
130 1660 177 1722 bis
199 1659 304 1722 statuis
326 1659 476 1721 nidificant
497 1677 605 1740 eosque
633 1661 695 1724 suis
717 1661 907 1739 coinquinent
928 1662 1118 1724 stercoribus.
1161 1663 1287 1725 Facilius

71 1763 146 1806 vero
169 1744 245 1806 illam
268 1743 467 1823 intelligebant
487 1746 567 1808 iures
588 1745 694 1826 aliique
716 1745 853 1807 homines
876 1745 968 1824 impii,
990 1765 1007 1806 a
1029 1765 1154 1826 quorum
1175 1748 1288 1826 rapinis

72 1837 105 1890 et
128 1827 310 1890 contumeliis
331 1847 480 1909 nunquam
502 1829 567 1892 sine
582 1829 793 1892 caesareorum
807 1830 931 1892 militum
948 1831 1078 1893 excubiis
1093 1832 1166 1893 haec
1191 1831 1285 1894 simu-

72 1913 156 1974 lacra
176 1920 237 1975 tuta
258 1931 324 1974 esse
345 1923 490 1993 poterant.
536 1914 596 1976 Sed
617 1916 708 1977 istaec
728 1914 759 1976 in
781 1914 986 1996 superioribus
1007 1916 1118 1978 nostris
1140 1915 1286 1978 disserta-

73 1997 208 2060 tionibus
231 1997 444 2060 enucleavimus
466 1998 632 2073 (Ilissertat.
655 2000 685 2060 in
706 1999 815 2062 blinuc.
830 2018 894 2080 cap.
909 2002 961 2064 21.
975 2001 1036 2062 nrt.
1055 2006 1069 2066 1
1088 2008 1118 2062 ct
1132 2001 1162 2062 in
1176 2001 1286 2064 Arnob.
1345 2063 1350 2072 ,

70 2101 138 2162 cap.
162 2084 213 2146 22.
234 2082 295 2144 drt,
318 2085 337 2148 3
360 2091 390 2144 et
410 2083 441 2144 in
462 2083 593 2148 Laownt.
616 2103 678 2164 cap.
701 2083 835 2149 331111.
858 2089 911 2160 5.).
1290 2163 1292 2172 ‚

160 2166 268 2228 Contra
289 2185 359 2230 vero
382 2167 567 2231 clamitabant
588 2169 695 2232 ethnici
717 2168 823 2249 impias
846 2187 912 2231 esse
934 2167 988 2230 has
1009 2186 1096 2232 voces
1113 2179 1142 2231 et
1156 2171 1286 2233 conuicia
1341 2187 1344 2200 ¹

66 2251 229 2331 sacrilega:
263 2251 323 2314 Sed
343 2253 519 2332 infrendite,
541 2253 582 2315 eit
599 2253 646 2315 'eis
667 2255 777 2316 ductor
798 2261 910 2328 noster,
940 2263 969 2315 et
989 2255 1167 2334 inspumate,
1190 2274 1286 2334 quun-

64 2345 134 2398 tum
157 2336 320 2410 volueritis,
342 2337 414 2398 nibil
437 2355 509 2400 sane
530 2338 566 2398 hi,
581 2338 724 2401 clamores
747 2337 831 2400 vobis
852 2338 1025 2418 proderunt.
1055 2338 1185 2400 Audistis
1208 2339 1287 2402 enim

63 2420 229 2501 aliquando
253 2419 393 2484 Senecam
415 2421 556 2504 aliquem,
586 2423 632 2484 cui
654 2423 794 2502 reiragari
816 2423 959 2502 nequitis,
986 2423 1129 2504 pluribus
1152 2434 1181 2485 et
1202 2443 1287 2485 nanu-

62 2507 208 2568 rioribns
231 2507 330 2568 uerbis
353 2507 387 2568 de
408 2518 512 2568 oestro
539 2512 754 2588 superstitione
771 2517 969 2587 perorantem
999 2507 1182 2582 (Tertullian.
1205 2509 1285 2587 llpo-

61 2590 161 2671 loget.
185 2607 249 2670 cap.
273 2593 346 2668 tu).
390 2591 473 2664 Quae
500 2609 569 2653 vero
593 2591 653 2652 sint
679 2593 752 2653 haec
773 2591 902 2653 Senecae
923 2590 1012 2652 verba
1040 2591 1233 2654 indicavimus
1255 2593 1286 2654 in

59 2676 124 2737 alia
159 2683 262 2736 nostro
295 2674 517 2750 dissertatione,
553 2675 604 2738 ubi
638 2683 667 2736 et
699 2676 777 2738 bunc
804 2675 975 2737 Tertulliani
1004 2674 1101 2737 locum
1134 2677 1287 2739 citavimus

58 2761 239 2836 (Dissertat.
263 2759 292 2820 in
314 2759 445 2822 Lactant.
473 2779 535 2840 cap.
558 2762 609 2824 33.
631 2760 693 2821 nn.
716 2763 769 2836 3.).
813 2758 951 2832 Quamvis
978 2767 1075 2822 autem
1097 2761 1209 2822 Seneca
1239 2770 1286 2821 ta-

57 2846 199 2914 cuisset,
231 2861 292 2905 non
320 2844 418 2906 minus
439 2844 564 2906 validum
586 2851 632 2905 est
651 2844 787 2905 Auctoris
816 2844 911 2905 nostri
933 2851 1152 2922 argumentum,
1184 2853 1285 2908 contm

57 2930 151 3009 quod
173 2927 296 3008 gentiles
319 2929 438 2990 rubiose
459 2929 577 3009 quidem
598 2929 778 3008 insptunare‚
807 2927 861 2990 sed
882 2929 945 2990 eius
968 2927 1026 2989 vim
1048 2928 1208 3009 infringere
1229 2947 1286 2991 ne-

83 3014 203 3076 uibant.
1290 3069 1299 3085 ,

57 3033 80 3093 q
158 3097 231 3168 Quis
259 3098 347 3177 igitur
375 3115 436 3159 non
458 3091 622 3178 deplorabit
649 3115 763 3158 caecam
794 3097 908 3158 illorum
942 3096 1136 3177 impietatem,
1172 3097 1221 3178 qui
1254 3108 1286 3161 ot

54 3181 169 3245 maior
189 3181 245 3242 diis
273 3183 336 3244 suis
373 3201 426 3244 seu
454 3181 619 3252 simulacris
646 3182 805 3243 haberetur
824 3181 988 3242 veneratio:
1025 3181 1158 3258 Bestius,
1192 3183 1286 3262 inquit

55 3265 279 3339 Tertullianus,
302 3267 408 3330 Libero
430 3278 460 3329 et
482 3267 586 3346 Cybele
607 3277 635 3329 et
658 3266 786 3330 Caelesti
804 3265 987 3346 applicabant
1008 3267 1284 3348 (Tertulliandpo-

50 3353 129 3431 log.
154 3369 217 3430 cap.
242 3354 317 3430 tt),
350 3351 382 3414 id
404 3359 450 3413 est
471 3351 587 3414 illorum
613 3351 727 3426 currui,
755 3370 812 3430 quo
834 3351 901 3414 nebi
923 3350 1130 3430 tingebantur?
1173 3353 1286 3416 Currus

50 3437 150 3500 enim
173 3435 271 3498 Liberi
292 3435 463 3498 trahebatur
485 3435 608 3516 tigribus
630 3436 875 3516 quemadmodum
896 3435 933 3498 ab
956 3436 1060 3497 Ouidio
1076 3437 1174 3508 (ovid.
1189 3439 1283 3500 bleta-

45 3521 188 3600 morpb.
217 3521 274 3582 lab.
304 3521 355 3583 ult
385 3529 415 3582 et
440 3519 491 3582 lib.
513 3522 550 3582 de
570 3521 641 3583 Arte
661 3521 784 3583 Amandi
812 3541 839 3583 r.
862 3523 963 3598 5611),
996 3519 1118 3602 aliisque
1150 3522 1284 3602 pluribus

44 3608 183 3669 discere
206 3614 261 3667 est.
306 3604 505 3678 Quamobrem
526 3605 598 3668 satis
621 3605 677 3668 erit
698 3606 769 3668 baec
790 3605 896 3668 citasse
917 3605 1028 3684 Virgilii
1050 3607 1193 3668 carmina:

218 3690 280 3754 Nee
301 3694 354 3773 qni
369 3695 536 3772 pampineis
557 3696 657 3753 sistor
677 3695 747 3772 tngo
768 3693 864 3770 flectit
885 3691 1007 3752 iubenis

225 3775 321 3847 Liber,
344 3793 434 3856 egens
457 3774 535 3838 celso
558 3775 659 3854 Nysae
681 3775 716 3836 de
738 3777 850 3838 uertice
872 3781 973 3856 tigres.

642 3858 754 3937 (virgil.
778 3857 829 3919 lib.
851 3859 898 3919 vl.
920 3858 1041 3920 Aeneid.
1064 3878 1090 3918 v.
1115 3860 1199 3933 779.)

40 3943 193 4025 Cybeles
216 3961 286 4005 vero
308 3961 427 4006 currum
447 3942 592 4006 cebebant
612 3942 725 4016 leones,
749 3942 835 4004 sicuti
857 3943 934 4004 canit
954 3942 1125 4005 Lucretius:

222 4027 308 4092 Hanc
328 4041 445 4091 veteres
468 4028 602 4091 Groinns·
612 4028 696 4091 docti
718 4033 848 4090 cecinere
865 4032 974 4108 poitne

223 4111 348 4176 Sedibus
370 4117 403 4176 in
425 4131 521 4176 cnrrsr
543 4113 656 4192 biiugos
678 4116 795 4192 agitare
822 4111 929 4182 leones,

221 4199 309 4260 diris
332 4203 366 4260 in
387 4201 486 4280 spolio
507 4215 646 4279 neaman
664 4197 795 4277 pendere
816 4197 954 4260 docentes

225 4281 381 4354 Tellurem,
405 4301 498 4364 neqm
514 4299 606 4364 posse
627 4286 660 4344 in
681 4292 768 4343 terro
790 4284 896 4342 sistere
919 4290 1042 4342 terrens.

635 4365 766 4442 (Lucret.
787 4363 839 4425 lib.
860 4363 945 4424 ll.-r.
968 4363 1030 4427 6011
1053 4369 1082 4422 et
1102 4363 1196 4440 seqq.)

33 4450 218 4518 Diodorus
246 4471 317 4514 vero
340 4450 456 4515 Simulus
484 4451 587 4514 scribit
613 4450 701 4513 huius
732 4449 803 4511 deae
832 4446 987 4509 simulacro
1015 4447 1123 4508 idcirco
1146 4447 1283 4508 admotos

33 4542 169 4602 leones
186 4545 217 4598 et
230 4537 375 4616 pardales,
391 4536 457 4617 quia
472 4534 508 4598 ob
523 4535 570 4598 bis
585 4535 695 4598 nutrita
710 4533 859 4597 serebatur
872 4531 1004 4610 (biodor.
1015 4531 1065 4594 lib.
1077 4531 1127 4593 lll.
1141 4530 1281 4594 Bibliotb.

33 4639 132 4707 pag.
157 4623 254 4701 135.)
