3082 5238
18 376 76 430 arar.
448 405 586 452 sacrans
605 406 647 450 ro.
669 407 737 450 aaa.
760 405 924 450 uoassmr.
991 415 994 423 ·
1231 391 1293 454 567

23 555 60 598 ¹³¹²*
75 565 160 620 actas
175 575 236 619 non
258 557 356 618 minus
378 563 505 629 constat,
527 575 614 636 quam
637 555 678 628 id,
706 556 783 634 qnod
806 555 867 616 sint
887 573 904 616 a
926 555 1107 618 Tertulliano
1130 563 1192 618 tum
1214 557 1295 632 editi,

19 641 141 702 ‘limum
163 641 199 702 ad
221 642 351 702 Montani
373 640 557 720 disciplinam
581 659 615 702 se
636 641 739 702 relicta
760 647 859 700 votare
882 640 1066 702 contulisset.
1118 640 1198 702 later
1219 661 1295 719 quos

19 724 321 803 1⁶·:primumlocum
343 732 426 786 tenet
444 725 521 785 liber
542 723 579 784 de
601 723 728 795 Corona,
750 723 781 782 in
804 723 887 784 ouius
909 731 1034 784 mutem
1057 730 1090 784 ut
1111 723 1294 801 inquiramus

18 809 171 888 2³-upaullo
193 808 320 887 plenius,
343 827 451 888 operae
473 808 589 868 videtur
610 808 737 886 pretium
760 825 827 867 esse
849 824 886 865 eo
906 806 1011 884 magis,
1034 825 1094 884 qno
1116 807 1225 868 oer·tius
1247 809 1296 871 bic

71 893 162 954 veluti
182 889 392 976 παράπηγμα
413 899 476 964 est,
505 891 542 952 ad
564 891 644 968 quod
666 890 801 968 exigendi
823 897 893 950 sunt
915 890 1006 951 ceteri
1029 908 1134 950 onmes
1156 890 1241 964 libri,
1268 893 1294 954 si

69 977 143 1038 illud
166 977 264 1038 veniat
284 975 585 1048 incontroversiam,
608 983 709 1036 uuum
733 974 794 1034 sint
814 981 881 1034 ante
904 973 1075 1034 Tertulliani
1097 973 1293 1038 deiectionem

67 1061 185 1139 scripti,
207 1079 264 1122 nec
284 1059 346 1122 nai
384 1060 450 1132 Qua
471 1058 508 1120 de
530 1077 563 1120 re
585 1077 651 1120 cum
674 1058 825 1118 rideamus
848 1057 952 1118 doctos
973 1057 1112 1118 bomines
1134 1058 1222 1120 variis
1245 1060 1293 1122 in·

69 1153 116 1206 ter
133 1163 168 1218 sc
184 1145 329 1216 dissidere
345 1142 513 1216 sententiis,
535 1143 642 1220 quibus
657 1141 837 1222 impedivere
857 1141 950 1220 magis
964 1143 1116 1207 veritatem
1139 1141 1294 1206 invenien-

67 1228 140 1290 dam
163 1247 250 1306 quam
273 1227 462 1306 expedivere:
500 1227 625 1288 candide
653 1226 803 1298 dicemus,
836 1243 912 1304 quae
939 1226 1001 1287 veri
1030 1225 1138 1286 similia
1159 1227 1295 1290 videntur

32 1355 46 1378 r.
66 1313 175 1384 nobis,
198 1331 232 1374 ac
253 1331 312 1372 una
332 1321 449 1373 utamur
470 1329 563 1389 eaque
585 1309 678 1388 prima
699 1310 767 1371 libri
789 1310 938 1382 sectione,
961 1329 996 1370 ex
1019 1329 1077 1389 qua
1105 1309 1168 1370 erui
1194 1321 1296 1389 potest

17 1401 26 1483 ,
50 1404 101 1458 'et
124 1397 189 1475 ipsa
213 1396 370 1473 scriptoris
393 1395 527 1455 doctrina
549 1401 579 1455 et
601 1401 734 1472 tempus,
768 1411 826 1472 quo
849 1394 1069 1455 istum'librum
1090 1394 1122 1454 in
1143 1395 1293 1473 publicum

18 1473 52 1496 ”’
68 1480 213 1560 propulit.
256 1481 351 1558 Atque
374 1479 452 1540 ittam
474 1477 565 1544 cuivis
586 1478 656 1539 licet
677 1477 840 1556 intelligere
863 1496 899 1538 ex
920 1477 977 1539 ista
999 1477 1201 1557 disputatione
1223 1479 1293 1540 uni·
1316 1485 1320 1490 '
1418 1529 1421 1536 .

67 1583 157 1626 versa
179 1565 216 1625 de
237 1563 383 1642 fugiendis
405 1563 452 1636 iis,
475 1581 550 1640 quae
572 1562 617 1624 val
637 1562 789 1622 minimam
810 1560 1011 1640 suspicionem
1028 1563 1125 1624 cultus
1139 1580 1293 1624 commen-

17 1643 31 1729 ,ᾗ
69 1649 204 1709 titiorum
227 1648 352 1708 deorum
375 1647 501 1708 excitare
523 1653 664 1725 possent3
686 1646 735 1706 ubi
750 1645 946 1708 disserentem
961 1647 1061 1708 audiet
1071 1645 1293 1721 Tertullianum,

68 1751 132 1792 non
155 1751 223 1793 eum
246 1731 365 1810 quidem
386 1731 543 1809 placidum,
566 1729 733 1790 modestum
755 1738 843 1809 atque
865 1730 1029 1802 cedentem,
1055 1730 1109 1790 sed
1131 1740 1292 1805 austerum,

19 1819 30 1898 'J
70 1817 127 1876 sed
148 1816 362 1888 vehementem,
391 1815 445 1878 sed
466 1815 510 1875 ira
532 1814 674 1874 adversus
696 1832 785 1875 secus
807 1814 971 1876 sentientes
993 1813 1166 1876 mirabiliter
1187 1815 1292 1898 inaen-

71 1918 158 1971 sum,
192 1907 225 1960 ut
246 1901 308 1963 lere
331 1899 430 1960 solent
451 1899 487 1970 ii,
520 1897 571 1976 qui
597 1897 748 1958 modoad
776 1897 960 1977 disciplinam
994 1898 1120 1977 adquam
1142 1900 1293 1978 progressi

20 1989 31 2015 ·'
69 1983 232 2062 plmimum
254 1980 310 2044 sibi
333 2001 437 2061 sapere
458 1983 604 2043 ridentur.
632 1981 761 2044 Alterius
784 1982 863 2044 enim
886 1991 983 2043 sectae
1003 1993 1146 2063 pastores
1168 1983 1239 2044 dum
1253 1984 1294 2044 ait

17 2077 42 2086 ¹·
70 2086 141 2128 esse
169 2073 202 2128 iu
227 2087 302 2148 pace
329 2068 444 2137 leones,
481 2071 514 2128 iu
538 2066 659 2146 proelia
689 2085 796 2128 cervos
833 2084 940 2148 eosque
973 2071 1128 2146 respuisse
1157 2067 1292 2147 Spiritus

17 2161 35 2176 ¹*
70 2155 174 2213 sancti
197 2153 391 2230 propbetias,
428 2159 550 2229 apparet
571 2168 642 2210 sane
663 2149 793 2216 Montani
824 2149 999 2228 discipulum
1030 2149 1078 2210 bic
1099 2149 1197 2228 loqui,
1230 2169 1292 2210 non

70 2237 240 2296 eommunis
262 2235 411 2296 Ecclesiae
434 2235 577 2296 sodalem.
620 2233 752 2312 Namque
783 2233 829 2294 bis
858 2233 957 2294 verbis
984 2242 1015 2294 et
1043 2233 1116 2294 alius
1139 2254 1172 2296 se
1194 2233 1292 2314 gregis

68 2338 140 2382 esse
161 2320 318 2398 profitetur
340 2319 425 2391 acii,
449 2337 575 2396 quorum
597 2318 736 2378 doctores
758 2317 921 2396 impugnat,
944 2317 1065 2398 etquid
1088 2336 1174 2378 suum
1186 2318 1292 2380 adver·
1404 2323 1407 2330 '

17 2409 23 2444 l
68 2422 125 2466 sus
149 2422 201 2464 eas
225 2403 354 2464 animum
377 2402 582 2474 concitaverit,
611 2401 767 2480 perspicue
788 2401 912 2474 indicat,
941 2401 1080 2464 nimirum
1103 2399 1190 2475 illud,
1212 2401 1293 2481 quod

29 2514 37 2527 ··
69 2506 175 2549 secum
210 2487 313 2548 eadem
342 2486 482 2546 Paracleti
504 2486 750 2546 Montanistarum
782 2486 899 2546 decreta
932 2504 993 2546 non
1025 2487 1156 2546 luissent
1187 2485 1291 2546 secuti.

16 2571 21 2616 ⁷
66 2572 154 2632 lianc
174 2571 297 2632 eandem
319 2570 386 2631 libri
408 2571 571 2631 sectionem
593 2569 630 2629 iis
644 2569 743 2630 verbis
758 2569 882 2640 orditur,
906 2587 981 2646 quae
996 2569 1087 2630 londa
1102 2569 1198 2630 instar
1213 2577 1291 2642 sunt,

22 2683 23 2690 ¹
66 2675 105 2717 ex
128 2674 186 2734 quo
210 2655 307 2716 omnis
329 2653 490 2714 bauricnda
514 2661 561 2712 est
581 2653 687 2713 aetatis
709 2652 823 2712 notitia.
868 2652 911 2712 lta
942 2671 1015 2712 vero
1048 2653 1111 2713 ille:
1150 2653 1292 2714 Proicirae

63 2743 183 2820 sactum
213 2751 266 2800 est.
309 2739 490 2800 Liberalitas
516 2741 855 2816 praestantissimorum
882 2741 1102 2814 imperatorum
1135 2755 1291 2815 eapuape-

17 2834 25 2858 ³
65 2826 169 2887 batur.
189 2829 221 2884 iu
250 2827 371 2884 castris.
416 2821 526 2884 Milites
550 2819 686 2881 laureati
711 2821 844 2881 adibant.
892 2820 1022 2892 Quidam
1043 2819 1107 2880 illic
1128 2824 1222 2897 inopis
1245 2821 1293 2880 dei

16 2925 17 2928 ’
64 2907 156 2970 miles
179 2939 217 2950 -
235 2906 376 2968 -solus
400 2905 495 2966 libero
519 2908 623 2983 capite,
648 2912 860 2965 coronamento
883 2907 915 2963 ia
935 2921 1028 2964 manu
1044 2908 1151 2974 otioso,
1174 2903 1293 2964 reluce-

64 2993 128 3055 bat.
144 3025 187 3036 -
201 3023 240 3035 -
264 2991 407 3050 Mamur
429 2989 553 3050 tribuna
576 2987 726 3066 defertur.
770 2986 881 3047 Statim
903 2989 1067 3050 tribunus:
1093 2987 1164 3058 Cur,
1187 2991 1294 3067 iuquit,

16 3091 18 3128 ³
67 3091 132 3142 tant
154 3077 291 3136 diuersus
316 3071 443 3134 babitu?
487 3071 612 3150 Nepaait
639 3071 778 3132 illesibi
806 3089 872 3131 uam
900 3075 1007 3132 ceteris
1030 3070 1131 3133 licere.
1178 3071 1292 3132 Causas

16 3189 17 3194 ¹
67 3159 294 3239 apostulatus,
319 3157 512 3218 Christianus
533 3173 610 3226 sura,
641 3155 808 3235 respoudit.
852 3153 948 3215 liuius
970 3154 1073 3216 militis
1095 3157 1204 3216 lactum
1225 3172 1292 3214 cum

66 3243 161 3307 ceteri
184 3241 342 3304 Christiani
363 3239 582 3319 improbarent,
618 3239 819 3300 existimantes
853 3257 885 3300 eo
908 3249 971 3300 tam
993 3239 1100 3300 bouum
1122 3250 1150 3301 et
1173 3238 1293 3316 lorcyum

62 3347 172 3409 pacem
187 3327 380 3408 periclitari,
415 3331 517 3385 contm
540 3323 646 3384 nititur
668 3323 737 3386 illud
759 3323 884 3384 summis
905 3321 1041 3383 laudibus
1065 3325 1191 3384 elierens
1213 3321 1290 3383 Ter-

65 3411 220 3474 tullianus.
248 3412 341 3488 Atque
364 3409 394 3470 in
416 3408 474 3470 isto
496 3409 561 3469 loco
584 3407 713 3487 primurn
735 3407 868 3468 ridemus
891 3405 927 3467 ab
950 3426 986 3467 eo
1008 3405 1212 3468 liberalitatem
1231 3406 1291 3467 im-

16 3491 18 3498 '
67 3503 241 3576 peratorum
263 3493 432 3573 nuperrima
455 3495 559 3555 lacum
581 3491 818 3566 commemorari,
846 3509 922 3570 quos
945 3490 1047 3552 dubito
1069 3509 1106 3552 an
1129 3488 1292 3569 quisalius

68 3579 162 3641 luisse
184 3579 300 3652 dixerit,
323 3597 409 3656 qaam
432 3577 574 3638 Serenam
597 3585 626 3638 et
647 3577 837 3649 Caracallum,
859 3583 1018 3654 ulnamque
1039 3575 1213 3652 Augustum.
1255 3573 1294 3633 bt

68 3663 149 3726 enim
181 3663 211 3722 in
244 3661 449 3741 superioribus
482 3661 660 3722 Caracallum
693 3661 862 3722 dicebamus
896 3659 1036 3736 dignitate
1067 3657 1192 3734 bugasti
1229 3663 1291 3714 tum

68 3747 162 3810 larissa
185 3755 332 3820 ornatum,
354 3765 421 3808 cum
444 3746 571 3806 Severus
593 3745 649 3805 iter
670 3745 700 3805 in
717 3739 868 3806 Orientem
891 3743 1033 3803 adversus
1054 3739 1181 3800 Parthos
1203 3756 1290 3816 para-

67 3840 130 3903 ret,
166 3849 225 3909 quo
248 3833 309 3892 lere
331 3830 403 3890 abiit
424 3837 495 3908 post
516 3828 665 3889 dimidiam
694 3838 808 3906 partem
837 3826 906 3888 anni
928 3821 1075 3885 cxcvtll.
1099 3839 1290 3890 conversam:
1341 3903 1343 3910 Ι

70 3922 101 3976 et
123 3923 227 3993 postea
249 3915 442 3976 ostendemus
472 3931 586 3993 pacem,
614 3929 701 3989 quam
723 3913 773 3973 bic
794 3909 898 3972 adduci
920 3909 951 3968 in
972 3905 1136 3985 periculam
1157 3904 1291 3964 nonnulli

69 3997 245 4072 credebant,
278 4017 345 4060 esse
373 4017 454 4068 eam,
488 4015 545 4076 qaia
567 3996 739 4056 lruabantur
761 3991 919 4056 Christiani
946 3989 1079 4050 nondum
1102 3987 1204 4048 Seueri
1226 3986 1291 4066 lega

69 4081 186 4162 publica
208 4082 354 4160 exagitati,
376 4100 464 4162 mam
485 4080 574 4142 latam
596 4097 665 4140 asse
686 4097 713 4140 a.
730 4078 811 4140 CCll.
834 4080 950 4135 constat
965 4072 1043 4132 inter
1058 4089 1174 4132 omnes.
1206 4071 1292 4133 llnnc

69 4166 160 4246 igitur
181 4166 288 4226 librum
311 4167 456 4245 scriptum
479 4171 598 4244 oportet
619 4181 688 4225 esse
709 4163 740 4222 in
763 4155 915 4220 intervallo
939 4174 992 4229 eo,
1030 4153 1110 4232 quod
1142 4155 1179 4216 ab
1212 4173 1290 4216 anno

68 4259 154 4312 sexto
178 4249 280 4313 Severi
302 4251 338 4312 ad
360 4269 472 4311 nonum
494 4247 615 4310 effluxit.
658 4246 692 4305 ln
720 4263 779 4322 quo
807 4239 951 4319 temporis
980 4239 1077 4317 spatio
1100 4245 1161 4300 tres
1184 4238 1290 4300 obser·

67 4334 132 4394 vavi
155 4351 250 4395 annos
273 4335 486 4414 imperatorum
506 4330 679 4408 liberalitate
702 4334 839 4388 notatos:
861 4323 989 4401 primum
1010 4322 1098 4401 paulo
1120 4329 1187 4383 ante
1202 4341 1289 4402 mam

68 4419 199 4480 Severus
221 4419 461 4499 proficisceretur
481 4415 680 4488 morientem
702 4431 728 4472 a.
742 4407 924 4480 exevttt.·;
946 4406 1069 4470 alterum
1085 4424 1193 4468 annum
1208 4406 1289 4480 cet,

102 4553 123 4588 a.
143 4539 286 4602 Spartianus
304 4540 328 4588 in
347 4537 452 4588 Severo:
478 4549 530 4599 cop.
551 4535 605 4586 ib:
628 4534 745 4598 hastatas
763 4532 795 4582 ad
812 4529 896 4580 bellurn
913 4527 1042 4578 Portlticarn
1059 4534 1100 4590 est,
1120 4529 1185 4592 edita,
1199 4528 1291 4591 pladia-

66 4608 126 4656 taria
144 4621 238 4656 maere
255 4614 276 4656 et
294 4606 412 4669 aaapioria
428 4604 513 4669 papula
532 4604 594 4654 dato.
