3114 5240
237 328 302 394 148
338 341 530 388 nrssmrsaro
545 341 576 386 nt
592 341 640 392 ou.
655 339 739 384 avar.
754 339 840 389 scon.
856 339 1053 384 rsnrnncnru
1066 339 1293 384 mecoenrrcuvr
1308 341 1395 385 carr.

235 491 394 571 adsignant
420 489 508 571 paulo
536 497 607 569 post
633 487 873 560 annumCCX1.‚
901 505 960 566 quo
996 487 1123 550 Severus
1151 486 1278 550 Eboraci
1303 489 1335 550 in
1355 489 1464 570 Anglia

235 593 341 639 mense
361 573 523 638 Februario
545 573 634 634 num
644 572 858 651 imperiumque
869 572 1007 651 posuisse
1017 571 1199 651 perhibetur.
1227 571 1270 634 De
1285 571 1335 634 illo
1350 574 1466 654 quippe

234 658 297 722 hoc
324 659 356 722 in
384 658 460 720 libro
482 656 671 718 hauddubie
693 653 889 716 Tertullianus
911 655 1042 734 loquitur
1079 655 1130 718 ubi
1151 655 1239 716 dixit:
1276 655 1347 737 lpse
1368 661 1465 720 etium

235 743 370 808 διυονιιι
389 753 481 822 peter
502 741 651 803 Autouim'
672 738 847 801 &rocellae
871 739 1117 803 Christianorum
1137 758 1251 802 memor
1269 739 1333 818 [uv't
1365 741 1463 816 (Tert.

234 825 288 888 lib.
310 825 347 887 ad
369 825 454 904 Scap.
477 842 540 902 cap.
563 827 617 900 4.).
661 822 721 885 Cur
748 823 838 896 enim,
867 823 1013 902 inquiunt,
1047 823 1210 902 appellatur
1233 833 1327 903 poter
1360 829 1464 888 Anto-

234 913 312 980 niut',
345 908 405 970 nisi
432 906 501 986 quia
521 907 580 968 iam
601 906 776 984 migraverat
797 925 832 968 ex
853 905 909 968 hac
929 906 987 968 vita
1009 914 1039 967 et
1060 905 1091 967 in
1113 907 1177 968 eius
1199 906 1297 969 locum
1318 907 1371 969 lilii
1392 909 1463 970 eius

236 991 382 1056 Caracalla
403 999 432 1052 et
454 991 526 1053 Geta
547 988 700 1052 substituti
721 989 858 1054 ruerant?
886 989 991 1052 Nonne
1013 991 1102 1052 etiam
1112 997 1218 1069 postea
1230 991 1341 1052 Auctor
1353 1001 1461 1054 nester

235 1076 274 1138 ad
302 1093 355 1139 eos
386 1075 445 1136 iam
472 1075 651 1154 imperantes
673 1073 783 1147 alludit,
812 1093 879 1136 oum
897 1075 1027 1136 assernit
1048 1074 1204 1153 Scapulam
1225 1073 1365 1136 habuisse
1387 1093 1462 1138 suae

235 1159 269 1220 in
291 1158 475 1220 Christianos
498 1157 677 1220 crudelitatis
699 1155 881 1236 magistros?
924 1158 999 1219 Post
1019 1158 1121 1219 Seueri
1143 1165 1240 1220 autern
1262 1157 1387 1232 obitum,
1410 1169 1465 1222 aut

235 1249 317 1304 certe
337 1261 399 1303 non
421 1243 514 1303 multo
536 1249 651 1321 postea,
674 1260 739 1303 curn
761 1249 896 1304 cerneret
917 1241 1115 1302 Tertullianus
1136 1241 1301 1320 mitigatum
1317 1241 1463 1321 Scapulae

235 1333 325 1403 atque
346 1325 472 1386 aliorum
493 1326 524 1386 in
547 1325 729 1388 Christianos
750 1326 893 1398 furorem,
914 1324 956 1386 illi
978 1324 1058 1386 hunc
1079 1325 1241 1404 supplicem
1255 1325 1386 1388 libellum
1401 1327 1461 1388 ob-

234 1407 341 1470 tulisse
362 1409 487 1470 sidetur.
530 1407 598 1470 Non
619 1409 697 1470 enim
719 1409 801 1470 illum
823 1408 1008 1470 ollerendnm
1029 1427 1099 1470 esse
1120 1410 1245 1482 censuit,
1274 1429 1340 1472 oum
1364 1409 1462 1474 Seve-

235 1509 299 1566 rus,
330 1492 415 1555 usius
442 1511 588 1555 summam
614 1492 719 1571 primis
747 1492 865 1573 imperii
893 1492 977 1554 annis
999 1492 1031 1554 in
1054 1492 1239 1554 Christianos
1262 1493 1459 1568 clementiam,

232 1582 270 1637 ut
295 1575 432 1650 adimus,
461 1576 639 1648 laudaverat,
666 1576 698 1636 in
727 1594 779 1638 eos
809 1576 846 1636 ad
873 1584 999 1638 mortem
1020 1593 1116 1654 usque
1137 1577 1277 1638 atrociter
1298 1579 1460 1640 saeviebat.

233 1657 274 1720 At
304 1657 355 1720 illo
387 1659 446 1721 vita
478 1661 577 1720 iuncto
610 1658 737 1720 oblatam
768 1659 828 1720 sibi
857 1659 1068 1738 proconsulem
1102 1660 1256 1740 Scapulam
1277 1679 1295 1722 a
1316 1662 1459 1722 vexandis

235 1739 412 1803 Christianis
433 1740 601 1804 deterrendi
624 1743 810 1804 occasionem
833 1744 988 1805 confestim
1010 1749 1144 1822 captasse
1166 1744 1354 1808 verisimilius
1376 1753 1431 1808 est.

731 1959 899 2011 surrectus
918 1959 959 2011 tlt.

267 2059 299 2104 lle
317 2061 383 2104 huius
401 2059 451 2104 libri
468 2060 623 2116 manuscriptis
641 2068 663 2103 et
680 2061 744 2104 editis
762 2059 884 2114 codicibus,
903 2062 930 2104 da
948 2063 1060 2108 variorum
1077 2063 1100 2106 in
1118 2074 1169 2108 eum
1186 2061 1379 2108 observationibus
1397 2077 1426 2108 ac

602 2127 715 2171 nonnullis
734 2128 826 2171 dirersis
844 2129 977 2174 lectionibus
997 2137 1018 2172 et
1035 2130 1101 2173 notis.

320 2237 425 2299 Plures
457 2237 624 2302 indicantur
655 2240 744 2302 huius
775 2240 865 2302 libelli
898 2242 1024 2304 codices.
1067 2241 1185 2304 Primus
1207 2251 1253 2304 est
1274 2243 1462 2320 Coraiensis,

115 2395 118 2400 Ι
234 2337 294 2400 quo
316 2320 352 2383 ad
373 2321 452 2382 illius
474 2323 634 2384 editionem
655 2339 729 2384 usus
752 2332 798 2386 est
819 2325 988 2386 Rhenanus.
1011 2325 1092 2387 Alter
1113 2333 1211 2386 autem
1232 2325 1354 2388 vocatur
1374 2329 1462 2409 Ang-

231 2403 320 2478 licus,
349 2423 384 2466 ac
415 2413 477 2469 tres
509 2406 632 2484 insuper
652 2407 782 2468 Vaticani
803 2417 1015 2470 memorantur.
1060 2408 1199 2472 Gelenius
1220 2429 1291 2473 vero
1313 2412 1350 2472 ad
1371 2414 1462 2492 prio·-

233 2487 279 2548 ris
301 2495 329 2548 et
350 2487 497 2550 Pamelius
520 2490 557 2551 ad
577 2490 776 2568 posteriorum
793 2492 891 2564 tidem,
915 2492 1086 2570 superiores
1100 2492 1190 2556 huius
1205 2493 1294 2556 libelli
1309 2495 1462 2558 editiones

232 2579 472 2649 recognoverunt
492 2591 527 2634 ac
547 2571 734 2652 castiganmt.
779 2574 920 2652 Rigallius
950 2594 1040 2654 porro
1063 2575 1151 2637 alium
1173 2595 1206 2638 se
1227 2577 1340 2640 vidisse
1360 2588 1462 2642 testa-

233 2661 284 2714 tur
304 2671 397 2734 penes
417 2654 538 2717 Petrum
559 2656 702 2718 Belinium
726 2657 757 2718 S.
773 2659 805 2719 C.
827 2657 1046 2734 [brionensem
1068 2659 1151 2722 ouius
1173 2662 1309 2724 diversae
1330 2662 1368 2724 ab
1391 2664 1463 2736 edi-

232 2736 273 2800 tis
294 2737 437 2800 lectiones
459 2739 491 2800 in
511 2739 590 2801 Petri
611 2739 729 2802 Pithoei
750 2759 856 2804 manus
878 2742 1050 2804 inciderant

318 2813 475 2902 Nunquam
495 2829 593 2885 autem
615 2824 663 2884 hic
683 2824 759 2886 liber
780 2843 816 2886 ex
838 2827 1087 2905 typographorum
1108 2825 1235 2888 officinis
1258 2829 1350 2902 solus,
1374 2849 1460 2892 sem-

231 2921 288 2983 per
315 2924 381 2966 cum
409 2906 477 2968 aliis
500 2907 671 2968 Tertulliani
698 2909 839 2987 operibus
860 2909 1006 2987 publicam
1027 2917 1058 2971 in
1080 2910 1174 2972 lucem
1195 2913 1362 2989 prodivisse
1384 2933 1460 2993 per-

231 2987 360 3050 hibetur.
404 2989 463 3051 Tot
493 2989 591 3070 itaque
624 2993 715 3054 laetae
749 2999 819 3054 sunt
847 2993 945 3067 huius,
978 3001 1050 3072 quot
1070 2994 1189 3056 illorum
1211 2995 1367 3058 editiones.
1412 2998 1462 3060 lle

231 3069 280 3133 his
307 3079 406 3132 autem
433 3091 499 3133 cum
521 3075 580 3136 iam
601 3075 685 3152 plura
707 3075 964 3154 disputaverimus,
993 3095 1026 3139 ea
1048 3095 1127 3139 nuno
1147 3086 1281 3156 repetere
1302 3079 1376 3140 nihil
1397 3099 1460 3142 ne-

231 3169 316 3212 cesse
338 3162 394 3214 est.
435 3155 599 3217 Pamelium
628 3165 736 3230 antem,
764 3158 813 3237 qui
840 3170 955 3220 veteres
978 3161 1140 3234 extribus,
1168 3163 1209 3222 uti
1231 3163 1280 3238 ait,
1307 3159 1463 3228 Vaticanis

230 3233 384 3296 codicibus
406 3235 551 3299 editiones
574 3240 748 3314 emendavit,
770 3239 912 3320 Rigaltius
933 3244 1043 3322 ubique
1068 3253 1186 3306 secutus
1210 3254 1268 3308 est:
1310 3248 1461 3319 Quamvis

232 3317 313 3377 enirn
327 3317 537 3382 Divionensem
559 3323 692 3384 codicem
713 3325 852 3398 venditet,
873 3345 962 3390 unam
984 3336 1083 3388 tanam
1097 3335 1209 3390 tantum
1225 3331 1338 3392 notavit
1352 3331 1474 3394 diver·-

231 3417 296 3460 sam
317 3400 485 3476 lectionem,
508 3423 595 3482 quam
616 3407 702 3484 plane
723 3410 896 3488 repudiavit.
925 3411 969 3472 lbi
991 3430 1060 3472 vero
1083 3413 1219 3485 occurrit,
1242 3413 1294 3474 nbi
1315 3414 1351 3476 de
1372 3416 1455 3478 Pro-

231 3481 298 3544 culo
321 3483 395 3546 haec
415 3485 588 3548 Tertulhani
609 3490 640 3550 in
662 3491 840 3554 editionibus
863 3495 999 3558 omnibus
1021 3495 1109 3556 verba
1130 3496 1270 3576 legimus:
1306 3499 1403 3572 Quem
1426 3511 1458 3564 et

229 3565 405 3630 Antoninus
429 3570 589 3632 Caracallo
611 3579 719 3653 optvtne
742 3588 877 3648 uoueret,
902 3578 977 3640 lecte
1000 3577 1166 3642 christiano
1189 3582 1333 3644 educatus
1361 3583 1458 3657 (Ter-

201 3665 204 3672 ’
229 3649 293 3712 tull.
315 3650 368 3712 lib.
389 3653 426 3714 ad
448 3653 564 3733 Scapul.
588 3656 651 3734 capL
674 3662 728 3733 4.).
760 3658 793 3719 In
815 3660 915 3722 codice
937 3670 1034 3724 autem
1048 3662 1220 3724 Divionensi
1235 3665 1380 3744 scriptum
1394 3667 1455 3729 ha-

227 3730 333 3795 hetur:
367 3754 452 3817 puero
484 3749 513 3800 et
544 3739 715 3802 Antoninus
748 3757 877 3807 uoueret
908 3746 1091 3807 Christianis
1123 3747 1291 3812 aduectum.
1336 3749 1461 3820 Quibus

229 3817 412 3894 sigrrilicatur
432 3821 511 3882 hunc
523 3821 692 3897 Proculum,
713 3844 775 3886 non
796 3845 867 3887 vero
881 3829 1061 3890 Antoninum
1077 3829 1263 3906 Caracallum,
1284 3831 1358 3894 lacte
1373 3834 1459 3896 edu-

228 3908 327 3962 catum
348 3903 440 3965 inisse
460 3905 631 3966 christiano.

314 3983 422 4047 Verum
451 3989 527 4050 hanc
548 3989 734 4052 Divionensis
763 3993 873 4055 codicis
901 3994 1059 4056 lectionem
1081 3996 1177 4057 reiicit
1196 3997 1351 4077 Ripaltha,
1379 4001 1455 4078 quia

151 4140 155 4149 Ι
226 4061 278 4158 illa
298 4065 472 4132 Tertulliani
493 4072 581 4134 verba
602 4073 707 4135 referri
729 4075 837 4137 debent
851 4078 886 4138 ad
901 4078 1092 4152 Antoninum,
1114 4084 1168 4161 put
1186 4087 1338 4161 septennis
1356 4101 1456 4161 puer,

227 4157 307 4208 sicut
332 4159 432 4213 narrat
459 4154 642 4234 Spartianus,
671 4177 739 4219 cum
767 4159 949 4222 collusorem
975 4181 1063 4224 suum
1081 4182 1215 4242 puerum
1238 4167 1272 4228 ob
1295 4166 1455 4230 ludoicum

227 4228 402 4310 relipiouem
427 4245 552 4312 precius
579 4241 772 4304 verberatum
799 4245 940 4314 audisset,
968 4264 1060 4326 aeque
1085 4258 1206 4326 patrem
1226 4267 1325 4324 suum,
1353 4267 1457 4332 acque

221 4322 345 4390 petrem
362 4323 463 4396 posu,
486 4323 536 4382 vel
555 4335 697 4388 auctores
718 4327 879 4390 cerberum
900 4328 951 4388 data
974 4336 1109 4408 respeutt
1131 4331 1241 4409 (Spart
1263 4332 1294 4394 in
1315 4331 1373 4394 vit
1390 4333 1458 4396 Ca·-

222 4412 286 4456 rao.
314 4415 380 4476 pag.
404 4403 475 4464 331.
504 4405 559 4466 col.
584 4412 635 4484 l.).
683 4409 721 4469 At
752 4409 886 4472 iudaicae
917 4411 1069 4490 religionis
1101 4415 1223 4474 nomine
1257 4415 1458 4478 christianam.

219 4477 400 4559 Spartianus
421 4483 579 4566 intellegit,
607 4491 674 4570 quia
702 4501 856 4572 uhamqne
888 4495 997 4557 ethnici
1018 4497 1244 4564 contundebant
1288 4498 1457 4576 Addamus,
