3020 5230
421 427 555 472 unorone
576 429 618 471 ιο.
640 427 703 470 ιιι.
728 425 853 471 sumn.
1181 413 1246 480 688

23 587 124 642 nostra
145 576 325 649 resurrexit,
356 577 505 655 sequitur,
529 583 559 636 et
579 593 635 638 nos
658 575 689 636 iu
712 576 813 637 eadem
834 583 1066 638 r'esmrentnros.
1110 578 1171 641 lam
1194 599 1245 643 se-

23 665 120 744 quitur
141 669 229 741 eaput
248 671 388 722 nostrum
404 661 482 721 Vlll:
505 660 582 721 dona
598 659 726 739 Spiritus
742 659 851 733 Sancti,
873 676 949 738 quae
963 661 1133 740 recipimus,
1154 681 1244 742 prae-
1309 679 1312 684 ·

19 757 124 828 parant
151 765 208 808 nos
232 746 268 808 ud
291 744 538 824 incorruptelam,
568 743 797 824 spiritualesque
818 743 961 818 reddunt,
988 753 1019 806 et
1039 763 1056 805 a
1078 745 1244 810 carnalibus

19 839 193 904 secernunt,
222 829 272 910 qui
301 829 421 891 mundis
450 839 480 890 et
506 827 666 890 immundis
696 828 870 890 animalibus
892 827 923 888 in
945 829 1009 907 lege
1031 828 1243 908 sigrriflmntur.

18 916 52 978 ln
80 917 138 978 boo
165 915 255 994 igitur
283 914 378 994 capite
405 912 571 992 reperimus
596 913 643 974 illa
666 913 768 974 eudem
789 931 865 991 qnae
885 912 1022 990 leguntur
1043 913 1074 974 in
1096 913 1156 974 isto
1177 913 1243 976 loeo

19 999 190 1080 Clementis,
214 998 297 1060 ouius
319 997 417 1059 omnis
440 991 604 1080 συνάφεια
626 996 671 1059 sio
692 997 814 1058 omnino
838 997 976 1058 cohaeret
998 1005 1028 1058 et
1042 997 1243 1078 coniungitur,

18 1093 66 1157 ut,
91 1083 117 1144 si
139 1081 206 1162 quis
228 1091 394 1161 comparet,
418 1099 479 1142 non
499 1081 597 1160 possit
617 1099 678 1142 nou
699 1081 783 1142 lateri
805 1080 881 1141 bano
903 1081 1068 1142 orationem
1090 1082 1139 1143 bio
1160 1082 1244 1162 quasi

17 1169 96 1229 inter
117 1167 196 1229 lares
218 1173 249 1226 et
268 1174 392 1245 penates
414 1165 542 1239 versari3
564 1165 650 1244 sique
672 1165 729 1226 iam
752 1165 782 1226 in
798 1163 920 1226 Irenaeo
946 1174 1042 1239 extet,
1066 1167 1144 1228 lurto
1159 1166 1244 1246 quasi

17 1251 190 1313 translatam
214 1269 291 1324 esso,
314 1257 400 1329 atque
421 1267 526 1328 parum
548 1249 704 1310 commode
717 1250 775 1310 'aut
797 1257 964 1328 opportune
986 1250 1027 1312 ibi
1048 1249 1153 1312 adsuta
1174 1251 1242 1329 legi.

18 1335 151 1397 Viderint
172 1334 230 1396 iam
251 1334 379 1396 lectores
402 1341 432 1396 et
453 1341 583 1396 statuunt
603 1333 662 1413 ipsi
683 1333 721 1394 de
741 1333 798 1394 bae
818 1351 916 1394 nausa.

145 1535 259 1586 irenaeus
279 1535 320 1585 lib.
339 1535 364 1584 V.
383 1549 435 1598 cap.
453 1534 478 1585 8.
684 1535 760 1586 Clem.
778 1535 842 1584 Alex.
862 1533 1009 1584 stromatum
1029 1533 1070 1584 lib.
1089 1533 1135 1584 vti.
1154 1535 1207 1584 llne.

216 1667 241 1736 5.
260 1669 288 1740 2.1
303 1671 327 1720 in
345 1671 401 1720 stne.
423 1705 429 1724 ι

59 1769 119 1830 Sed
140 1777 171 1830 ot
188 1787 246 1829 nos
269 1768 299 1829 in
315 1767 530 1830 consuetudine
544 1767 603 1829 bu·
694 1743 798 1835 ’omlv
818 1737 876 1815 ⁰3*
890 1771 966 1814 τινα
981 1740 1091 1848 &struit
1106 1737 1243 1850 ὖνξθδεί-

17 1853 148 1914 iusmodi
165 1853 301 1914 homines
318 1856 380 1925 (eos
396 1856 540 1914 nimirum
554 1857 607 1934 pus·
655 1833 767 1910 ξαπές
781 1843 854 1910 τοῖς
875 1833 1105 1934 φίῇθθῠᾱμθσῦ
1118 1830 1205 1917 ῐηςέ
1226 1869 1242 1884 ·

17 1941 108 1998 ιιίοω
146 1937 297 1999 oornnlem
331 1947 359 1998 et
393 1935 605 1998 irrationalem
653 1917 798 2018 κάησίαςι
822 1915 856 1983 ἐκ
873 1939 934 2020 ῐῠῐζ
947 1911 1030 1981 κατὰ
1044 1913 1243 2018 1519193202'09

17 2025 141 2098 opionis)
162 2019 292 2082 iumenta
315 2031 345 2082 et
357 2037 465 2100 peoora
482 2019 602 2081 irratio-
654 2023 766 2084 ⁷⁰l¹⁰v2
782 2003 861 2086 ⁷1in
877 2025 914 2067 τε
929 2001 1241 2082 10‘90‘21‘0'1021'22'*

17 2103 124 2166 nabilia
138 2103 275 2168 dicimus.
655 2085 767 2162 δαίων,
784 2090 864 2170 περί
877 2109 914 2151 τε
927 2087 993 2150 τῶν
1009 2084 1165 2188 αἱρέσεων
1180 2109 1242 2167 μυ-
1308 2105 1311 2108 ·
1355 2103 1361 2108 ·

655 2171 774 2247 στικῶς
796 2170 1065 2254 διακρινομένων,
1097 2191 1143 2246 ως
1162 2164 1242 2234 ἀκα-

278 2235 303 2303 5·
322 2237 347 2289 ³·
491 2265 496 2274 '
653 2251 790 2340 θάρτων
817 2247 887 2319 ἀπὸ
905 2256 964 2339 τῆς
985 2255 1063 2338 περὶ
1083 2254 1242 2337 καθαρῶν

53 2337 207 2400 Praedixit
221 2349 318 2400 autom
333 2335 603 2416 figuraliteromuia
653 2339 708 2402 καὶ
735 2332 935 2422 ἀκαθάρτων
958 2335 1049 2416 ζώων
1069 2334 1242 2415 octagon-

17 2423 85 2483 baeo
107 2421 170 2484 Lex
191 2422 229 2483 tle
250 2421 424 2484 animalibus
451 2420 602 2482 delineans
653 2422 789 2507 κλησίας
799 2419 1057 2503 καταπαύσωμεν
1067 2418 1258 2504 τὸνλόγον..

17 2507 181 2567 nominem:
200 2503 417 2584 truncumque,
427 2504 529 2582 inquit,
545 2504 602 2565 du·
653 2503 769 2588 τὰμὲν
783 2504 844 2589 γάρ
860 2505 1054 2586 διχηλοῦντα
1070 2506 1124 2569 καὶ
1138 2528 1242 2591 μηρυ-

17 2590 118 2668 ιΙὶοεσι
134 2589 276 2667 ungulam
287 2587 396 2649 babent
405 2595 435 2648 et
444 2588 603 2658 ruminant,
653 2586 771 2670 κισμὸν
784 2585 823 2654 ἀν
837 2587 843 2605 ’
867 2611 955 2667 οντα,
967 2591 1034 2654 τῶν
1047 2587 1173 2671 ἱερείων
1179 2613 1242 2652 κα-

17 2674 120 2736 nuntla
142 2673 312 2745 enuntians,
335 2687 602 2750 quaecumqueau-
653 2669 747 2755 θαρά
762 2673 815 2736 καὶ
852 2671 988 2755 εκτὰτῷ
1007 2673 1081 2754 Θεῷ
1097 2671 1242 2754 παραδί-

17 2777 69 2818 ‘ent
85 2767 138 2818 aul
154 2764 323 2835 ull'tllnque,
345 2753 390 2814 Vel
406 2754 529 2814 alierum
544 2751 602 2811 llo·
655 2755 758 2819 δωσιν
773 2751 792 2842 ἦ
827 2753 927 2841 ραφὴ,
945 2751 990 2830 ὥς
1005 2747 1045 2819 ἂν
1055 2752 1102 2830 εἷς
1112 2758 1242 2836 πατέρα

17 2861 75 2903 'um
92 2860 156 2902 non
170 2839 377 2912 babent,velul
387 2835 539 2898 immunda
551 2853 601 2895 se·
654 2839 708 2901 καὶ
725 2836 772 2914 εἰς
785 2777 858 2902 υάὸν
874 2836 930 2902 διὰ
945 2839 1003 2922 τῆς
1014 2841 1160 2914 πίστεως
1174 2839 1240 2901 τῶν

17 2943 147 3004 negans·
195 2923 252 2995 Qui
277 2930 347 2984 sunu
375 2939 446 3000 ergo
476 2915 602 2988 mundi?
654 2921 789 2986 δικαίων
802 2919 860 3004 τὴν
869 2925 1009 3004 πορείαν
1020 2924 1239 3001 ποιουμένων.

17 3009 68 3082 ’,μά
90 3009 121 3070 in
137 3008 259 3068 Putrem
282 3016 311 3067 et
325 3005 430 3066 Filium
445 3022 500 3082 per
514 3003 602 3064 iidem
654 2999 735 3082 αὕτη
748 3004 809 3089 γὰρ
821 3007 888 3069 τῶν
899 3002 1118 3089 ὁιχηλούντων
1131 3001 1242 3087 ἑδραι-

19 3103 65 3155 tor
80 3091 211 3154 firmiter
226 3091 351 3160 lucinum
376 3089 449 3150 bueo
463 3095 510 3148 est
522 3085 603 3148 enim
654 3085 731 3174 όιης
750 3091 817 3154 τῶν
836 3086 879 3154 σὰ
898 3088 993 3171 λσγία
1007 3089 1066 3152 τοῦ
1084 3089 1170 3154 Θεοῦ
1186 3084 1241 3152 νύ-

17 3177 135 3239 irmites
156 3191 278 3247 eorum,
305 3173 355 3252 qui
381 3171 506 3251 duplicis
532 3178 604 3234 sunt
652 3196 738 3256 κτωρ
763 3174 817 3238 καὶ
838 3165 921 3254 μεθ’
938 3167 1061 3256 ἡμέραν
1080 3169 1242 3254 μελετών-

17 3261 153 3340 rngulae:
185 3267 215 3321 et
239 3257 355 3338 eloquia
375 3256 429 3318 Ilei
454 3255 602 3318 meditari·
652 3281 728 3335 των,
744 3250 1240 3341 καὶάναπεμπαζομένωνέντῷ

17 3365 56 3406 ur
72 3345 122 3406 die
138 3363 174 3406 ao
188 3350 286 3416 noete,
301 3343 343 3404 uti
357 3341 445 3404 bonis
461 3339 603 3420 oporibus
653 3342 712 3428 σῆς
732 3343 839 3426 ψυχῆς
860 3342 928 3406 τῶν
948 3337 1158 3424 μαθημάτων
1182 3340 1241 3404 ‹lo-

17 3425 601 3501 rdornentur3haeoestenimruminan·
651 3430 739 3511 χείῳ,
759 3423 867 3510 ἦνκαὶ
884 3422 1081 3510 συνάσκησιν
1102 3447 1241 3510 γνωστι-

17 3515 83 3576 ium
99 3513 207 3574 virtus.
236 3511 389 3574 lmmunda
404 3515 512 3583 numm,
528 3505 602 3588 quae
652 3507 710 3593 νην
739 3505 953 3613 ὑπάρχουσαν
978 3510 1130 3593 καθαροῦ
1155 3507 1240 3588 ζώοα

17 3615 106 3676 reque
138 3595 285 3675 duplioem
314 3596 452 3674 ungulum
483 3595 600 3668 babent,
652 3616 856 3700 μηρυκιομον
880 3587 898 3658 ὃ
926 3589 1028 3677 νόμος
1057 3587 1239 3694 ἀλληγορεῖ.

17 3679 270 3759 ιοηαεειιιιιίοοσι
286 3679 421 3752 (honest,
444 3679 494 3757 qui
507 3697 602 3757 neque
654 3675 718 3744 άσα
741 3680 777 3745 δὲ
802 3677 884 3761 μήτε
909 3675 1069 3760 ἑκάτερον,
1099 3701 1182 3759 μητε
1200 3674 1241 3740 τὸ

17 3765 155 3826 nDeunr
176 3761 263 3822 iidem
283 3761 403 3836 habeut,
424 3780 520 3840 noque
535 3761 601 3822 elo·
654 3761 764 3846 ἕτερον
777 3760 903 3828 τούτων
917 3760 991 3844 ἔχει,
1009 3756 1054 3837 ὥς
1066 3753 1241 3840 ἀκάθαρτα

17 3848 76 3925 {uia
97 3843 167 3905 eius
192 3843 387 3906 meditantur:
411 3844 485 3905 baeu
503 3851 602 3904 eutem
653 3839 815 3930 ἀφορίζει.

17 3928 209 3992 ltbni'oornm
226 3935 272 3988 ent
285 3926 489 4002 abominatio).
520 3927 603 3999 Quae
652 3933 740 4011 (puae
760 3933 880 3994 neemia
901 3929 1108 3992 incluserunt
1122 3945 1157 3989 en
1172 3927 1241 3990 lra-

17 4009 603 4090 rutemruminantquidem,uonbabeut
834 4032 931 4076 naeus
954 4013 1059 4087 addit.)
1113 4061 1120 4078 .

17 4107 108 4161 tutem
131 4093 271 4173 ungulam
297 4093 460 4173 displioem,
487 4095 602 4174 etipsa
653 4086 769 4160 αὐτίκα
787 4091 831 4160 τὰ
849 4088 1012 4178 ἀνάγοντα
1021 4089 1238 4196 μηροκιομὸν,

17 4180 182 4252 mmundu3
196 4180 269 4240 baeu
283 4179 459 4242 ludaeorum
469 4179 601 4240 estima-
651 4175 696 4262 μὴ
712 4177 906 4263 domininon
927 4177 963 4243 δὲ
976 4199 1054 4252 τους
1069 4175 1242 4252 [ο-υάαιοος
1300 4237 1307 4246 .

17 4267 115 4342 ‚inolis
137 4263 310 4343 descriptio,
335 4263 386 4342 qui
402 4261 521 4341 quidem
536 4261 602 4322 elo·
653 4259 838 4328 αἰνίσσεται
858 4259 935 4339 τοὺς1
955 4258 1117 4337 πολλούς·
1146 4261 1179 4324 οἳ
1199 4257 1242 4326 τά

17 4353 74 4433 μία
90 4346 149 4412 Ilei
166 4346 196 4408 in
212 4366 264 4408 ore
279 4346 398 4416 babent,
414 4346 603 4408 stabilitatem
652 4346 712 4430 μὲν
733 4343 830 4430 λόγια
858 4347 917 4410 τοῦ
941 4346 1028 4413 Θεοῦ
1050 4337 1113 4409 ἀνὰ
1133 4341 1242 4425 στόμα

19 4446 107 4499 utem
129 4430 241 4492 radicis
263 4449 334 4492 suae
356 4447 418 4490 non
432 4430 557 4510 infigunt
571 4431 602 4492 in
653 4427 772 4511 ἔχουσι,
789 4427 848 4515 τὴν
863 4429 900 4494 δὲ
914 4433 1031 4494 πίστιν
1045 4429 1100 4493 καὶ
1110 4424 1168 4510 τὴν
1179 4425 1242 4511 βά-

17 4524 93 4582 ’atre
117 4523 150 4578 et
171 4514 203 4575 in
218 4513 309 4575 Filio:
336 4523 461 4594 propter
474 4515 532 4577 boo
546 4532 600 4576 au·
653 4535 706 4578 σιν
722 4509 770 4579 δι’
784 4513 857 4598 olori
869 4510 956 4597 πρὸς
965 4509 1023 4577 τὸν
1034 4514 1163 4594 πατέρα
1173 4534 1242 4576 πα-

17 4623 63 4666 em
80 4611 114 4664 et
127 4597 278 4662 lubricum
293 4607 444 4677 estgeuus
457 4599 600 4678 ipsorum.
651 4601 895 4682 poenitententiae
925 4589 984 4662 οὐκ
1013 4593 1141 4677 ἔχουσιν
1164 4592 1243 4664 ἐνιε-
