3144 5236
284 347 347 416 Μ
377 368 566 414 lllSSERTthss
582 367 612 412 ili
627 366 774 418 lefflT·
789 366 873 410 stou.
891 365 1085 412 rnrututttt
1098 365 1319 410 nocouustauu
1332 335 1422 408 GRH..

285 515 391 582 mediis
404 533 506 580 muare
521 515 703 578 credebatur.
731 515 836 581 Nonus
857 534 929 596 ergo
949 516 1019 578 inde
1040 515 1136 596 colligi
1156 524 1254 596 potest
1273 495 1341 578 haee
1352 513 1463 576 remedia

286 602 504 666 aTcrtulliaoo
532 601 595 662 suis
622 601 806 676 nominibm,
839 603 891 664 scd
919 601 952 664 iu
979 609 1061 664 textu
1082 601 1145 664 eius
1172 601 1315 680 oomuptis
1335 597 1463 679 appellari,
1536 629 1537 666 t

285 703 359 768 quae
380 686 523 748 Firminus
552 686 712 765 generatim
739 693 852 748 tantum
878 695 963 748 vocat
983 688 1127 759 remedio,
1159 685 1263 765 quihus
1289 683 1464 748 exorcistaea

284 771 426 834 Mercurio
461 771 528 833 lacti
569 770 744 833 daemonum
778 770 946 835 incursione
980 779 1098 834 vexatos
1134 767 1315 832 liberabant?
1365 767 1463 828 &rhu

284 855 391 938 quippo
412 863 460 917 est
480 855 578 936 ipsum
599 855 811 918 Tertullianum
831 863 895 918 toto
916 855 975 918 hoc
1000 856 1032 918 in
1052 856 1117 918 loco
1140 857 1177 918 de
1198 855 1235 916 iis
1257 871 1412 915 sermonem
1429 851 1464 910 la-

284 959 367 1014 cere,
399 959 473 1019 quos
495 959 511 1002 a
532 941 675 1002 daemone
695 947 778 1002 actos
799 941 918 1020 quidam
943 940 1054 1020 mamea
1074 948 1140 1002 arte
1161 959 1262 1002 curare
1282 941 1382 1002 tmstra
1401 934 1464 996 nite·

284 1026 398 1087 bantur.
441 1025 500 1087 Sed
526 1025 573 1088 his
594 1025 658 1104 ipse
685 1023 809 1098 daemon
830 1045 847 1087 a
869 1025 1041 1087 Christianis
1070 1025 1218 1088 adiuratus
1256 1021 1400 1086 confestim
1422 1036 1464 1078 ex-

282 1109 443 1190 pellebatur
479 1110 693 1190 cogebaturque
718 1128 827 1172 nomen
855 1127 942 1172 sunm
969 1109 1056 1172 cdere
1085 1119 1114 1172 et
1134 1106 1464 1172 rerum'Christianorum

282 1194 374 1258 Deum
396 1194 539 1256 confiteri.
582 1193 614 1256 Si
636 1194 701 1275 quis
723 1202 821 1258 umen
842 1195 963 1256 meliora
985 1195 1072 1257 nobis
1092 1195 1286 1275 suggesserit,
1315 1191 1379 1252 huic
1395 1188 1465 1268 plane

281 1297 343 1342 non
362 1278 579 1342 reluctohimnr.

364 1363 464 1443 Pergit
484 1373 581 1425 antem
602 1363 797 1425 Tertullianus
819 1373 849 1426 et
870 1371 1039 1425 constanter
1059 1371 1211 1426 asseverat
1231 1361 1300 1426 nihil
1323 1361 1375 1420 hoo
1393 1354 1463 1417 Chri-

281 1449 442 1512 stianorum
463 1467 553 1528 opere
573 1457 659 1528 atque
680 1448 804 1511 deducta
822 1448 891 1510 inde
912 1448 1165 1527 argumentatione
1185 1446 1343 1526 simplicius
1362 1451 1388 1504 et
1404 1438 1464 1500 lide·
1536 1499 1537 1528 1

280 1533 348 1596 lius.
390 1533 424 1594 lo
445 1532 494 1594 illo
515 1533 622 1614 quippe
643 1534 728 1606 nihil,
749 1533 854 1612 inquit,
877 1538 1029 1613 suspicari
1049 1533 1155 1596 licebit.
1199 1533 1299 1613 Magio
1318 1539 1367 1592 out
1384 1525 1465 1604 aliqua
1536 1561 1537 1564 =

282 1618 428 1681 nhsmodi
450 1618 576 1697 sotheia
603 1619 674 1699 fieri
699 1619 815 1689 diceris,
850 1623 879 1680 si
905 1618 986 1680 ocuti
1012 1623 1108 1680 vestri
1134 1631 1164 1682 et
1188 1635 1280 1680 ouras
1299 1611 1463 1696 pumiceum

281 1703 364 1764 cobis
386 1702 567 1775 (Tertullian.
588 1702 741 1783 hpologet.
763 1720 825 1781 cap.
848 1700 937 1779 23.)i
978 1703 1072 1781 Atque
1092 1703 1132 1764 ita
1154 1701 1297 1782 lligaltius
1318 1699 1384 1760 huto
1400 1692 1460 1752 Ter-

280 1786 392 1849 tulliaoi
411 1786 518 1860 locum,
540 1787 617 1848 nulla
638 1795 738 1849 nomia
759 1787 836 1848 varia
858 1787 993 1858 lectione,
1021 1787 1177 1850 emendare
1191 1806 1254 1849 non
1267 1778 1411 1846 haesitavit
1435 1773 1464 1834 1¹1

280 1871 407 1950 antiquis
435 1879 531 1933 minen
560 1871 738 1934 editionibus
764 1871 915 1950 legebatur
941 1871 1018 1934 adbit
1040 1917 1148 1934 .....
1178 1873 1260 1953 tisri.
1313 1869 1397 1932 Dictis
1415 1877 1465 1921 noo
1536 1893 1537 1898 κ

282 1960 378 2028 statis,
402 1961 431 2017 si
451 1957 544 2018 oculi:
566 1956 596 2016 in
611 1955 726 2018 duobus
741 1974 811 2017 vero
825 1956 937 2018 nostris
952 1956 1102 2019 codicibus
1116 1955 1329 2018 vetustioribus
1349 1945 1464 2012 rotata..

279 2041 352 2121 fieri
377 2042 485 2103 dicitis.
528 2041 618 2102 Tune·
636 2040 743 2102 deinde
768 2040 800 2101 in
827 2040 890 2102 aliis
917 2041 1019 2103 simul:
1049 2041 1118 2105 Non
1147 2042 1261 2115 uota,
1290 2042 1318 2102 si
1337 2031 1409 2098 oculi
1424 2038 1462 2090 tlt

281 2124 340 2186 Sed
362 2125 388 2185 si
410 2125 594 2203 quaesitio
615 2125 808 2186 discernenda
829 2125 954 2204 genuina
975 2126 1102 2188 lectione
1124 2126 1289 2199 difficultas,
1311 2123 1414 2183 constat
1431 2121 1459 2172 tt·

212 2225 220 2242 ’
279 2227 349 2270 meo
370 2217 503 2288 apertam
525 2228 593 2270 esse
613 2210 749 2271 Auctoris
771 2209 867 2272 nostri
890 2229 1020 2272 sensum.
1050 2211 1125 2272 llicit
1146 2212 1257 2272 etenim
1278 2205 1402 2290 ethnicos
1420 2212 1462 2292 ¹¹⁰.⁰

280 2311 370 2374 posse
396 2301 446 2354 aut
473 2293 618 2373 suspicati
656 2303 706 2356 aot
732 2293 860 2356 obiicere
887 2294 917 2354 in
946 2294 995 2356 illo
1019 2295 1255 2358 Chusuanorum
1277 2308 1362 2373 opere
1381 2277 1464 2362 aliquid

280 2377 379 2440 inesse
400 2387 451 2440 aut
469 2379 615 2456 magicum
636 2386 686 2439 aut
705 2378 800 2452 fallax,
834 2379 923 2440 modo
945 2379 1034 2442 iidem
1055 2380 1163 2442 ethnici
1185 2378 1326 2442 indomita
1355 2368 1464 2435 obstina-

279 2463 361 2523 hone
382 2481 436 2524 nec
457 2463 534 2524 caeci
556 2463 616 2524 sint
636 2481 691 2524 nec
713 2464 804 2525 surdi.
847 2463 953 2525 Videre
975 2465 1120 2543 siquidem
1141 2464 1227 2526 lacile
1248 2467 1378 2544 poterant
1397 2465 1465 2532 quam

279 2546 403 2626 simplici
425 2546 515 2608 modo
537 2547 694 2609 Christiani
717 2556 838 2627 agerent
863 2557 951 2628 atque
978 2549 1067 2611 etiam
1095 2550 1256 2612 daemones
1277 2545 1372 2609 audire
1391 2533 1465 2600 coufi-

279 2639 375 2693 tentea
398 2649 431 2692 se
452 2632 649 2694 desererem
669 2651 731 2694 uon
751 2652 828 2706 esse,
857 2633 910 2694 scd
931 2632 1099 2696 immundos
1128 2635 1263 2712 spiritus,
1293 2631 1326 2694 ob
1347 2623 1466 2688 moh'tiou

233 2742 240 2759 ·
275 2717 508 2796 praedomantes
531 2722 563 2779 in
583 2718 687 2779 iudicii
706 2719 782 2780 diam
803 2736 869 2779 com
890 2719 1025 2780 omnibus
1049 2718 1219 2782 cultoribus
1242 2729 1271 2782 et
1286 2705 1466 2797 operatoribus

278 2805 342 2864 cuis
357 2800 465 2879 (thid).
496 2801 574 2874 Quin
596 2802 684 2864 ctiam
705 2801 763 2880 ipsi
783 2802 943 2863 daemones
965 2820 1025 2865 non
1047 2811 1185 2882 poterant
1206 2799 1385 2868 audientibus
1405 2791 1465 2869 ipu-

277 2893 339 2948 met
360 2885 484 2948 ethnicis
515 2905 588 2948 auce
609 2887 715 2950 saltem
735 2891 914 2966 ignomniniae
942 2898 970 2950 ct
997 2889 1197 2951 domoouoau
1228 2899 1330 2951 cotom
1354 2879 1467 2966 resarcit

261 2981 333 3032 'seu
353 2978 463 3050 tegere,
485 2971 609 3045 diluere,
631 2970 763 3034 induari.
795 2970 993 3044 Quamobrem
1015 2971 1082 3034 illos
1105 2973 1141 3034 ad
1163 2971 1204 3047 id,
1230 2973 1255 3036 si
1277 2983 1393 3048 unquam
1410 2974 1464 3036 iffi·

211 3139 212 3142 *
277 3054 383 3129 serint,
411 3053 566 3134 aliquando
587 3056 753 3135 negandum
773 3055 911 3118 audacter
931 3064 1080 3134 provocat
1124 3057 1275 3129 llcnuoot
1305 3048 1394 3132 inquit
1411 3057 1463 3104 1¹¹²·

278 3139 419 3218 nuscripti
442 3139 558 3201 codices
581 3141 676 3202 nostri
702 3140 897 3212 denuntiant,
919 3141 1024 3203 mehus
1047 3142 1182 3220 antiquae
1205 3141 1348 3206 editiones
1367 3133 1467 3220 licuit·

279 3227 361 3294 tieret,
384 3225 442 3284 hoc
461 3231 517 3296 est,
540 3224 592 3286 sed
613 3224 776 3304 improprio
796 3225 936 3305 loquendi
958 3225 1057 3298 modo,
1086 3235 1203 3306 negent,
1235 3225 1360 3290 abnuant
1378 3224 1402 3278 et
1420 3208 1467 3272 dt-

278 3305 415 3368 liteantur
434 3325 475 3368 se
502 3326 571 3369 esse
598 3310 831 3386 praedamnatos.
873 3310 911 3370 lt
937 3309 966 3371 id
994 3311 1186 3391 proculdubio
1217 3328 1323 3391 negare
1348 3313 1404 3366 ton
1421 3307 1469 3356 1¹⁰n

277 3397 422 3470 poterant,
439 3409 505 3452 oum
520 3411 536 3452 a
551 3391 725 3454 Christianis
740 3393 910 3472 interrogati
926 3403 956 3456 et
969 3395 1092 3457 adiurati
1107 3397 1291 3476 respondere
1305 3387 1467 3470 cogebantur.

364 3474 520 3547 Quomodo
538 3477 627 3538 enim
654 3477 777 3540 inficiari
808 3479 977 3557 potuissent
1005 3499 1038 3542 se
1065 3480 1235 3544 immundos
1264 3497 1330 3541 esse
1356 3468 1468 3552 spiritus.

278 3558 356 3639 quod
388 3577 428 3622 cc
452 3561 573 3640 pabulis
601 3579 715 3635 eorum,
747 3569 782 3624 ut
803 3563 843 3624 ait
864 3563 1073 3638 Tertullianus,
1107 3571 1255 3647 conquiras
1286 3574 1314 3624 et
1344 3561 1420 3640 [cmo
1447 3556 1469 3608 tt

274 3645 389 3726 putidis
418 3648 500 3724 rogia
527 3663 672 3724 peccatam
699 3658 727 3708 et
759 3652 1004 3729 impurotisaimia
1027 3649 1137 3730 linquis
1160 3656 1299 3732 ipsomcm
1319 3654 1413 3708 ootuat
1430 3637 1469 3696 t't·

277 3729 494 3810 collimitatur
516 3728 637 3806 (lbidii
679 3731 743 3805 tui,
766 3733 792 3794 si
814 3733 905 3806 lohet,
926 3733 1131 3813 augustinum,
1154 3745 1184 3798 ot
1205 3755 1240 3798 ea
1260 3735 1332 3812 lege,
1354 3727 1378 3790 si
1393 3723 1467 3791 vast

278 3831 353 3894 quac
385 3814 434 3876 ille
466 3833 501 3876 ex
522 3815 678 3895 Porphyrii
710 3816 747 3878 ad
767 3816 952 3880 hnehontem
984 3819 1108 3898 epistola
1139 3821 1240 3882 retuht
1268 3819 1304 3880 de
1334 3807 1469 3892 inpiiset

277 3899 470 3962 fraudulentis
492 3899 667 3962 monacnum
688 3919 722 3962 aa
742 3901 886 3964 fundum
907 3902 1062 3983 spirituum
1084 3904 1195 3966 artibus
1223 3907 1356 3982 (August
1376 3885 1468 3956 lint

278 3982 315 4044 de
338 3983 422 4046 tivit
443 3985 496 4046 lici
518 4002 580 4064 cap.
598 3989 672 4059 lt).
715 3986 758 4046 lhi
780 3987 888 4067 qnippe
920 3987 1023 4049 scribit
1043 3988 1109 4050 ihos
1132 3989 1259 4068 gaudere
1280 3980 1424 4048 nidoribus
1443 3985 1469 4033 tt

277 4067 412 4142 victimis,
435 4069 497 4131 sive
518 4070 650 4132 mactatis
671 4070 828 4149 pecoribus
851 4071 926 4133 allici
948 4072 1070 4152 cogique
1098 4093 1132 4136 ea
1162 4076 1260 4136 lacere
1287 4087 1359 4150 quae
1385 4060 1470 4126 volout

277 4147 422 4214 homines.
465 4154 527 4215 hlia
549 4155 637 4216 etiam
657 4154 766 4217 ibidem
787 4155 1011 4231 animadvertes,
1040 4159 1146 4236 quihus
1167 4159 1260 4238 plura,
1291 4171 1362 4235 quae
1383 4149 1467 4208 hacte-

276 4251 334 4296 nus
361 4235 398 4296 de
428 4239 589 4302 eorundem
615 4239 791 4302 daemonum
819 4241 985 4321 praestigiis
1015 4241 1228 4322 disputavimus
1261 4229 1469 4304 confirmarit

278 4317 417 4382 illustrari
439 4333 572 4400 possunt.
615 4325 727 4388 Adiecit
748 4326 945 4388 Tertullianus
967 4326 1033 4388 illos
1056 4327 1221 4390 immundos
1244 4325 1364 4406 spiritus
1384 4311 1467 4378 derla-

277 4402 335 4464 rari
358 4409 599 4486 impuratissimis
621 4409 731 4490 tinguis
753 4423 854 4473 uotum
876 4417 1022 4491 ipsorum,
1045 4421 1095 4474 aut
1116 4414 1165 4492 qui
1187 4412 1255 4484 aris,
1279 4417 1310 4470 ut
1331 4415 1409 4468 antea
1428 4394 1466 4456 di-

277 4487 424 4564 cebamus,
447 4490 619 4566 inhalahant,
643 4503 672 4556 et
692 4498 773 4557 lumo
794 4513 829 4557 ac
850 4496 1030 4558 richmarum
1048 4498 1188 4577 sanguine
1203 4489 1466 4560 contaminabantur.
1536 4509 1537 4530 t

277 4580 327 4636 aut
356 4574 405 4655 qui
425 4563 666 4642 'ehrhuanorom
693 4580 873 4643 adiuratione
904 4581 989 4644 lateri
1024 4583 1271 4664 compellebantur
1302 4576 1369 4640 illud
1400 4559 1467 4648 qood
