3122 5250
259 357 322 422 390
358 372 549 416 nrsseartrro
564 372 595 415 nt
611 371 660 422 on.
676 371 760 416 sarr.
778 371 863 416 raon.
878 371 1073 416 rennuentem
1088 369 1315 416 mosacsrrcou
1326 369 1404 414 cerr.

259 541 389 603 unquam
414 523 477 585 lieri
504 529 632 602 poterat,
660 521 811 602 magisque
837 521 972 602 puderet,
1005 521 1042 584 iis
1063 521 1244 585 demendum
1265 520 1344 584 aliud
1363 519 1459 584 crimen

259 607 406 682 honestis,
433 616 524 688 prout
550 626 600 670 res
628 607 807 688 posttdabat,
835 605 934 670 verbis
963 607 1160 688 exprobrarit.
1203 606 1264 668 Sed
1291 605 1361 668 illud
1380 621 1459 666 neca

260 693 348 756 nobis
374 693 603 766 nominmdum,
632 691 725 754 multo
753 691 853 755 minus
881 692 1099 772 explicandum,
1135 691 1213 771 quod
1240 691 1351 754 satirici
1378 699 1459 752 umen

259 783 366 859 poetae
387 777 576 840 manifestam
596 776 668 838 satis
689 776 804 840 ludunt·
819 786 849 838 et
868 776 982 856 passim
996 777 1180 840 insectantem
1200 775 1445 856 (Tertullinn.dpa

256 863 347 960 leget
371 881 433 943 cap.
456 865 487 926 9.
510 871 540 924 et
560 861 611 923 lib.
632 861 656 922 Ι.
678 861 715 924 ad
736 861 852 924 Natian.
875 878 938 942 cap.
964 865 1036 939 lia).

632 1067 641 1080 ‘
764 1077 930 1134 narremus
947 1078 973 1135 r.

261 1185 387 1232 detenditur
404 1185 516 1242 quomado
533 1186 635 1230 humanis
655 1185 759 1230 cunibus
776 1193 920 1230 vescerentur
937 1185 1080 1242 gladiatores,
1104 1184 1205 1242 Scythae,
1228 1184 1367 1240 Massagetas
1384 1190 1403 1228 et
1418 1181 1462 1226 lter·

383 1253 454 1307 bicos,
471 1253 508 1308 qui
525 1262 630 1310 suscepta
648 1251 755 1308 religione
773 1252 891 1297 christiana
910 1251 937 1296 ab
954 1253 989 1296 bis
1007 1253 1159 1298 discesserunt
1175 1251 1227 1296 laris
1245 1253 1353 1298 moribus.

343 1369 444 1449 Pergit
465 1366 663 1430 Tertullianus
683 1367 861 1447 planumque
889 1367 1027 1430 omnibus
1049 1369 1118 1430 lacit
1139 1367 1276 1431 ethnicos
1298 1386 1360 1431 non
1379 1365 1460 1428 solun

260 1454 375 1518 bibisse
401 1453 555 1516 bominum
579 1451 761 1532 sanguinem,
790 1452 843 1514 sed
865 1453 982 1515 illorum
1003 1453 1091 1516 edam
1111 1461 1214 1533 pastos
1238 1447 1309 1516 ess'e
1331 1451 1461 1514 omnibns.

259 1541 391 1604 Primum
412 1538 492 1600 enim
513 1537 690 1618 gladiatores
710 1544 782 1616 post
801 1537 882 1600 finita
904 1537 1069 1617 spectanda
1096 1540 1134 1602 de
1153 1555 1259 1609 crena,
1293 1536 1394 1617 inquit,
1422 1536 1460 1614 se

260 1629 340 1690 einis
368 1625 500 1688 abtauiis
532 1632 657 1686 manant
678 1621 861 1696 (Tertullian.
883 1623 1005 1702 dpolog.
1028 1641 1092 1702 cap.
1114 1624 1169 1702 9.),
1198 1622 1231 1684 id
1252 1632 1302 1686 est
1322 1629 1461 1684 manantes

260 1717 421 1772 vescuntur
448 1707 584 1770 carnibus
612 1707 757 1779 ferarum,
786 1725 858 1785 quas
885 1707 972 1786 paulo
1001 1715 1068 1768 ante
1094 1707 1124 1768 in
1154 1707 1232 1770 circo
1262 1707 1460 1768 interfecerent

261 1793 347 1873 Atqui
380 1793 459 1854 ler'ae
480 1791 547 1854 illae
568 1792 674 1853 crudas
695 1791 850 1854 bominum
878 1810 894 1852 a
916 1811 949 1854 se
971 1792 1001 1853 in
1023 1791 1130 1854 iisdem
1151 1791 1326 1872 spectaculis
1348 1787 1459 1852 nunb-

260 1886 360 1940 torum
381 1895 485 1938 carnes
507 1877 641 1956 proxime
662 1875 816 1937 devoratas
838 1876 970 1938 nondum
992 1876 1126 1956 digerere
1157 1885 1328 1957 patuerant
1365 1874 1405 1936 db
1423 1870 1460 1934 bis

261 1963 360 2044 itaque
381 1960 593 2024 crudelissimis
609 1959 819 2041 gladiatoribus
833 1965 970 2042 ipsorum
983 1979 1139 2038 urserunt,
1162 1961 1240 2023 sicut
1253 1963 1363 2024 Auctor
1375 1965 1462 2022 noster

261 2047 401 2128 loquitur,
430 2047 511 2110 alvei
535 2055 730 2128 appetuntur,
760 2046 945 2108 cruditantes
975 2047 1072 2110 adbuc
1094 2048 1129 2108 de
1150 2047 1320 2110 viscardus
1342 2043 1461 2108 mnam

263 2132 372 2210 (lbid.).
414 2131 452 2193 llt
478 2131 519 2192 ita
546 2130 664 2210 quidem
691 2129 722 2190 in
744 2129 859 2209 lligaltii
886 2130 1032 2192 editione:
1059 2131 1113 2193 sed
1135 2131 1166 2192 in
1186 2129 1398 2210 antiquioribus
1417 2141 1460 2206 pra

261 2217 351 2279 verbo
380 2217 566 2280 cruditantes
594 2215 718 2294 legimus
746 2215 983 2286 trucidantibus,
1016 2216 1161 2278 mendose
1188 2215 1327 2278 omnino:
1355 2214 1459 2276 mma·

260 2300 422 2381 adscriptis
443 2319 513 2361 vero
535 2299 648 2360 nostris
671 2305 701 2358 et
722 2297 786 2359 aliis
809 2297 958 2361 codicibus
981 2308 1151 2362 constanter
1172 2300 1300 2362 babetur
1320 2297 1459 2362 crudior

262 2387 342 2450 tibus
369 2385 466 2448 adbuc
493 2385 528 2447 de
554 2383 717 2446 uisceribus
741 2383 887 2454 bremonis,
917 2383 979 2446 sive
1000 2385 1096 2448 adbuc
1116 2385 1215 2448 crudis
1236 2377 1460 2462 nondumquein

262 2488 412 2542 ursorum,
439 2468 491 2549 qui
518 2488 552 2530 ea
579 2477 763 2538 voraverant,
793 2467 856 2528 alvo
885 2475 914 2529 et
940 2477 1041 2531 ventre
1071 2469 1206 2550 digestis.
1247 2469 1352 2532 Utrum
1378 2473 1459 2528 auum

262 2555 335 2618 baec
360 2573 430 2616 vera
458 2554 498 2615 sit
522 2552 620 2626 lectio,
648 2551 714 2631 quis
744 2559 825 2613 certo
847 2551 912 2614 sine
933 2553 1123 2618 comeatiaris
1144 2554 1269 2618 abcuius
1291 2552 1395 2617 codicis
1414 2563 1460 2626 opt

263 2640 385 2704 definire
413 2637 542 2701 audeat?
584 2639 622 2698 dt
648 2653 839 2716 quaecunqne
867 2637 920 2710 sit,
955 2639 1027 2700 satis
1056 2647 1138 2718 patet
1163 2638 1377 2701 Tertullianum
1401 2627 1460 2695 nibil

263 2726 340 2788 abad
362 2723 556 2804 significasse,
577 2722 636 2784 nisi
658 2740 675 2783 a
696 2720 905 2801 gladiatoribus
927 2723 1023 2803 appeti
1044 2743 1079 2785 aa
1098 2724 1198 2786 mandi
1211 2741 1316 2787 carnes
1329 2733 1459 2784 ursorum,

263 2811 313 2891 qui
340 2809 428 2890 paulo
456 2817 523 2870 ante
549 2807 701 2868 bominum
725 2806 839 2868 viscera
860 2815 890 2868 et
910 2825 1014 2871 carnes
1035 2809 1246 2872 devoraverant
1270 2816 1300 2872 et
1319 2800 1459 2870 idcircoitt

263 2913 366 2958 eorum
388 2893 541 2956 stomacho
563 2900 647 2954 erant
667 2891 763 2953 adbuc
782 2890 936 2971 indigesta.

346 2979 385 3040 tt
410 2997 521 3052 nonne,
549 2977 677 3057 inquies,
706 2983 877 3056 corruptum
903 2995 1021 3056 quoque
1048 2987 1095 3040 est
1115 2997 1225 3040 nomen
1246 2979 1328 3041 aluei
1346 2994 1378 3038 ac
1396 2968 1458 3033 scti-

262 3064 390 3126 bendum
412 3063 512 3142 potios
533 3063 605 3133 elai,
628 3061 678 3141 qni
700 3061 832 3122 ciborum
854 3070 924 3123 sunt
945 3062 1150 3141 receptacula?
1171 3063 1237 3126 Non
1259 3060 1385 3126 absurde
1403 3071 1458 3134 qut·

263 3148 340 3220 dem,
371 3147 397 3208 si
419 3147 528 3209 dixeris
549 3146 702 3207 meliorem
724 3153 837 3224 partem
859 3163 914 3225 pro
936 3154 999 3208 toto
1021 3166 1038 3208 a
1059 3147 1231 3210 Tertulliani
1266 3145 1355 3227 accipi
1382 3143 1458 3204 banc·
1520 3169 1521 3194 2

263 3249 321 3311 qne
341 3231 576 3293 emendationem
598 3229 725 3310 quodam
746 3229 848 3292 saltem
871 3230 972 3292 codice
992 3230 1176 3310 probareris.
1205 3233 1274 3294 Non
1296 3231 1371 3294 erdm
1383 3241 1458 3288 ursu-

263 3333 329 3378 rnm
357 3315 508 3377 dumtaxat
534 3316 606 3386 alai,
635 3313 688 3376 sed
716 3312 789 3375 aliae
816 3314 904 3377 etiem
930 3315 1050 3378 illorum
1072 3336 1176 3380 carnes
1198 3317 1314 3380 comedi
1334 3310 1458 3376 olunt

263 3398 507 3480 quemadmodum
529 3399 626 3478 colligi
648 3405 747 3478 potest
768 3417 804 3460 ex
823 3398 938 3479 apuleii
960 3399 1067 3476 verbis,
1088 3402 1196 3482 quibus
1218 3390 1457 3482 magnificentissi·
1520 3471 1521 3474 Ἴ

262 3501 342 3546 mum
365 3482 528 3564 gladiatorii
548 3483 610 3545 ludi
631 3491 802 3561 apparatum
823 3482 980 3546 describit:
1007 3485 1125 3559 Ursam,
1148 3486 1254 3566 inquit,
1276 3477 1458 3568 quercetani

263 3573 388 3632 sarcina
419 3572 556 3648 corpores
586 3566 801 3647 praevalebat,
834 3573 923 3650 quati
952 3572 1016 3634 cilo
1045 3572 1217 3651 parandam
1246 3581 1398 3654 pertesus
1428 3555 1459 3621 td

262 3665 403 3718 castrant
425 3652 645 3733 receptaculum
666 3651 792 3730 (Apuleii
813 3651 863 3714 lib.
878 3651 925 3714 lV.
948 3654 1140 3736 Metamorpb.
1163 3675 1192 3736 p.
1207 3659 1283 3733 aa).
1312 3649 1385 3727 Quid
1400 3657 1456 3722 ortt

261 3747 341 3802 vetat
361 3737 521 3819 quominus
542 3755 728 3799 communem
755 3737 887 3800 omnium
909 3739 1044 3803 codicum
1063 3741 1245 3804 retineamus
1265 3755 1364 3802 rocem
1383 3729 1456 3796 alati

262 3843 320 3906 qua
348 3823 550 3904 significentur
581 3841 650 3884 vasa
682 3821 714 3884 in
745 3821 851 3900 quibus
881 3823 1056 3887 monetae
1082 3831 1196 3888 tantum
1224 3831 1308 3888 mant
1338 3827 1456 3884 ursorum

263 3928 365 3972 cemes
397 3927 470 3990 quas
491 3905 666 3988 gladiatores
687 3913 768 3968 mnu
789 3907 925 3970 ariditate
946 3909 1089 3990 appetitas
1110 3906 1327 3973 comedebant?
1361 3903 1454 3976 Qum·

264 3993 366 4058 obrem
388 3993 587 4056 Tertullianus
607 3991 676 4053 inde
697 3991 859 4054 condedit:
886 3992 1038 4056 ducimur
1054 3997 1187 4076 protitds
1207 3996 1245 4059 ab
1267 3995 1379 4058 borum
1397 3994 1455 4047 itm

263 4079 324 4140 ursi
344 4089 435 4160 pasta
457 4080 492 4142 de
514 4078 631 4141 bomine
651 4076 836 4154 (Tertullian.
855 4077 979 4158 Apolag.
1001 4097 1065 4158 cap.
1081 4082 1136 4157 9.),
1164 4099 1260 4160 aquo
1282 4076 1366 4160 paulo
1385 4075 1455 4132 antu

265 4162 381 4224 cousus
403 4164 507 4226 luerat

347 4246 455 4310 Verum
476 4248 559 4310 bisce
578 4245 788 4327 gladiatoribus
808 4245 896 4326 longe
910 4247 1100 4312 immaniores
1114 4249 1163 4312 elii
1176 4244 1365 4331 proculdubio
1376 4237 1453 4302 mani

263 4329 428 4409 dequibus
449 4331 498 4394 ille
519 4349 581 4394 non
602 4332 643 4394 ita
664 4331 783 4412 qudem
804 4331 956 4405 affirmate,
980 4332 1034 4394 sed
1055 4333 1297 4398 lmnadumtsrat
1309 4331 1338 4392 in
1350 4321 1453 4388 madrid¹

261 4415 409 4496 loquitur:
431 4417 524 4480 diurn
544 4427 574 4479 et
594 4419 676 4499 apud
696 4417 840 4500 quosdam
852 4417 978 4498 gmtiies
993 4417 1175 4496 Scytltarunt
1188 4419 1454 4502 adamnati*

262 4519 318 4584 qua
339 4518 359 4563 a
379 4503 444 4562 suis
467 4502 579 4563 comedi
596 4501 704 4580 (lain).
746 4502 784 4564 At
803 4519 874 4564 sane
896 4501 976 4564 istud
996 4503 1075 4567 haud
1096 4504 1263 4567 dubitanter
1283 4497 1453 4582 pronunlttii

261 4593 388 4669 poterat.
431 4585 475 4650 lla
495 4583 641 4648 Strabone
662 4586 812 4650 enimvero
834 4586 976 4652 deumne
997 4589 1132 4673 hospites
1154 4587 1319 4654 immolatas
1338 4578 1452 4646 musea
