3196 5250
511 415 645 460 sucroaa
665 415 725 460 nac.
745 416 783 460 aa
803 415 931 462 nonnam
1024 479 1026 486 Ι
1267 403 1331 466 415

116 585 184 628 cem
212 569 298 644 capati
322 567 466 628 vanitate.
508 565 601 646 Atque
628 565 669 628 ita
690 565 721 628 in
743 566 880 630 omnibus
902 566 1110 646 manuscriptis
1131 567 1281 630 radicibus
1302 577 1334 632 α

115 649 245 730 antiquis
277 649 473 712 editionibus:
507 651 560 712 sed
587 671 604 714 a
632 651 756 730 Rigaltio
789 651 911 730 eiusque
942 651 1116 732 sequacibus
1145 652 1219 716 baec
1245 651 1333 720 rerba

115 738 209 812 dictu,
237 739 314 806 sisu,
343 737 451 798 cudite
478 735 590 798 abblata
620 747 698 808 sunt,
732 755 768 798 an
795 747 884 808 recte,
913 746 942 798 te
968 736 1094 800 iudicem
1122 737 1247 816 appello.
1290 739 1333 802 lia

115 821 196 882 enim
217 819 344 898 genubus
366 829 397 882 et
417 820 638 884 consultissime
660 819 696 882 ab
718 821 767 882 iiio
790 821 887 882 addita
909 830 989 894 aunt,
1014 830 1048 882 ut
1065 822 1240 887 camacum
1260 822 1334 886 haec

113 904 281 984 spectantis
310 903 377 966 ideo
399 923 416 966 a
439 905 612 968 Christianis
634 905 765 978 devitari,
793 906 860 984 qiua
882 915 999 985 praeter
1020 906 1201 970 idololatriae
1223 907 1334 970 nium

114 991 200 1052 netas
223 988 367 1052 ducebant
389 989 504 1054 illicitas
526 990 615 1060 dictu,
637 990 703 1052 risu
725 1001 755 1054 et
775 991 875 1052 auditu
897 1009 1000 1070 capere
1016 989 1179 1072 uoluptates
1200 991 1331 1066 (Tertul-

113 1075 184 1138 lian.
207 1074 273 1136 loco
295 1073 343 1136 cit.
367 1081 397 1135 et
416 1074 467 1136 iib.
490 1075 527 1136 de
549 1075 681 1154 Spectas.
703 1093 766 1154 cap.
790 1078 810 1140 6
832 1084 862 1136 et
884 1079 948 1140 'let
962 1087 1068 1155 seqq).
1113 1075 1208 1149 Quam
1233 1084 1332 1140 autern

113 1161 191 1222 istae
220 1158 325 1220 noxiae
354 1177 388 1222 cc
409 1159 566 1238 pestilerae
586 1169 698 1232 essent,
725 1160 774 1222 bis
795 1159 893 1222 disces
915 1160 979 1222 eius
1003 1160 1111 1234 verbis,
1139 1160 1245 1240 quibus
1267 1161 1331 1226 illas

112 1243 184 1308 alibi
206 1243 346 1323 appellat:
377 1242 529 1308 sermm
551 1244 723 1324 voluptates
746 1249 820 1308 circi
839 1247 973 1324 [urentis
996 1256 1024 1308 et
1045 1264 1151 1310 caasa
1171 1251 1333 1312 saboimtis

113 1341 145 1394 st
171 1347 278 1392 scenae
306 1327 487 1391 loscioieatis
516 1329 609 1402 (idem
630 1329 1213 1410 lib.1.adre1s.biarcion.cap.2‘l.).
1256 1331 1333 1394 Alibi

114 1431 202 1476 vero:
231 1411 314 1476 Psm't
343 1425 371 1476 et
397 1413 495 1493 fidelis
523 1414 643 1492 elapsos
673 1419 705 1476 in
726 1413 930 1492 spectaculum
951 1416 1141 1496 quodmpocii
1159 1416 1281 1494 suroris
1302 1427 1333 1481 et

113 1499 293 1578 plcdiatorii
319 1504 440 1560 crearis
466 1509 496 1561 et
523 1504 655 1561 scenicos
680 1500 835 1578 foeditatis
857 1510 888 1560 et
907 1504 1044 1578 mysticos
1066 1505 1209 1564 ocaitbta‘s
1239 1501 1331 1572 (taem

113 1583 166 1646 lib.
189 1582 226 1642 de
248 1582 372 1644 Pudicit.
394 1601 456 1661 cap.
482 1586 534 1660 7.).
579 1581 638 1644 Sed
666 1583 702 1643 de
729 1583 776 1644 bis
804 1583 887 1662 plura
915 1583 946 1644 in
975 1583 1050 1646 libro
1078 1583 1115 1646 de
1138 1584 1331 1664 spermatis,

113 1685 230 1747 nosque
254 1667 284 1730 in
306 1667 361 1728 hac
381 1676 410 1728 et
430 1667 494 1728 aliis
517 1667 776 1730 dissertationibus
797 1668 920 1730 nostris.

201 1749 386 1814 Obiiciebant
407 1760 504 1814 tamen
526 1752 649 1830 gentiles
672 1752 717 1814 rel
737 1771 774 1814 eo
796 1753 868 1831 ipso
884 1751 1004 1814 nomine
1019 1752 1231 1831 prohibendam
1244 1753 1330 1818 dom·

110 1837 299 1914 caudamque
321 1835 554 1900 Christianorum
577 1845 698 1910 sectam,
719 1837 798 1915 quod
819 1836 861 1898 illi
882 1845 1049 1900 ceterorum
1062 1837 1215 1902 hommum
1229 1847 1332 1902 coetus

113 1923 364 2000 adspemarentur
385 1940 419 1982 ac
438 1921 623 2000 publicorum
646 1921 880 2000 spectaculorum
902 1921 1124 1996 obtcccmccu,
1146 1923 1254 2002 quibus
1272 1922 1330 1988 im·

112 2013 266 2086 pecatores
288 2005 529 2084 antiquioresque
551 2006 695 2066 humanae
717 2005 797 2085 leges
824 2006 967 2079 favebant,
989 2025 1050 2068 nou
1066 2025 1152 2069 secus
1168 2027 1202 2068 ac
1215 2017 1332 2086 pestem

111 2091 261 2170 publicam
281 2090 453 2152 devitarent
483 2089 542 2151 Sed
563 2090 610 2151 his
633 2090 830 2152 Tertullianus
852 2090 1028 2170 respondet:
1061 2091 1134 2152 Esto
1156 2100 1215 2152 tam
1236 2092 1332 2154 licitae

112 2193 202 2256 quam
235 2174 362 2235 calamae
395 2175 456 2235 sint
476 2175 531 2237 hae
551 2175 731 2254 voluptates:
771 2175 839 2250 Quo
861 2195 924 2246 vos,
958 2175 1061 2255 iuquit,
1095 2178 1283 2258 offendamus,
1305 2180 1335 2240 sa'

112 2261 193 2322 ulios
212 2263 433 2342 praesumimus
456 2267 660 2338 sectamurque
681 2259 878 2342 voluptates?
921 2260 998 2333 Quid
1026 2279 1106 2334 vero,
1133 2265 1163 2322 si
1188 2261 1335 2324 oblectari

109 2349 234 2408 novisse
255 2343 396 2406 nolumus
418 2363 451 2404 ac
471 2363 560 2410 omne
580 2344 748 2422 respuimus
771 2345 927 2424 voluptatis
951 2343 1069 2423 genus?
1112 2344 1199 2406 Certe
1222 2356 1332 2408 nostro

112 2435 231 2492 iniuria
257 2443 311 2500 est,
344 2434 373 2490 si
399 2429 492 2507 sorte,
515 2447 577 2491 con
599 2440 703 2491 uestro
736 2429 827 2502 (idem
849 2430 1002 2510 apologet.
1025 2447 1088 2510 cap.
1111 2432 1186 2505 38.),
1208 2430 1266 2492 boc
1287 2439 1333 2492 est
1363 2452 1366 2463 ·

111 2513 203 2575 nobis
233 2513 434 2575 tantummodo
460 2514 598 2574 damnum
625 2513 787 2588 inserimus,
816 2533 1000 2594 nequaquam
1027 2522 1124 2575 autem
1152 2514 1247 2587 robis,
1276 2515 1332 2577 nisi

109 2601 191 2660 sorte
225 2605 255 2658 et
285 2607 413 2659 restrum
446 2599 584 2660 damnum
615 2599 655 2658 sit
681 2606 741 2660 mm
766 2598 886 2660 cetariis
914 2617 968 2659 vos
990 2606 1072 2658 totos
1094 2599 1203 2659 dedere
1224 2599 1330 2679 volup-

109 2683 234 2746 tatibus

201 2767 303 2846 Neque
324 2766 454 2845 urgeatis
475 2783 509 2828 ea
532 2783 589 2826 nos
610 2765 772 2844 reprobare
794 2785 868 2847 qsrce
887 2765 1010 2846 placent
1025 2767 1109 2830 eodm
1125 2765 1233 2841 libid).
1265 2765 1331 2828 Non

107 2854 275 2914 diffitemur
295 2850 385 2922 enim,
405 2851 496 2912 immo
519 2849 587 2912 iude
608 2850 776 2928 gloriamur.
808 2851 867 2915 Sed
889 2851 958 2929 quid
980 2859 1078 2912 restra
1099 2850 1169 2914 illud
1184 2849 1331 2915 intereat?

106 2939 220 3000 Nonne
248 2936 335 2998 etiam
363 2953 416 2998 sec
442 2953 497 2998 cos
525 2945 633 2998 nostro
661 2932 832 2998 delectasti
873 2935 905 2996 Si
933 2953 1003 3014 ergo
1024 2942 1144 2996 nocuas
1164 2935 1258 2998 licitos
1280 2953 1330 2998 ca-

108 3036 236 3100 stasque
257 3021 465 3082 delectationes
487 3019 659 3098 repudiatis,
682 3037 735 3080 cur
755 3027 868 3080 vestras
885 3019 969 3096 piane
984 3017 1156 3081 libidinosas
1171 3027 1257 3097 atque
1272 3019 1329 3083 bo·
1434 3037 1436 3046 ’

108 3107 194 3170 miste
216 3105 339 3168 rationis
362 3111 498 3182 compote
520 3121 647 3182 prorsus
670 3103 805 3182 indignas
828 3103 950 3166 reiicere
972 3102 1059 3166 nobis
1081 3122 1141 3166 non
1161 3101 1283 3166 licebit?

200 3189 396 3268 Prosequitur
417 3187 614 3250 Tertullianus
635 3187 765 3266 illudque
785 3188 939 3250 confirmat
953 3188 1164 3268 Epicureorum
1186 3188 1331 3269 exemplo,

58 3317 62 3345 .
107 3276 193 3356 quod
216 3275 264 3338 his
286 3273 407 3336 totidem
422 3273 562 3336 rodoam
584 3281 754 3334 nostronrm
776 3273 873 3335 verbis
887 3273 1042 3353 proponit:
1065 3274 1162 3336 Licuit
1175 3274 1331 3354 Epicureis

106 3361 247 3443 reliquom
277 3361 436 3422 decernere
463 3357 629 3438 voluptatis
657 3363 824 3433 ceritatem
855 3361 887 3422 id
914 3369 959 3422 est
986 3363 1079 3420 ocimi
1105 3363 1284 3440 aequitatem
1305 3369 1333 3424 st

108 3445 217 3526 amplo
238 3448 357 3524 nepotis
380 3443 569 3506 Christianos
590 3441 698 3518 (ibid).
742 3442 851 3506 liudem
879 3461 996 3522 quoque
1023 3443 1052 3504 in
1075 3443 1202 3522 antiquis
1224 3443 1331 3506 aditio·

108 3530 204 3592 nibus
231 3529 385 3600 habentur,
413 3528 439 3588 si
466 3537 563 3590 nmen
585 3527 712 3606 excipias
734 3527 870 3590 ultimum
891 3546 1000 3590 nornen
1025 3528 1223 3604 Christianus,
1252 3527 1333 3606 quod

107 3615 234 3695 qaudem
262 3613 449 3676 librariorum
476 3612 630 3674 oscitantis
651 3612 796 3676 adiectum
817 3631 905 3674 nemo
927 3631 999 3676 sane
1022 3614 1180 3691 negaverit.
1211 3613 1332 3674 »verm

108 3699 270 3778 Riqaitius‚
303 3698 345 3760 uti
376 3715 465 3776 supra
497 3695 664 3760 monuimus
695 3697 779 3776 (Sup.
802 3715 865 3776 cap.
888 3699 918 3761 3.
940 3697 1001 3760 brt.
1027 3702 1083 3773 1.),
1117 3697 1190 3760 baec
1219 3703 1333 3758 tantum

108 3783 250 3846 retinuit:
273 3783 370 3844 Licuit
391 3781 547 3861 Epicureis
570 3781 700 3860 aliquem
722 3781 881 3843 decemrars
903 3782 1069 3862 voluptatis
1091 3787 1256 3850 veritatem,
1279 3798 1331 3840 ea·

107 3887 173 3949 que
193 3867 261 3928 ioco
284 3884 340 3930 suo
362 3875 441 3928 mota
461 3866 527 3928 istis
549 3865 735 3944 praeposuit:
761 3866 828 3938 Quo
850 3884 904 3929 vos
927 3868 1117 3947 offendimus.
1150 3863 1212 3924 Nos
1234 3863 1333 3924 aulem

110 3955 155 4016 ibi
183 3951 315 4014 mutulos
345 3970 412 4012 esse
438 3949 529 4012 roltut
555 3969 588 4010 se
616 3951 691 4010 itanc
717 3949 950 4012 emendationem
973 3951 1009 4010 air
1032 3951 1067 4010 iis
1101 3947 1254 4026 collegisse
1281 3947 1332 4026 qsi

110 4037 293 4100 Fuldensem
326 4035 457 4098 codicem
490 4033 631 4096 viderant.
674 4034 734 4096 Sed
763 4033 818 4096 etsi
849 4053 898 4096 res
925 4035 966 4096 ita
988 4053 1021 4096 se
1043 4033 1158 4104 lrabeat,
1187 4031 1333 4110 numquid

111 4121 226 4186 recreo
248 4119 337 4184 unius
358 4119 512 4182 Fuldecais
533 4118 601 4180 iibri
622 4117 779 4182 auctoritas
796 4119 904 4180 ceteris
919 4117 1068 4191 omnibus,
1090 4135 1215 4196 quorum
1231 4117 1331 4196 pluras

109 4208 203 4287 longe
225 4205 405 4267 vetustiores
435 4212 513 4276 sunt,
542 4202 643 4264 debuit
664 4201 825 4265 anteferri?
866 4203 971 4266 Nonne
992 4221 1027 4266 ea
1047 4200 1147 4274 rerba,
1175 4201 1201 4262 si
1222 4219 1332 4270 comen

110 4293 318 4362 Cbrs'sticcos,
351 4287 594 4370 quemadmodum
627 4287 765 4361 diximus,
797 4295 934 4366 tanquam
966 4287 1147 4366 superfluum
1175 4286 1332 4362 ademeris,

107 4375 252 4440 succus
274 4373 369 4440 nocui
389 4373 544 4454 proposito
565 4391 599 4436 ac
619 4369 711 4438 menti
733 4371 806 4434 satis
826 4371 902 4432 belle
924 4369 1125 4434 conveniunt?
1224 4382 1233 4404 ·

201 4459 277 4524 uam
300 4459 450 4522 enimvero
473 4459 503 4520 in
525 4459 645 4522 modum
660 4465 893 4536 arpamentmu:
917 4455 974 4518 Cur
985 4454 1157 4520 Christianis
1171 4474 1233 4520 non
1247 4455 1332 4524 necat

111 4565 204 4627 mam
235 4545 394 4608 bonestsm
427 4541 592 4606 cristianam
623 4543 707 4622 sequi
735 4542 924 4621 voluptatem,
950 4559 1019 4604 cum
1038 4540 1191 4620 dpbmeis
1216 4541 1333 4608 licuerit

112 4632 192 4697 itiam
216 4629 342 4710 seligere
376 4647 449 4709 quae
482 4635 611 4708 praestat
638 4631 733 4690 ocimi
752 4631 938 4707 nequitatem,
966 4625 1029 4690 sire
1050 4625 1150 4706 potiar
1171 4625 1331 4706 amabili·
