3092 5234
259 353 324 416 6Ῑῦ
346 369 383 410 llll
399 367 474 408 VERA
487 366 601 408 AETATE
615 367 650 408 AG
666 365 812 410 nocturna
826 365 1011 410 scelerosus
1026 333 1221 410 rnrunmartl
1236 367 1418 410 sisennus

779 599 808 672 e
837 597 964 658 xnvrn.

346 715 403 776 Sed
426 713 462 774 ad
484 713 607 774 alterum
629 711 795 785 veniamus,
829 713 908 792 quod
931 711 1029 775 estin
1052 731 1088 773 eo
1104 713 1256 792 positum:
1293 713 1432 793 fueritne
1456 715 1487 782 is,

261 801 310 879 qui
326 799 397 859 haec
412 805 474 860 acta
491 796 615 874 collegit,
638 795 683 856 rel
706 795 835 874 scriptor
850 816 866 857 e
881 795 1126 858 Montanistarum
1148 807 1237 869 secta,
1261 797 1308 858 vel
1330 796 1410 858 item
1425 799 1487 877 ipse

261 882 477 953 Tertullianus,
499 881 578 958 quod
600 889 754 960 utrumque
771 879 928 942 Whistono
944 881 1056 959 placet:
1081 888 1160 942 recte
1182 880 1300 960 quidem
1324 881 1352 942 si
1378 881 1418 942 de
1442 883 1487 942 illo

260 967 426 1046 quaeritur,
463 965 546 1026 side
569 963 635 1042 ipso
658 963 858 1036 Tertulliano,
881 965 969 1044 longe
992 983 1088 1026 secus.
1132 963 1205 1025 lllud
1227 965 1318 1042 igitur
1340 967 1485 1044 superius

260 1051 346 1131 plane
368 1049 525 1112 Whistono
547 1047 695 1109 assentior
715 1057 890 1127 propterea,
923 1049 1001 1128 quod
1025 1057 1055 1109 et
1075 1047 1124 1109 ille
1146 1049 1274 1127 scriptor
1295 1048 1341 1120 (in
1366 1052 1484 1128 praeia-

260 1136 369 1212 tiene):
399 1133 593 1213 propbetioe,
622 1131 675 1204 ait,
705 1141 787 1192 seer
809 1137 1059 1194 oisr'oneenooos
1081 1151 1243 1210 conoscere
1266 1143 1294 1194 et
1317 1132 1485 1200 bonorare,

260 1253 300 1264 —-
326 1251 364 1262 -
388 1217 465 1278 unde
488 1224 518 1277 et
538 1234 572 1277 se
593 1215 700 1276 latetur
720 1233 801 1278 noos
824 1217 893 1278 boec
916 1218 1091 1278 dommentn
1111 1225 1284 1295 martyrum
1305 1226 1335 1278 et
1364 1217 1484 1278 neele

260 1307 376 1365 tionnna
397 1302 553 1371 adiecisse,
591 1317 683 1378 seque
704 1302 743 1370 (e
765 1301 846 1374 26.),
875 1305 1016 1382 quoniam
1034 1304 1209 1380 permiserit
1230 1311 1260 1361 et
1277 1301 1485 1379 permittendo

260 1387 393 1450 noluerit
415 1388 544 1464 spiritns
567 1382 598 1444 S.
623 1383 757 1445 ordinem
778 1387 868 1446 istius
889 1389 1024 1446 muneris
1054 1384 1094 1458 (h.
1119 1403 1144 1445 e.
1167 1401 1295 1463 pugnam
1318 1392 1484 1461 martprnm
1523 1395 1524 1454 ς

260 1487 326 1532 curn
347 1467 452 1530 bestiis
474 1467 505 1538 in
526 1467 670 1542 theatro),
703 1467 867 1538 conscribi,
901 1469 974 1528 haec
1001 1467 1206 1546 composuisse
1234 1465 1366 1538 iactitat3
1408 1470 1483 1546 quod
1523 1467 1524 1496 ³

260 1554 337 1615 haud
361 1552 423 1612 scio
446 1571 482 1612 an
505 1569 565 1611 non
588 1550 675 1611 aburn
699 1569 786 1628 quam
807 1551 1045 1612 ldontanistieum
1068 1551 1243 1630 scriptorem
1265 1549 1390 1626 prodat,
1414 1551 1484 1612 laanr

259 1637 416 1717 praecipue
446 1635 484 1696 ob
502 1647 630 1706 caussm,
659 1634 737 1712 quod
761 1633 934 1716 orthodoxi·
952 1653 1012 1696 nen
1041 1635 1176 1696 solebant
1202 1633 1300 1710 magni
1318 1635 1484 1696 aestimare

259 1719 503 1782 montanistarum
515 1726 668 1796 martyres,
691 1717 780 1778 etita
802 1717 896 1778 multo
918 1719 1028 1790 minus,
1056 1727 1089 1778 ut
1110 1715 1250 1795 supplicia
1272 1716 1419 1794 ipsorum
1442 1729 1483 1780 at-

260 1823 318 1883 que
340 1801 552 1874 constantiam,
581 1801 669 1862 etiam
691 1819 758 1862 cnm
779 1800 960 1874 visionibus,
988 1821 1060 1880 quas
1082 1800 1312 1861 contemnebant
1333 1803 1482 1878 proiecto.

259 1889 291 1949 in
312 1887 425 1948 litteras
447 1887 601 1946 relerrent.
630 1884 675 1958 At,
699 1885 778 1962 qnod
801 1893 848 1946 est
869 1894 956 1964 caput
977 1885 1065 1946 huius
1078 1883 1295 1963 disputationis,
1320 1883 1482 1948 Tertullia-

260 1989 330 2032 nom
359 1989 427 2031 eum
454 1969 552 2050 ipsum
579 1967 755 2046 scriptorem
781 1968 891 2041 luisse,
925 1985 986 2030 non
1015 1967 1090 2029 dabo
1112 1967 1261 2028 Wbistoni
1282 1971 1482 2046 argumentis,

259 2074 334 2134 quae
356 2053 483 2115 suntab
506 2073 542 2114 eo
563 2052 652 2113 latius
673 2051 827 2130 proposita
848 2051 906 2113 hoc
927 2051 1032 2112 modo:
1064 2051 1196 2112 Primum
1218 2051 1289 2110 lraec
1313 2061 1383 2112 ama
1408 2065 1482 2118 sunt

260 2148 292 2200 ut
312 2137 454 2217 praelatio
477 2137 583 2209 docet,
613 2151 674 2195 non
700 2135 739 2196 ita
761 2135 854 2196 multo
882 2143 953 2214 post
971 2134 1068 2212 ipsum
1091 2135 1148 2196 hoc
1168 2131 1275 2194 lactum
1304 2139 1481 2214 composita

260 2222 376 2293 deinde,
411 2227 528 2280 exarata
556 2219 762 2290 latine,tun1,
790 2219 827 2280 ab
854 2219 975 2280 bomine
996 2217 1149 2288 Africano,
1178 2217 1260 2278 cuius
1282 2217 1330 2278 rei
1353 2229 1407 2280 est
1428 2241 1483 2281 nnn

259 2305 321 2368 leve
353 2305 384 2364 in
417 2303 539 2363 horrido
567 2303 705 2364 Afrorum
736 2302 850 2363 dicendi
883 2319 991 2380 genere
1021 2301 1069 2362 hic
1097 2300 1227 2362 adhibito
1257 2301 1483 2374 documentum,

260 2389 389 2465 itemque
416 2386 505 2447 multa
536 2385 643 2447 adsunt
670 2385 759 2446 rerba
786 2385 938 2447 familiaria
965 2385 1012 2444 illa
1041 2385 1159 2463 quidem
1182 2384 1369 2446 Tertulliano
1394 2389 1482 2467 (quod

258 2470 392 2551 pluribus
414 2469 555 2548 exemplis
578 2468 927 2548 probantllolstenianae
948 2468 985 2528 ad
1006 2463 1157 2529 hacc'ncta
1171 2475 1288 2540 uotae);
1310 2480 1480 2548 postremo,

260 2554 389 2633 scriptor
410 2554 465 2614 l'uit
485 2554 562 2614 haud
585 2553 673 2614 dubie
696 2573 712 2614 e
734 2551 833 2612 schola
850 2552 989 2624 Montani,
1012 2569 1099 2631 quam
1121 2552 1234 2631 primus
1249 2552 1308 2614 boe
1323 2555 1404 2626 lere,
1426 2575 1481 2634 qao

258 2637 308 2698 isti
330 2644 472 2716 martyres
495 2636 643 2698 interemti
665 2643 752 2707 sunt,
785 2643 918 2715 tempore
940 2635 1136 2710 Tertullianus
1158 2635 1189 2696 in
1210 2635 1306 2696 Africa
1329 2655 1479 2718 propaga-

258 2721 315 2794 rit3
343 2739 467 2784 necesse
488 2729 535 2781 est
555 2720 644 2798 igitur
666 2719 837 2780 Tertulliani
859 2720 947 2780 etiam
968 2719 1042 2780 hace
1062 2727 1125 2780 acta
1148 2737 1225 2780 esse.
1271 2719 1358 2791 Quae
1385 2725 1481 2784 omnia

259 2875 328 2922 unice
352 2873 375 2922 in
401 2873 530 2922 asserenda
549 2869 608 2920 solis
626 2871 770 2934 martyribus
788 2877 843 2920 ante
893 2871 947 2920 dam
966 2869 1042 2920 multo
1060 2869 1272 2922 accommodatius.
1308 2870 1408 2922 Deinde
1425 2876 1483 2924 diret

260 2941 369 2990 altimum
401 2940 480 2989 iudicii
510 2939 573 2988 diem
598 2939 703 3002 perlecta
728 2938 842 2987 felicitate
894 2939 952 2987 milri
979 2939 1042 3002 quis,
1067 2953 1142 3002 quare
1159 2939 1279 3000 Perpetua
1305 2937 1354 2988 boc
1375 2957 1483 2990 comme-

206 3025 217 3040 ·
259 3015 373 3064 versatur,
397 3015 451 3071 apte
469 3012 676 3068 congruenterque
693 3021 706 3053 a
726 3007 842 3068 Perpetua
894 3013 972 3054 moret
995 3005 1115 3054 obiectum
1140 3005 1213 3054 menti
1231 3019 1298 3064 snae,
1325 3009 1396 3068 qnod
1417 3011 1482 3058 istra

259 3083 364 3124 sumtum
384 3086 480 3122 caseum
499 3082 731 3122 commemoraturus
749 3073 842 3124 luisset.
894 3074 957 3122 casei
975 3071 1109 3122 buccellam
1127 3072 1246 3134 acceperit
1264 3071 1353 3122 iunetie
1372 3077 1482 3125 manibus

258 3142 416 3202 Augustiana
431 3152 497 3198 vero,
521 3139 602 3202 quiin
621 3139 733 3188 leodibus
752 3139 842 3202 Perpe-
893 3141 931 3197 (ex
959 3154 1026 3189 more
1053 3141 1077 3188 in
1106 3153 1180 3188 cosan
1204 3153 1271 3188 secra
1296 3140 1367 3204 epnd
1393 3153 1482 3192 aetem

259 3213 460 3267 westmonast,
480 3205 665 3268 alioquemodo
683 3206 794 3256 traditam
807 3207 841 3255 illi
893 3207 1043 3256 Christianos
1067 3205 1174 3269 recepto)
1198 3214 1222 3255 et
1246 3206 1351 3256 universi
1379 3210 1481 3260 circan-

259 3275 323 3324 oasei
341 3271 475 3321 buccellam
500 3275 678 3336 interpretetur,
706 3287 759 3322 eum
786 3288 841 3323 nero
894 3281 999 3323 stantes:
1025 3269 1113 3324 tmenl
1141 3273 1249 3332 dixerint,
1268 3273 1339 3323 caius
1357 3279 1429 3338 qnod
1448 3293 1483 3326 ra-

258 3339 312 3403 qnis
330 3339 392 3387 benc
405 3353 455 3388 rem
474 3347 553 3388 tamen
573 3340 685 3390 laudasse
697 3336 843 3390 mirabitur?
893 3341 982 3390 tionem
1001 3340 1058 3390 dare
1076 3340 1154 3403 possit
1170 3341 1296 3403 quisquam
1316 3341 1418 3402 dubito,
1443 3347 1482 3393 nisi

257 3405 305 3456 Sed
324 3405 424 3454 alteram
444 3409 603 3466 graviusest:
622 3407 842 3468 logostinusillam
893 3408 948 3470 quis
972 3421 1058 3457 causae
1082 3415 1179 3456 nostrae
1204 3408 1287 3456 [sumt.
1324 3407 1442 3474 lienique
1465 3427 1482 3460 aa

258 3471 321 3522 casei
345 3465 590 3534 buccellem'signum
610 3481 676 3537 potat
694 3475 770 3523 luisse
787 3474 843 3522 dal·
893 3475 939 3524 iste
966 3475 1030 3524 casei
1052 3475 1141 3523 snmtio
1165 3474 1256 3538 aliquid
1280 3475 1304 3523 in
1328 3489 1412 3538 mnne
1431 3495 1480 3528 eae

257 3539 348 3588 cedinis
367 3539 487 3590 felicitatis
506 3541 647 3603 Perpernae,
669 3541 786 3603 istamque
804 3541 842 3590 ia·
894 3542 948 3590 testi
973 3541 1104 3604 Perpernae
1134 3549 1272 3590 erectarum
1305 3542 1434 3603 significas
1464 3556 1482 3593 es

257 3607 454 3670 terpretationem
472 3608 594 3670 persuasit
606 3607 716 3666 vinoci,
735 3607 775 3670 qni
787 3621 841 3656 om·
893 3623 993 3658 nomem
1011 3609 1074 3658 torto
1092 3607 1219 3658 adumbrat
1243 3609 1306 3669 apol,
1332 3609 1482 3676 descripte·

256 3687 310 3723 nem
336 3673 402 3724 illam
429 3675 628 3734 significationem
647 3675 731 3724 mortis
750 3674 841 3724 violen—
891 3675 915 3724 in
934 3673 1077 3739 Apocalypsi
1101 3675 1207 3734 loannis,
1232 3689 1261 3724 ex
1284 3690 1332 3738 qna
1355 3679 1416 3728 iere
1434 3695 1481 3730 ore·

256 3749 294 3790 tae
319 3755 435 3804 quaerere
459 3740 551 3790 ridetur
569 3741 592 3789 in
610 3741 676 3808 scale
695 3741 736 3790 illa
754 3741 840 3804 spinis,
892 3757 935 3792 nes
962 3750 1018 3792 sant
1042 3743 1102 3792 istae
1125 3743 1230 3792 visiones
1254 3743 1278 3792 in
1296 3745 1360 3794 actis
1382 3747 1482 3796 laedens

256 3808 352 3868 gladiis,
370 3808 473 3871 aliisque
491 3808 590 3868 mnnita,
608 3822 653 3870 per
670 3823 741 3872 quam
754 3823 841 3858 escen·
892 3810 1025 3868 desomtae,
1050 3809 1217 3859 llontanistam
1241 3809 1261 3858 ei
1281 3809 1376 3861 dixeris
1396 3814 1481 3878 Perpe-

256 3875 360 3926 dendnm
380 3875 513 3937 Perpetnae
531 3881 597 3936 erst3
621 3890 706 3925 caseos
724 3889 780 3926 rero
798 3889 841 3925 eor
890 3883 965 3936 taam,
985 3877 1062 3926 molto
1074 3877 1207 3926 laeiliorem
1218 3877 1290 3926 babet
1298 3879 1482 3940 mutationem.

256 3942 375 3992 adbibitus
399 3942 431 3991 sit
453 3941 484 3990 ed
506 3942 678 4004 sempiternam
703 3941 841 3992 felicitatem
892 3945 1049 4007 quamobrem
1075 3945 1104 3992 ad
1132 3943 1179 3994 hoe
1206 3943 1400 4006 significandum
1424 3951 1482 3998 esui

255 4009 454 4069 adumbrantem,
473 4008 590 4058 rationem
608 4009 666 4058 dicit
684 4010 706 4058 in
723 4010 841 4074 legeper·
891 4009 1001 4060 boccella
1019 4011 1105 4060 tradita
1123 4009 1159 4060 illi
1178 4011 1258 4070 tuerit,
1277 4025 1333 4061 enm
1347 4029 1436 4072 caseo,
1454 4019 1482 4064 ati

255 4077 392 4139 sequenrhe
411 4077 575 4139 metaphoras,
593 4077 678 4126 doctae
697 4077 726 4124 ab
739 4077 841 4138 imspine
861 4115 864 4122 .
892 4078 1003 4144 dirimas,
1022 4077 1178 4127 Moauaistse
1196 4077 1220 4126 in
1232 4079 1321 4140 Anapis
1341 4089 1482 4139 ateremm

255 4145 369 4206 pastoris,
394 4144 478 4193 luisse.
513 4145 542 4193 At
566 4157 625 4205 eno,
648 4146 668 4193 si
694 4143 761 4192 nella
785 4144 840 4204 elia,
892 4151 917 4192 at
941 4146 963 4193 si
987 4144 1056 4194 illum
1083 4158 1179 4194 cereum
1198 4159 1245 4194 non
1264 4145 1359 4209 aliquid
1382 4151 1482 4199 caeleste

256 4210 302 4258 nisi
327 4210 394 4269 baec,
418 4212 504 4260 luisset
521 4211 648 4260 sanationis
666 4211 730 4260 casei
748 4211 841 4272 sipnia·
892 4212 952 4260 dicis
976 4211 1114 4275 respicere,
1138 4211 1181 4260 sed
1206 4211 1365 4264 coniunctam
1394 4221 1482 4281 quidm

256 4275 328 4336 catio,
345 4289 485 4339 quaererem
504 4279 561 4342 quid
580 4285 653 4337 esset,
670 4278 734 4342 qood
750 4277 839 4342 Perpe·
892 4278 956 4328 alind
980 4293 1035 4327 cum
1053 4287 1131 4328 morte
1149 4279 1251 4328 uiolenta
1270 4279 1424 4344 Perpetaee,
1448 4301 1482 4334 es·

255 4350 310 4392 taae
343 4356 429 4392 caseos
452 4359 464 4392 a
488 4353 586 4406 pestere
610 4346 732 4407 mulgente
755 4346 841 4394 luisset
890 4345 976 4410 plicari
994 4345 1057 4396 istud
1075 4349 1151 4395 slsum
1169 4361 1182 4393 e
1201 4359 1275 4395 coena
1294 4347 1378 4399 libera
1399 4361 1483 4416 potest

255 4410 361 4468 oblatas,
384 4425 433 4459 non
455 4412 544 4476 aliquid
567 4414 648 4476 potius
673 4413 750 4471 laetis,
775 4413 840 4476 quod
892 4425 962 4476 qoam
982 4421 1033 4461 aeta
1052 4412 1092 4461 illa
1110 4413 1179 4469 (sect.
1196 4413 1272 4470 xvtt.)
1290 4416 1482 4470 reiernntmrr·

255 4483 320 4526 esset
351 4475 381 4525 acl
411 4477 549 4528 felicitatem
573 4481 687 4529 caelestis
712 4481 839 4538 Carrenis,
891 4489 954 4543 tyree
971 4480 1057 4541 pridie,
1076 4494 1148 4543 qnam
1174 4480 1294 4542 supplicia
1322 4487 1483 4539 suesinereat

255 4543 327 4594 melle
350 4545 419 4608 qnasi
443 4553 467 4596 et
485 4545 547 4596 lecte
563 4546 668 4610 liuentis,
692 4547 839 4598 adumbrari·
889 4555 1010 4612 tamqnam
1029 4560 1123 4611 agapen
1140 4547 1266 4596 sumsisse.
