3036 5230
488 395 622 440 socroes
644 395 707 444 ιοιι.
730 397 816 442 sors.
907 435 911 442 .
1206 382 1269 446 713

26 555 87 609 est
109 547 143 608 io
164 544 201 607 iis
224 543 365 615 oporibus
388 563 471 622 quae,
501 553 715 624 postquam
736 563 832 608 uovoe
852 546 1028 627 prophetiae
1048 547 1137 610 fldem
1158 549 1268 614 hahere

28 631 152 710 coepit,
175 629 282 708 scripte
304 647 373 691 esse
395 637 477 690 certo
500 638 627 700 constat.

126 713 248 776 llllirius
277 713 379 774 eadem
409 713 525 774 rabone
554 712 682 792 aliquam
708 713 745 775 ad
775 713 1004 776 llontauismum
1031 716 1265 795 propensionem

27 798 154 877 reperit
174 797 206 860 io
227 797 340 860 duabus
363 796 399 858 ad
421 796 549 859 Uxorem
570 796 844 872 dissermtionihus3
857 817 990 878 quarum
1012 797 1165 878 inpriore
1188 800 1264 862 Ter-

27 883 183 944 tullianus
204 881 289 944 uxori
312 899 383 942 sune
404 880 566 964 dissupdet,
587 900 626 942 ue
648 881 675 944 si
697 883 775 944 torte
795 882 853 962 ipsi
868 891 1024 962 superstes
1042 891 1133 954 esset,
1156 903 1266 946 secun-

29 967 112 1028 dom
145 965 364 1027 matrimonium
393 965 497 1038 iniret,
531 965 562 1026 in
591 965 681 1028 altero
710 974 847 1030 metuens
874 985 912 1027 oe
941 967 989 1028 illa
1012 977 1183 1046 gravaretur
1204 977 1265 1030 tam

27 1068 177 1112 severam
197 1049 293 1128 legem
315 1049 373 1110 sibi
395 1050 558 1127 imponere,
581 1067 645 1110 cam
667 1059 747 1112 certe
769 1058 948 1124 commonet,
970 1069 1009 1112 oe
1030 1070 1144 1132 pagano
1167 1053 1263 1114 nohe-

26 1142 97 1196 ret.
142 1135 222 1198 llaec
241 1133 422 1211 indulgentia
444 1132 606 1196 infirmitati
627 1134 771 1196 humanae
792 1134 890 1198 habits
912 1135 986 1196 adeo
1009 1133 1134 1198 dissidet
1154 1135 1190 1197 ab
1213 1155 1264 1198 es·

27 1218 167 1298 peritate
188 1217 246 1289 illa,
280 1235 337 1296 qna
359 1217 391 1277 io
423 1217 585 1280 secundnm
617 1218 837 1281 matrimonium
868 1218 1027 1292 invehitur,
1061 1229 1265 1300 postquem

13 1302 220 1364 2Montaoista
240 1303 333 1364 lactus
354 1310 411 1374 est,
433 1309 467 1364 ut
488 1319 543 1380 ego
564 1301 668 1364 bllixio
691 1303 838 1364 assentire
859 1321 920 1364 non
942 1302 1068 1382 possim.

126 1386 161 1447 ln
182 1385 258 1448 libro
280 1385 316 1446 ad
331 1385 486 1464 Martyres*
507 1385 663 1464 respicitur
685 1386 721 1447 od
744 1406 830 1448 usum
852 1394 922 1450 tuuc
935 1387 1090 1461 valentem,
1112 1405 1171 1468 quo
1186 1405 1262 1468 poo-

29 1471 171 1531 nitentes
199 1470 229 1530 in
256 1470 398 1533 ecclesiae
426 1469 665 1531 communionem
693 1469 926 1534 restituebantur
952 1480 1058 1550 rogatu
1086 1489 1190 1534 corum
1212 1471 1263 1552 qui

28 1563 164 1634 propter
196 1553 373 1616 christianae
401 1552 552 1616 doctrinae
579 1555 798 1632 professionem
826 1556 857 1616 in
884 1573 1032 1618 carcerem
1061 1564 1163 1618 essent
1187 1575 1288 1630 coo-g

29 1639 118 1698 iecti.
148 1637 243 1706 liuius
265 1637 322 1699 loci
345 1637 509 1700 oraticnem
531 1637 557 1699 si
580 1657 785 1718 comparamus
807 1657 874 1700 cum
895 1639 977 1718 gravi
997 1639 1076 1701 illius
1098 1659 1172 1702 usus
1189 1659 1263 1702 coo-

30 1723 229 1784 demnetiooo
250 1741 325 1801 quae
347 1729 425 1783 extet
442 1722 476 1784 in
498 1720 574 1784 libro
597 1722 634 1784 de
655 1722 830 1796 Pudicitia&
863 1723 1059 1801 colligendum
1087 1725 1175 1786 nobis
1206 1733 1262 1798 est,

13 1806 159 1886 popinom
182 1791 396 1868 Tertullianum
410 1805 543 1868 nondum
565 1806 602 1868 ad
617 1807 847 1878 blootauismum
870 1825 1047 1870 conversum
1069 1807 1172 1882 luisse,
1196 1809 1262 1870 cnm

30 1892 148 1952 librum
177 1890 213 1951 ad
240 1891 380 1969 Martyres
413 1889 566 1952 scriberet
609 1890 644 1951 lu
667 1910 692 1951 c.
716 1895 745 1954 4.
775 1899 1004 1954 commemorata
1037 1901 1084 1954 est
1109 1891 1263 1972 Peregrini

12 1973 209 2054 ‚philosophi
233 1991 326 2047 mors,
349 1992 424 2053 quae
446 1974 551 2036 accidit
571 1974 647 2034 iutra
669 1993 764 2036 annos
786 1975 908 2037 CLXIV.
932 1983 962 2036 et
983 1975 1112 2048 obnxe
1134 1985 1264 2038 extrema

12 2067 138 2134 qautem
160 2057 226 2119 lihri
248 2057 392 2120 sententia
414 2075 519 2136 magna
547 2077 613 2120 com
640 2059 855 2137 probabilitatis
884 2058 983 2139 specie
1011 2060 1122 2122 credits
1144 2069 1190 2122 est
1210 2079 1261 2122 rc·

32 2143 111 2204 ferri
134 2141 170 2202 ad
193 2142 295 2202 crebra
316 2141 364 2202 illa
386 2142 543 2221 supplicia,
576 2142 682 2221 quibus
711 2152 781 2222 post
801 2143 899 2204 nmini
927 2142 1039 2204 cladem
1062 2152 1092 2205 et
1113 2143 1260 2206 mortem¹
1289 2163 1294 2170 ·
1357 2145 1363 2156 “

12 2225 165 2310 ἱιιιιιιίιιιιι
194 2226 331 2286 homines
361 2226 504 2287 senatorii
532 2225 644 2288 ordinis
667 2228 763 2289 allecti
791 2237 877 2300 suot3
914 2245 1079 2306 quenquam
1108 2247 1141 2290 ca
1163 2228 1263 2308 possit

12 2312 126 2376 ,etiam
150 2310 185 2370 od
207 2309 351 2372 Plautiani
373 2322 498 2372 mortem
520 2310 634 2372 referri.

12 2455 14 2478 ζ
125 2393 158 2454 Si
186 2395 322 2455 inter-se
349 2394 584 2474 comparabimus
613 2393 745 2456 diverses
773 2395 903 2456 rationes
931 2393 1039 2473 quihus
1062 2395 1259 2456 Tertullianus

32 2479 76 2538 de
105 2479 171 2555 iuga
201 2476 231 2538 in
259 2479 466 2554 persecutione
493 2478 622 2556 loquitur
643 2479 673 2539 in
702 2479 787 2539 libris
810 2480 846 2538 de
867 2479 1037 2540 Patientia¹¹¹
1065 2487 1095 2540 et
1122 2475 1158 2540 d'e
1180 2479 1261 2557 Fuga

11 2564 67 2652 iin
91 2559 339 2632 Persecutione·‚
370 2560 550 2623 adducemur
571 2563 608 2623 ad
629 2563 705 2624 hanc
727 2561 965 2636 conclusionem,
997 2563 1130 2642 priorem
1151 2561 1260 2624 librum

11 2701 13 2740 q
33 2645 182 2723 scriptum
206 2663 274 2706 esse
295 2651 492 2722 antequem
515 2645 668 2706 ecclesiam
689 2646 867 2723 reliquisset.

123 2730 299 2790 Dissertatio
328 2728 468 2788 adversus
491 2727 617 2789 ludaeos
639 2747 655 2788 a
678 2729 808 2789 Pomelio
841 2729 950 2806 scripta
979 2746 1047 2788 esse
1069 2727 1210 2788 statuitur
1231 2743 1258 2787 a.

11 2817 12 2878 J
34 2812 198 2886 exeun„
221 2811 373 2874 nbAllixio
396 2812 570 2883 (secundum
585 2811 757 2888 Beronium)
779 2831 806 2872 a.
823 2811 1085 2876 nevittnltixius
1108 2809 1259 2888 opinionis

33 2915 112 2960 suae
134 2896 256 2958 tondum
279 2897 367 2960 habet
387 2895 475 2956 rerba
497 2895 534 2956 de
557 2895 673 2974 imperii
696 2895 820 2956 Romani
844 2903 937 2968 stato,
961 2895 1088 2974 quaein
1111 2913 1136 2954 c.
1160 2897 1189 2958 7.
1212 2893 1258 2954 le-

33 2991 157 3062 guntur,
180 3000 255 3059 quae
276 2979 396 3060 quidem
418 2979 466 3040 ibe
489 2997 549 3040 oon
571 2978 629 3040 nisi
653 2979 690 3040 de
712 2979 851 3040 extremis
868 2979 969 3040 Severi
985 2978 1156 3057 imperantis
1172 2977 1257 3038 eoois

33 3065 159 3144 intelligi
180 3083 271 3143 posse
293 3071 412 3136 censet3
434 3071 503 3124 sunt
526 3071 622 3124 tameo
645 3071 704 3123 tam
726 3063 887 3142 generatim
910 3063 997 3147 dicta,
1019 3076 1053 3126 ut
1073 3061 1110 3123 de
1125 3068 1259 3141 tempore

31 3151 103 3214 libri
127 3148 199 3210 certi
221 3146 471 3228 quidquam-inde
494 3145 590 3224 colligi
612 3155 747 3225 nequest.
1253 3217 1255 3224 Α

121 3233 243 3294 Librum
258 3234 295 3294 de
309 3232 548 3311 Praescriptione
561 3229 784 3292 Haereticorum
801 3230 944 3309 scriptum
965 3248 1032 3291 esse
1051 3239 1254 3309 postquam

34 3317 237 3380 Tertullianus
260 3315 436 3377 Montaoista
457 3316 550 3375 lactus
580 3322 642 3384 est,
673 3314 794 3376 Altinius
823 3333 840 3376 e
869 3313 1078 3376 charismatum
1108 3313 1259 3374 mentione

35 3400 154 3478 colligit.
177 3400 262 3480 pseu,
286 3409 319 3460 ut
339 3399 397 3460 iam
419 3399 563 3460 monitum
587 3407 634 3459 est
655 3398 685 3460 in
707 3399 813 3460 librum
837 3397 873 3458 de
888 3397 1050 3477 baptismo,
1072 3415 1166 3459 nexus
1188 3415 1258 3458 ver·
1301 3413 1312 3436 ⁸

35 3487 142 3548 horum
170 3483 242 3546 nihil
270 3501 375 3546 censae
404 3483 589 3562 suppeditat,
623 3501 675 3543 our
702 3482 780 3544 illam
803 3501 905 3544 vocem
927 3482 964 3542 ad
985 3481 1148 3561 peculiares
1170 3481 1257 3542 dotes

34 3569 178 3632 Paracloti
201 3568 331 3630 llootaui
353 3569 578 3646 restringamus.
622 3566 704 3628 idem
725 3567 847 3629 Allixius
869 3568 966 3628 locum
988 3567 1075 3626 affert
1096 3585 1113 3627 e
1133 3565 1211 3625 libro
1232 3563 1256 3624 1.

35 3655 179 3716 adversus
195 3653 382 3731 Marcionem,
405 3652 483 3714 unde
504 3651 619 3730 probet,
642 3669 709 3712 eum
731 3651 839 3711 librum
860 3651 992 3730 priorem
1015 3649 1108 3710 luisse
1128 3648 1204 3708 libro
1221 3645 1259 3706 do

36 3735 274 3814 Praescriptione
289 3734 527 3808 hoereticorum
549 3735 600 3812 qui
623 3741 719 3796 mmeu
741 3734 847 3794 locus⁰
869 3745 917 3794 me
938 3732 975 3792 sd
990 3731 1167 3792 contrariam
1185 3745 1258 3790 scn-

74 3921 87 3968 i.
106 3933 127 3969 c.
146 3918 167 3966 l.
188 3920 260 3974 Οιιιιιι
274 3933 354 3982 pacem
371 3920 466 3981 quiden
482 3919 507 3966 ic
524 3917 621 3968 ecclesio
671 3915 709 3966 his
727 3923 791 3965 recte
809 3913 889 3976 colligi
909 3913 1090 3978 poscendum,
1106 3913 1259 3975 togam'tem·

37 3987 208 4037 conuehentes
226 4002 241 4035 o
256 3987 396 4047 martyribus
413 3987 438 4034 iu
455 3998 546 4034 eorem
564 3998 620 4032 eoo·
671 3979 732 4047 pore
750 3982 925 4044 persecutionis
943 3995 998 4032 esse
1017 3994 1166 4030 concessum.

38 4068 91 4102 rore
117 4058 288 4102 eminuerunt.
336 4053 365 4102 h't
391 4043 444 4102 idei
473 4065 523 4100 eon
551 4052 621 4100 etiem
705 4063 728 4098 n.
748 4049 774 4098 C.
795 4047 835 4100 29.
1090 4049 1094 4054 ’

36 4125 156 4184 propterea
179 4119 204 4168 ir
222 4121 288 4170 rotie
306 4121 390 4168 holm
407 4125 428 4167 et
445 4123 521 4182 [ceno
539 4125 560 4167 et
578 4133 619 4168 cn·
705 4131 728 4164 o.
754 4118 801 4166 Sed
824 4116 908 4165 oller
931 4113 1066 4164 libellus
1084 4114 1144 4163 burc
1161 4113 1258 4174 predum

38 4187 125 4236 stodire
148 4187 243 4247 dehetis,
271 4192 296 4234 ot
319 4187 341 4234 ri
363 4189 423 4248 [orte
440 4192 461 4234 et
479 4186 534 4234 ollis
549 4199 619 4248 proe-
671 4185 793 4233 sustinebit
810 4184 965 4232 odoenus
981 4183 1174 4240 haereticos,
1189 4181 1259 4230 ctione

40 4260 101 4303 rtore
115 4255 220 4316 possitis,
671 4251 722 4300 sine
750 4256 875 4300 retractatu
910 4251 1067 4298 murima
1100 4247 1258 4307 reciecesdor,

73 4341 138 4393 Η·
157 4341 199 4394 22
672 4318 735 4380 qnod
758 4319 801 4366 loc
823 4319 870 4365 rint
895 4317 924 4364 de
940 4315 1122 4392 praescriptione
1138 4314 1256 4391 soqitmis.

74 4427 88 4476 Ι·
107 4429 131 4476 Α·
150 4427 174 4477 s·
194 4425 299 4478 exem
671 4383 873 4508 iititgredoqnir‘b?
888 4382 1046 4511 rhirrnxeiiedigit
1061 4386 1257 4511 mimici&

73 4533 104 4568 m.
121 4519 147 4569 C.
168 4519 206 4569 lb.
232 4521 258 4570 st
274 4523 331 4582 lngo
347 4525 436 4579 urgent,
454 4519 564 4567 odrerm
582 4519 620 4566 ie·
671 4518 757 4580 ubique
787 4517 922 4566 odeoemum
956 4515 1098 4576 diffidentius
1128 4515 1256 4576 deputetur,

38 4587 153 4638 mnodo
172 4592 242 4652 {moe
259 4585 424 4637 ementium.
459 4584 492 4634 Ex
508 4585 548 4636 hie
565 4597 619 4634 ror·
672 4583 913 4646 repolomcdeersorii
929 4583 995 4646 prior
1010 4587 1153 4660 praelegere,
1171 4595 1200 4630 es
1217 4579 1259 4632 eei
