3122 5250
251 401 253 414 '
288 389 355 455 390
389 401 581 449 msssnrarro
595 402 627 446 m
643 401 691 452 oo.
707 401 790 446 surr.
804 401 891 446 scon.
905 399 1100 444 retroactum
1116 399 1342 444 srococerrcms
1357 401 1437 443 carr.

378 555 381 562 '
446 555 551 618 Custos
573 557 694 636 imperii
714 558 814 637 cr'rpo,
833 514 907 634 quoe
921 550 997 629 ,solo
1016 552 1142 614 mederis

446 639 624 702 Vulneribus
645 637 820 718 nullumque
840 639 925 700 doces
948 641 1060 698 smtr’re
1083 637 1222 699 laborem.

425 750 428 758 ·
521 747 527 758 ·
562 722 724 800 (Claudiam.
739 721 790 784 lib.
807 721 857 783 ill.
874 721 911 783 de
924 721 1047 782 Laudib.
1063 721 1196 782 Stilicon.
1210 738 1238 781 r.
1251 722 1315 784 204
1328 720 1451 797 etseqq.)

376 841 494 920 Effigies
515 841 604 921 igitur
627 841 705 904 illius
727 840 855 920 fulgebat
875 839 905 902 in
927 840 1057 920 tropaeis
1080 840 1141 902 sive
1163 839 1255 920 captis
1277 836 1408 899 bostium
1426 855 1483 916 spo-

291 927 350 1000 liis,
377 945 451 1006 quae
474 945 589 988 summo
613 925 704 1006 stipiti
727 927 807 988 etin
829 925 925 988 crucis
947 925 1069 1004 figuram
1091 933 1189 986 erecto
1213 921 1399 1004 superposita
1420 920 1483 983 solo-

291 1011 363 1073 bant
389 1011 513 1072 solemni
540 1030 648 1092 pompa
675 1010 793 1073 deferri.
836 1009 953 1071 Ethnici
973 1009 1071 1090 itaque
1092 1009 1248 1071 Victoriam
1271 1027 1334 1070 non
1356 1005 1483 1068 salumin

290 1115 347 1158 suo
370 1095 490 1177 templo,
514 1096 567 1157 sed
588 1096 619 1156 in
640 1095 687 1157 his
711 1096 798 1157 etiam
820 1095 949 1175 tropaeis
972 1094 1128 1156 adorantes
1151 1112 1268 1156 crucem
1292 1110 1408 1172 quoque
1426 1089 1483 1150 ado-

288 1181 403 1243 rabant.
447 1180 519 1242 Nam
543 1192 669 1263 tropaea
689 1183 835 1251 cistricto,
857 1179 952 1259 inquit
972 1178 1115 1241 Minucius
1129 1178 1210 1240 Felix
1233 1177 1353 1248 (Minue
1368 1177 1483 1256 plll'lb

289 1283 354 1327 non
376 1276 493 1330 tanturn
514 1265 655 1346 simplicis
678 1265 783 1340 crucis,
805 1283 907 1326 rerum
929 1264 1016 1326 etiam
1037 1263 1114 1326 albxi
1137 1263 1166 1324 in
1189 1282 1223 1326 ea
1237 1261 1368 1324 hominis
1383 1261 1483 1339 figam

288 1349 449 1422 imitantur.
782 1377 798 1424 p
1419 1341 1422 1350 '

267 1444 294 1516 Ι
376 1469 436 1530 Sed
461 1468 558 1530 acrius
588 1467 684 1530 adbuc
711 1475 862 1548 urgentem
883 1466 1096 1530 Tertullianum
1124 1465 1356 1546 subsequamur:
1391 1461 1483 1540 llelipit

285 1551 512 1627 Romanorum,
549 1552 657 1632 inquit,
691 1564 755 1616 tota
784 1555 948 1615 castrensis
976 1557 1062 1632 ss'qrm
1087 1562 1264 1622 veneratur,
1299 1554 1384 1632 siqno
1408 1553 1483 1614 iurat,

219 1667 224 1678 ·
287 1642 379 1719 atqua
408 1639 543 1702 omnibns
573 1639 629 1700 dr'a's
655 1641 827 1718 praeponit.
875 1637 983 1699 Omnes
1012 1636 1060 1700 ilb'
1085 1639 1250 1714 inopinum
1279 1646 1430 1715 stuppeum
1449 1636 1483 1692 n

291 1729 391 1802 seques
405 1723 532 1786 monilia
553 1741 676 1784 crucum
697 1743 733 1784 sn
791 1721 973 1795 (Tertullian.
994 1717 1146 1800 Apologet.
1165 1733 1232 1799 cap.
1259 1723 1331 1796 to).
1373 1719 1413 1780 lta
1432 1712 1483 1794 qui·

291 1807 360 1868 dem
381 1805 411 1868 in
433 1807 544 1868 nostris
567 1805 717 1868 codicibus
732 1732 827 1884 ‘a
850 1805 973 1868 exaratis
996 1814 1025 1867 et
1042 1804 1128 1866 editis
1144 1804 1371 1884 antiquioribus.
1398 1803 1483 1863 Verum

288 1889 433 1974 Rigaltius
463 1890 504 1952 ibi
531 1909 641 1953 nomen
662 1891 867 1954 Romanorum
888 1889 967 1952 nulla
988 1889 1100 1951 reddita
1127 1889 1242 1950 ratione
1276 1887 1401 1951 sustulit.
1439 1883 1482 1944 Su-

291 1978 440 2055 spicamur
451 1983 547 2037 tamen
563 1994 628 2037 eam
642 1976 746 2048 luisse,
762 1975 829 2053 quia
844 1975 874 2035 in
893 1975 968 2036 libro
982 1975 1018 2036 ad
1033 1975 1173 2035 Nationes
1189 1974 1303 2047 eadem,
1326 1973 1379 2035 scd
1392 1971 1482 2032 omisso
1519 1995 1520 2000 κ

289 2059 341 2122 illo
363 2059 569 2138 Romanorum
589 2059 718 2132 nomine,
741 2058 788 2120 bis
809 2058 907 2120 verbis
929 2060 1050 2137 repetit:
1073 2059 1111 2120 ln
1132 2063 1270 2122 cr'ctors'r's
1293 2069 1323 2120 et
1338 2076 1420 2119 eruas
1459 2069 1482 2112 t·

292 2145 328 2207 tr't
350 2149 515 2208 castrensis
536 2144 651 2225 rels‘ps'o,
675 2147 761 2224 sr'qnu
775 2145 893 2216 odorat,
917 2148 1002 2224 sipna
1017 2145 1140 2215 deterat,
1163 2147 1249 2222 sobam
1264 2147 1325 2226 ipss¹
1337 2071 1481 2227 taor*

288 2230 371 2310 sert:
392 2231 445 2291 sed
465 2227 516 2290 ille
538 2233 699 2310 anaqinnm
721 2241 875 2307 sappestus
897 2238 926 2290 et
947 2239 1029 2292 totus
1043 2233 1116 2290 ouri
1129 2228 1228 2291 cultus
1244 2229 1369 2290 rnonr'lr'a
1384 2238 1483 2287 crurun

292 2324 365 2375 snnt
394 2312 486 2386 (Idem
508 2311 558 2373 lib.
581 2311 604 2373 1.
632 2311 669 2374 ad
688 2311 804 2374 Nation.
828 2331 891 2392 cap.
916 2315 988 2388 12).
1032 2313 1069 2374 dt
1094 2312 1235 2392 Rigaltius
1265 2307 1481 2374 animadvertisse

293 2397 366 2459 satis
395 2415 456 2458 non
483 2396 598 2458 ridetur
618 2396 689 2458 illud
710 2396 916 2460 llornonornsn
936 2415 1047 2458 nomen
1067 2398 1203 2477 potuisse
1225 2397 1256 2458 in
1278 2398 1336 2458 hoc
1357 2395 1433 2464 libro,
1455 2385 1481 2448 td

291 2500 396 2543 omnes
418 2481 579 2562 generatim
600 2482 735 2543 nationes
759 2481 880 2553 directo,
908 2481 1113 2562 praetermitti,
1142 2500 1202 2543 non
1224 2491 1324 2543 autem
1344 2481 1373 2541 in
1392 2473 1480 2556 apoto-

290 2568 397 2646 getico,
426 2565 475 2646 qui
498 2566 534 2627 ad
556 2583 659 2628 omnes
682 2566 826 2627 antistites
847 2585 881 2628 ac
902 2565 1036 2645 inprimis
1058 2567 1208 2628 Romanos
1230 2567 1343 2628 missus
1357 2564 1416 2626 tuit.
1432 2559 1481 2619 1101

288 2658 390 2712 autem
418 2650 552 2712 militaria
581 2651 665 2731 signa
698 2651 838 2712 adorandi
871 2652 948 2732 apud
970 2649 1106 2712 istcs'ita
1127 2650 1300 2724 invaluerat,
1327 2658 1359 2711 ut
1378 2643 1478 2708 Artaba·

286 2753 348 2798 nus
369 2736 543 2798 Parthorum
571 2754 623 2797 rex
652 2736 688 2796 ad
710 2735 870 2816 Caligulae,
898 2735 992 2816 inquit
1014 2735 1192 2808 Suetonius,
1219 2735 1349 2815 legatum
1369 2730 1479 2793 veniens:

289 2819 428 2967 {riquilgpl
444 2833 472 2884 et
498 2826 584 2901 ss'qna
604 2819 739 2883 Ronsona
762 2821 978 2903 Caesarumque
1000 2823 1141 2901 r'rnopr'nes
1163 2821 1342 2883 adoraverit
1372 2817 1480 2892 (Sueton.

317 2905 356 2967 ita
429 2905 466 2985 ig.
490 2925 551 2985 cap.
576 2909 650 2983 14).

376 3024 434 3086 Cur
456 3031 552 3087 autem
576 3023 679 3103 religio
702 3023 862 3086 castrensis
883 3031 1002 3083 vocetur
1023 3040 1058 3083 ac
1077 3022 1161 3101 signa
1183 3040 1237 3084 sua
1254 3023 1370 3092 iuraret,
1391 3014 1477 3078 hisin-

289 3107 422 3188 telligere
445 3115 491 3169 est
512 3109 639 3170 Senecae
661 3108 773 3171 verbis:
809 3108 940 3168 Primum
961 3107 1085 3170 militiae
1108 3107 1263 3169 vinculum
1285 3119 1329 3171 est
1349 3104 1442 3182 rcls'pio
1459 3101 1479 3156 el

291 3196 448 3274 siquomsna
468 3211 555 3255 arnor
577 3203 605 3255 et
627 3193 784 3256 deserendi
801 3193 906 3270 nesam
932 3204 1002 3255 tune
1024 3193 1128 3254 duude
1149 3192 1240 3271 facile
1264 3205 1362 3255 cetera
1376 3189 1477 3276 aciut-
1519 3207 1520 3234 1

291 3287 345 3338 tur
365 3279 605 3358 mandanturque
626 3279 666 3337 od
685 3279 897 3338 iusiurandum
919 3277 1033 3338 adactis
1065 3275 1179 3350 (Senes.
1201 3275 1297 3354 Epist.
1319 3279 1390 3348 95.).
1426 3267 1477 3328 111·

291 3377 373 3421 mum
394 3361 492 3440 itaque
512 3360 584 3420 illud
606 3368 667 3422 erat
686 3360 811 3422 militum
832 3360 1044 3432 iusiurandum,
1067 3378 1125 3439 quo
1142 3379 1175 3422 se
1189 3361 1308 3422 militiae
1323 3354 1477 3420 addicebant,

291 3443 329 3504 de
351 3461 409 3524 quo
430 3444 514 3524 plura
537 3443 669 3506 Schelius
690 3445 721 3506 in
743 3444 805 3505 suis
828 3445 864 3505 ad
885 3443 1036 3524 Polybium
1059 3445 1137 3506 notis
1164 3446 1309 3520 (Schelius
1330 3463 1388 3523 cap.
1411 3443 1432 3502 1.
1450 3431 1476 3490 dt

291 3529 450 3606 Sacram),
486 3527 657 3590 Brissonius
695 3527 840 3604 (Brisson.
874 3527 936 3589 init.
968 3529 1018 3590 lib.
1047 3529 1094 3592 IV.
1130 3529 1165 3590 de
1204 3529 1363 3606 formul),
1399 3524 1476 3584 1115111

264 3609 411 3694 ‚Lipsius
444 3611 536 3693 (Lips.
559 3613 579 3673 l.
600 3611 623 3674 l.
646 3612 683 3674 de
704 3613 784 3674 llilit.
807 3612 939 3674 Romana
961 3613 1065 3694 dialog.
1089 3617 1119 3678 6.
1140 3633 1206 3694 pag.
1229 3617 1293 3692 26.)
1316 3621 1345 3676 et
1365 3609 1415 3673 alii
1434 3599 1476 3699 ν11

291 3708 409 3780 praeter
440 3698 496 3759 hoc
519 3705 732 3760 sacramentum
752 3696 860 3760 milites
882 3698 969 3760 etiam
991 3717 1118 3778 suaper
1139 3698 1222 3778 signa
1244 3699 1384 3762 iurabant.
1420 3689 1475 3750 1111

290 3781 428 3848 Lucanus
450 3783 650 3845 centurionem
672 3782 790 3844 Caesari
809 3801 864 3863 per
889 3803 923 3845 ea
943 3783 1088 3846 iurantem
1111 3783 1155 3846 sic
1175 3784 1303 3847 induxit:

441 3933 483 3948 ·-
505 3933 546 3946 -·-
568 3902 629 3963 Per
651 3907 737 3983 sr'qna
759 3903 855 3964 decern
875 3903 977 3982 selrjcr'o
997 3905 1117 3976 castris,

438 3985 555 4069 Perque
577 3999 645 4051 tuos
667 3991 735 4049 iuro
757 4004 930 4069 quocunque
950 4004 989 4049 en
1011 3987 1093 4050 tasse
1115 3988 1294 4069 triumphos.

1016 4069 1138 4146 (Lucan.
1160 4071 1210 4134 lib.
1231 4071 1268 4134 ss.
1290 4089 1317 4131 v.
1338 4065 1423 4139 278.)-

286 4185 354 4248 nee
373 4189 480 4252 mimm
502 4188 839 4269 sane,'quandoquidem
865 4187 986 4264 (Lucan.
1007 4188 1057 4251 lib.
1079 4189 1115 4252 11.
1136 4208 1165 4253 r.
1189 4193 1272 4267 370.)
1294 4189 1373 4268 signa
1392 4194 1435 4240 sua
1451 4173 1472 4229 tl

291 4271 405 4350 aquilas
431 4274 587 4353 putabant,
614 4281 648 4336 ut
674 4292 709 4336 ex
731 4274 867 4336 Comelio
888 4273 988 4336 Tacito
1015 4273 1171 4349 discimus,
1195 4279 1326 4358 propria
1352 4267 1472 4347 leqiomlll

292 4359 363 4418 esse
390 4363 514 4420 numina
544 4359 647 4434 (Tacit.
669 4357 720 4420 lib.
741 4359 777 4422 11.
799 4359 901 4421 Annal.
923 4365 994 4439 post
1014 4359 1078 4420 init.
1099 4379 1129 4440 p.
1152 4363 1227 4438 bb).
1268 4355 1340 4420 stibi
1364 4365 1426 4413 roro
1443 4337 1469 4398 11

292 4439 422 4502 Antonio
445 4441 617 4505 seditionem
639 4452 859 4524 compescente:
889 4443 963 4506 Mon
983 4463 1158 4517 conversus,
1181 4444 1283 4525 inquit,
1305 4439 1343 4503 ad
1361 4439 1434 4513 11111
1442 4427 1471 4524 ,⁶²

294 4524 444 4588 bellorum
465 4526 548 4598 deos,
577 4527 707 4591 hostium
726 4519 828 4609 bonus
851 4529 1029 4591 caesaribus
1051 4529 1137 4592 idun
1157 4530 1304 4609 turonen,
1329 4522 1406 4586 illan
1423 4511 1470 4572 dl·

292 4611 430 4674 cardian
456 4613 627 4690 r‘ns‘r'csrcnt,
662 4614 778 4687 orabat,
810 4613 904 4677 donec
932 4615 1089 4696 fatisceret
1116 4615 1223 4678 reddin
1253 4612 1341 4692 (Idem
1364 4586 1468 4666 1111111·
1519 4653 1520 4656 ,
