3196 5250
243 351 305 415 430
341 345 531 412 nissanrarro
546 367 576 410 ru
592 367 639 418 on.
652 366 739 410 saar.
755 367 841 410 mon.
857 365 1052 410 raarnnuarn
1066 365 1293 410 arotocsrrcorr
1305 365 1391 409 carr.

243 518 494 580 conserebantur
514 517 581 578 illos
602 516 781 597 reipublicae
802 515 869 577 ideo
891 535 951 578 non
974 535 1044 578 esse
1064 517 1244 590 fructuosos,
1266 517 1335 596 qnia
1349 533 1458 579 omnes

243 604 376 684 ipsorum
398 602 580 664 ceremonias
608 602 842 680 secretioresque
869 600 1020 679 religionis
1048 610 1131 662 actus
1153 601 1323 680 adapernali
1345 601 1384 664 iis
1406 602 1457 662 in-

243 697 358 750 teresse
387 687 471 765 plane
499 686 676 766 penitusque
703 685 887 747 recusabant
932 686 995 746 Sed
1014 685 1071 748 boc
1092 685 1288 748 Tertullianus
1309 705 1456 748 concesso

243 791 366 852 prorsus
393 780 480 850 negat
507 771 628 834 eosdem
650 771 834 832 Christianos
862 770 935 832 nulli
962 770 1071 832 idcirco
1098 770 1276 850 reipublicae
1297 789 1364 832 esse
1386 771 1456 832 usai

244 870 273 918 et
294 856 502 938 emolumento.
546 856 714 929 Quemlibet
734 855 832 934 itaque
852 855 989 934 gentilem
1013 856 1058 918 sic
1079 855 1251 936 compellat:
1273 855 1310 917 Si
1323 875 1457 918 ceremo-

243 945 311 1004 m‘oe
334 953 403 1003 toas
425 960 488 1004 non
508 942 683 1023 incoacto,
717 951 848 1002 attamen
876 951 905 1001 et
930 939 986 1002 illc
1008 942 1054 1002 dia
1076 940 1162 1003 bomo
1184 959 1252 1002 auae
1272 940 1457 1016 (lentullian.

243 1026 395 1106 Apologet.
411 1045 474 1105 cap.
490 1029 565 1102 42),
588 1025 638 1104 qui
660 1024 787 1104 quidem,
810 1033 844 1084 ut
864 1043 933 1086 mox
954 1025 1063 1086 dictum
1085 1040 1140 1096 est,
1163 1043 1221 1086 nna
1242 1043 1308 1086 cunr
1331 1025 1458 1087 ethnicis

245 1111 368 1172 virendo
390 1129 531 1189 measque
553 1110 772 1183 commiscendo
801 1117 879 1171 artes
907 1109 960 1170 tibi
987 1110 1112 1188 aliisque
1140 1109 1279 1188 plurima,
1316 1127 1392 1188 quae
1420 1111 1459 1171 ad

244 1205 323 1257 tuam
352 1214 386 1256 ac
412 1204 579 1257 ceterorum
610 1194 762 1256 hominnm
793 1193 881 1256 vitam
914 1203 944 1255 et
975 1195 1147 1256 societatem
1178 1195 1346 1257 necessaria
1377 1203 1457 1268 sunt,

243 1281 283 1342 ita
313 1280 486 1359 suppedito,
524 1287 557 1340 ut
583 1279 740 1340 marimum
768 1297 804 1340 ex
831 1279 971 1358 operibus
998 1279 1074 1340 meis
1102 1280 1226 1342 fructum
1255 1279 1458 1360 unusqubqne

244 1364 396 1446 pereipiat.

328 1449 423 1511 Nemo
450 1457 496 1510 est
517 1456 614 1510 autem
635 1436 772 1528 quinon
794 1449 918 1510 latentur
939 1447 997 1508 boc
1017 1465 1111 1508 cuneo
1140 1447 1270 1510 funditus
1293 1449 1386 1510 erern'
1408 1449 1458 1509 in-
1572 1453 1573 1472 ¹

245 1535 354 1598 sulsam
376 1533 498 1596 omnino
520 1533 670 1611 gentilium
691 1532 918 1594 accusationem.
962 1528 1168 1594 Verumtamen
1191 1533 1387 1594 Tertullianus
1410 1533 1460 1595 nl-

244 1629 298 1694 tra,
322 1638 407 1698 quarn
423 1617 494 1680 satis
509 1618 558 1690 sit,
581 1618 767 1680 manifestum
787 1616 921 1698 pluribus
943 1617 1083 1696 exemplis
1105 1617 1225 1680 cuilibet
1239 1619 1315 1690 lecit,
1338 1618 1460 1679 aCbri·
1572 1633 1573 1664 1

245 1704 362 1780 suanis,
384 1702 498 1764 etiamsi
520 1702 671 1780 gentilium
693 1701 839 1781 mysteriis
862 1719 923 1762 non
944 1702 1090 1775 alluerint,
1113 1711 1164 1764 ant
1184 1701 1258 1764 nihil
1279 1703 1348 1764 inde
1362 1703 1459 1764 detri-

245 1788 336 1850 menti
358 1787 447 1850 rebus
468 1787 621 1867 importari
643 1786 779 1866 publicis,
801 1793 853 1848 aut
873 1785 898 1848 si
920 1788 998 1866 quod
1020 1786 1218 1866 importatum,
1247 1786 1364 1849 munde
1386 1787 1460 1849 illud
1572 1775 1573 1792 ³

245 1873 282 1935 ab
303 1872 341 1934 iis
362 1872 470 1934 aliatim
491 1872 664 1934 resarcitum
685 1872 788 1933 luisse.

307 1997 311 2012 ,
330 1957 388 2018 Sed
411 1956 500 2028 illum,
524 1955 551 2017 si
571 1956 660 2029 lubet,
690 1975 706 2016 a
729 1953 932 2016 Saturnalibus
955 1955 1141 2018 ethnicorum
1163 1957 1246 2018 lestis
1268 1954 1461 2035 incipientem

245 2041 413 2104 audiamus:
435 2041 500 2102 Non
524 2041 621 2111 locor,
650 2040 754 2120 inquit,
783 2039 916 2102 diluculo
939 2039 1163 2112 Saturnalibus,
1185 2060 1222 2102 ne
1244 2051 1411 2103 eteoclem
1432 2053 1463 2103 er

247 2129 321 2189 dierat
332 2127 458 2207 perdam
472 2125 579 2202 (ibid).
609 2127 702 2204 Atque
724 2125 762 2186 ita
784 2124 901 2204 quidem
923 2125 996 2186 haec
1016 2125 1102 2186 verba
1123 2125 1156 2186 in
1176 2125 1287 2187 nostris
1310 2124 1461 2204 exempla-

245 2211 328 2272 ribus
350 2209 557 2290 manuscriptis
581 2219 611 2270 et
632 2209 718 2272 editis
741 2204 953 2288 antiquioribus
975 2209 1158 2271 exhibentur.
1186 2210 1294 2270 Verum
1315 2209 1460 2288 Rigaltius

246 2295 349 2357 reiecit
363 2295 530 2357 adverbium
547 2294 679 2357 diluculo
695 2303 725 2354 et
739 2293 829 2355 scribi
849 2293 937 2355 iussit
952 2293 1053 2356 Lcoor
1067 2295 1122 2356 and
1136 2305 1269 2357 noctem:
1292 2294 1344 2355 sed
1360 2313 1459 2356 meras

247 2399 353 2458 nugas,
386 2381 513 2458 genuino
536 2379 671 2440 Auctoris
698 2378 794 2438 nostri
817 2378 907 2439 textui
929 2378 1022 2450 (idem
1044 2377 1094 2440 lib.
1122 2378 1159 2440 de
1180 2379 1284 2440 idolol.
1308 2397 1370 2458 cap.
1397 2383 1460 2454 to.)

246 2464 394 2543 mentique
421 2472 617 2544 repugnantes
645 2462 733 2524 nobis
755 2462 865 2524 rendit.
908 2462 952 2522 Ab
975 2463 1113 2525 omnibus
1141 2472 1253 2537 autem,
1286 2471 1320 2524 ut
1347 2463 1461 2526 lacilius

246 2550 276 2611 id
298 2549 431 2628 dignosci
453 2557 555 2628 queat,
585 2546 798 2609 observandum
822 2556 869 2608 est
891 2547 1054 2610 Saturnalia
1075 2549 1166 2620 lecta,
1201 2557 1233 2608 ut
1254 2548 1318 2628 ipse
1339 2548 1408 2610 alibi
1431 2556 1463 2609 et

247 2634 339 2696 Varro
368 2635 471 2708 (Varro
493 2633 543 2694 lib.
566 2634 599 2693 V.
623 2632 658 2694 de
681 2632 765 2710 Ling.
788 2631 851 2693 Lat.
873 2648 939 2709 pag.
962 2637 1025 2708 51.)
1053 2651 1087 2694 ao
1115 2631 1223 2694 Festus
1253 2632 1344 2706 (Fest.
1373 2633 1410 2694 ad
1432 2653 1462 2694 r.

248 2718 396 2794 Saturnia)
418 2717 620 2788 testificantur,
643 2717 775 2778 instituta
796 2717 889 2778 luisse
911 2717 941 2777 in
958 2717 1086 2790 Saturni,
1109 2735 1257 2796 agrorum,
1281 2717 1367 2778 sicuti
1391 2719 1459 2798 opi·

246 2804 401 2875 nabantur,
423 2802 579 2882 praesidis,
602 2800 757 2864 bonorem.
800 2801 900 2862 Livius
920 2819 992 2862 vero
1015 2801 1132 2862 illorum
1154 2802 1296 2881 originem
1319 2810 1348 2862 et
1362 2810 1461 2864 statu-

246 2897 309 2951 tnm
341 2906 443 2949 eornm
477 2887 718 2948 celebrandorum
751 2885 829 2947 diem
862 2885 909 2947 bis
942 2885 1043 2964 pandit
1074 2886 1187 2948 verbis:
1223 2887 1381 2950 Decembri
1400 2892 1462 2950 iem

158 2989 161 2994 '
246 2992 344 3036 mense
366 2974 405 3036 nd
425 2973 526 3034 nedem
547 2971 678 3034 Saturni
696 2970 806 3033 Romae
827 2969 1012 3033 immolatum
1040 2982 1084 3033 eet
1106 2972 1378 3054 lectiateraiumpne
1403 2977 1462 3034 im-

244 3069 396 3140 peratum,
417 3055 446 3119 e't
468 3076 534 3119 eum
555 3056 663 3118 lectum
684 3067 840 3118 senatorer
862 3067 1050 3127 straverunt,
1073 3068 1101 3118 et
1116 3060 1285 3118 concivium
1295 3055 1462 3136 publicem,

248 3162 283 3204 nc
302 3160 360 3222 per
380 3141 486 3203 Urbem
501 3141 682 3222 Saturnalia
704 3143 779 3202 diem
800 3159 835 3201 ac
856 3149 971 3202 coctam
993 3139 1162 3218 clamorum,
1181 3139 1372 3221 populusque
1394 3159 1465 3203 esna

248 3227 325 3287 diem
344 3227 458 3305 serrum
480 3225 588 3287 bebere
610 3244 644 3286 oe
668 3242 794 3286 servare
817 3231 847 3286 in
857 3237 1040 3304 perpetuum
1049 3228 1153 3288 iussus
1169 3225 1244 3296 (Lir.
1255 3225 1305 3286 lib.
1318 3223 1390 3286 lle
1407 3229 1463 3300 l.).

249 3310 307 3371 Sed
329 3309 494 3370 Macrobius
516 3308 654 3382 (Maerob.
669 3308 720 3370 lib.
744 3309 764 3369 l.
788 3308 933 3370 Satumal.
957 3311 1140 3387 c8et10.)
1163 3329 1198 3372 ec
1217 3319 1320 3388 postea
1341 3309 1463 3389 Lipsius

124 3395 132 3402 ‘
248 3393 343 3473 (Lips.
365 3393 415 3453 lib.
428 3393 450 3453 l.
473 3395 590 3478 Satura.
612 3413 638 3454 o.
654 3395 684 3457 3.
701 3401 771 3454 torn.
787 3393 849 3469 lli.)
871 3392 1057 3472 disputarunt
1077 3403 1176 3456 utrum
1197 3395 1270 3456 baec
1290 3412 1351 3455 uno
1372 3395 1463 3456 dum-

248 3485 340 3551 taxat,
373 3495 411 3538 au
433 3485 562 3558 septem,
592 3488 623 3538 ut
643 3476 824 3556 probabilius
847 3485 966 3555 putant,
1000 3477 1146 3540 continuis
1168 3479 1272 3540 diebus
1293 3489 1461 3558 egerentur.

248 3563 323 3624 'lum
346 3571 453 3635 autem,
477 3569 551 3624 teste
573 3561 703 3624 Lucieno
724 3561 855 3637 (Luciam
879 3561 951 3623 llial.
974 3563 1090 3624 Satura.
1113 3583 1142 3643 p.
1169 3564 1462 3639 1021.),nonlice-

247 3648 299 3711 bat
318 3647 427 3712 serium
450 3646 566 3725 aliquod
587 3646 732 3726 privatum
754 3653 805 3707 eut
824 3645 971 3726 publicum
992 3648 1142 3726 negotium
1164 3647 1298 3727 transigi,
1329 3648 1382 3710 sed
1403 3667 1462 3728 po-

247 3743 321 3807 tare,
344 3730 494 3800 inebriari,
516 3731 680 3802 vociferari,
703 3730 816 3804 ludere,
844 3739 956 3793 certare
978 3733 1112 3807 tesseris,
1135 3733 1233 3794 nudos
1256 3751 1370 3806 canere,
1399 3733 1461 3794 sal-

248 3827 310 3882 tare
331 3816 440 3882 lascivo
462 3816 595 3896 corporis
617 3825 716 3888 motu,
748 3835 816 3877 sese
844 3816 924 3878 vultu
952 3816 1072 3895 iuligine
1099 3817 1190 3879 oblito
1218 3819 1248 3879 in
1277 3835 1383 3896 aquarn
1405 3817 1462 3878 ali-

249 3903 365 3982 qnando
387 3903 466 3974 dare,
490 3920 523 3963 ac
544 3900 668 3964 lemulos
690 3900 822 3962 adbiberi
844 3901 874 3963 in
895 3900 1068 3975 coavivium,
1091 3901 1336 3982 quaemadmodum
1356 3901 1464 3966 Accius

248 3987 295 4048 bis
317 4007 334 4049 a
355 3987 502 4050 Macrobio
525 3985 711 4065 transcriptis
733 3986 865 4047 versibus
888 3985 1006 4047 cecinit:

400 4072 533 4134 Monimo
550 4091 627 4152 pora
651 4071 776 4134 Graium
798 4070 933 4133 Saturno
956 4080 985 4130 et
1005 4075 1132 4133 monime
1152 4069 1295 4145 Arbace,

289 4161 293 4178 '
402 4157 571 4237 confierent
593 4174 691 4226 roera,
713 4173 788 4238 pune
811 4155 922 4217 Cronia
943 4157 1097 4220 iterantur
1118 4155 1154 4217 ob
1176 4155 1255 4231 illie,

403 4241 529 4321 dompne
551 4241 626 4303 diora
648 4240 807 4312 celebrent,
825 4257 884 4319 per
905 4255 996 4319 apros
1018 4241 1164 4320 urbesque
1185 4241 1253 4320 fera
1274 4257 1375 4304 omnes

399 4323 550 4387 Exercent
570 4325 666 4406 epulis
689 4325 761 4386 loeti
779 4323 975 4404 famulosque*
985 4335 1157 4406 procurent

405 4408 537 4490 Quisque
557 4429 628 4472 auor
650 4414 821 4492 nostr'apae
842 4409 941 4470 itidem
963 4419 992 4470 et
1011 4428 1074 4472 mor
1098 4410 1229 4472 traditus
1249 4409 1335 4471 illinc

402 4491 472 4566 lare,
493 4503 530 4554 ot
551 4513 617 4556 coar
638 4497 765 4559 domimo
786 4492 897 4573 [caroli
917 4503 980 4557 turs
1002 4494 1163 4575 epoleotrer
1184 4495 1298 4557 itidem.
1367 4561 1369 4570 ,

789 4577 929 4656 (Macrob.
951 4578 1002 4640 lib.
1023 4580 1046 4640 l.
1070 4578 1215 4642 Satnrm
1237 4597 1301 4659 cap.
1324 4582 1377 4658 7.).
