3036 5230
283 367 347 434 Tlh
500 379 694 426 nissurarro
716 379 755 424 ns
776 377 981 430 rursusne
1004 377 1045 422 er
1065 378 1133 422 mos
1156 379 1298 424 scamis

284 529 516 596 emmennone
543 527 672 604 cirum,
708 527 851 592 adversus
875 527 1040 600 nuent,
1067 528 1134 590 adr.
1157 527 1354 590 mrem
1386 527 1473 590 naz

282 616 363 680 tlt·
390 615 458 678 lV.¹¹
485 615 550 684 V.·,
577 613 645 676 libri
668 613 705 675 de
733 613 813 692 Fuga
845 612 876 675 in
909 611 1141 685 Persecutione,
1174 613 1214 674 de
1239 613 1444 690 nrm.

281 699 416 774 Ieiuniis,
438 700 475 761 de
489 697 642 761 Pudicitia.
687 698 833 770 Quattuor
853 696 947 758 libros
964 705 1117 776 postremo
1131 697 1306 776 appellatos
1322 697 1468 776 liierospe

283 793 387 848 auctm
414 791 461 846 est
486 801 504 844 a
526 781 708 844 Tertulliano
735 781 919 859 compositos
948 799 1014 842 esse
1036 781 1095 842 hoe
1114 781 1185 860 ipso
1209 781 1350 842 consilio
1373 791 1407 842 ut
1423 801 1475 841 cars

282 867 359 942 siem
379 867 574 947 impugnaret,
600 865 631 926 id
652 865 732 944 quod
753 883 858 926 eorum
879 873 1049 944 argumenta
1064 864 1151 943 plane
1166 865 1373 926 eontimant
1414 865 1464 925 lea

283 951 353 1016 dinc
380 953 484 1014 ebrum
511 951 569 1014 hcc
591 967 682 1012 unarrn
703 949 832 1022 sumus,
864 948 971 1011 librum
993 949 1030 1010 de
1050 948 1246 1028 llonogamia
1269 949 1410 1029 praem
1428 953 1487 1008 b

283 1035 361 1098 libro
383 1035 420 1096 de
440 1033 592 1106 leiuniist,
615 1033 725 1114 quippe
745 1033 776 1094 in
798 1051 857 1112 quo
879 1033 928 1094 ille
949 1033 1063 1094 citetur.
1486 1065 1487 1092 r

346 1118 540 1198 Perspicuum
552 1135 619 1178 esse
628 1117 754 1178 affirmat
764 1115 939 1178 Gibbooust
952 1115 1165 1178 Tertullianum
1176 1135 1270 1178 mam
1281 1117 1487 1180 decorasse-¹

284 1203 476 1268 mentionem
491 1201 583 1264 multo
594 1201 679 1282 prius
689 1200 898 1280 composuisse
918 1219 1006 1280 quarn
1026 1200 1160 1262 Montani
1181 1201 1353 1264 errombns
1376 1203 1477 1262 iimm-

285 1297 344 1350 tur.
367 1288 463 1360 Quam
487 1286 525 1348 ad
547 1285 717 1366 opinionem
740 1284 971 1364 amplectendam
993 1302 1099 1346 rerem
1120 1303 1159 1345 ne
1181 1284 1361 1348 historicos
1383 1287 1465 1346 aton

284 1371 326 1434 sit
345 1379 503 1452 propterea
525 1370 605 1448 quod
624 1369 724 1450 ipsum
744 1367 880 1431 adiutura
901 1377 963 1430 crat
980 1369 1010 1430 in
1025 1368 1202 1430 Tertulliani
1218 1370 1394 1432 sententiis
1408 1390 1421 1430 a
1433 1370 1475 1428 h,-

284 1455 346 1520 tani
372 1453 570 1518 sectatoribus
598 1453 636 1516 ad
662 1453 776 1532 primos
799 1451 985 1514 Christianos
1006 1453 1164 1514 universos
1187 1455 1431 1517 trmslermdb.
1450 1473 1470 1510 e

284 1557 374 1602 auum
401 1539 438 1601 de
465 1538 583 1600 illorum
611 1537 777 1598 temeritate
798 1543 828 1598 et
849 1537 976 1598 amentia
997 1536 1137 1598 iudicium
1158 1537 1380 1600 confirmaret.
1419 1543 1473 1598 ltu

286 1623 388 1704 opinio
416 1622 584 1684 certissime
612 1622 757 1683 reltrtatur
784 1638 878 1682 norae
898 1621 1072 1702 prophetiae
1094 1621 1253 1682 mentione
1278 1623 1315 1684 in
1338 1622 1430 1702 prima
1446 1623 1472 1680 i.

285 1707 381 1788 capite
406 1708 491 1769 lacta.
534 1705 616 1766 ldem
639 1703 792 1767 Gibhonus
806 1705 920 1768 -stabiit
940 1723 1004 1766 eam
1026 1723 1091 1766 rem
1112 1723 1187 1784 qnae
1211 1705 1439 1768 disses-tationis
1453 1729 1476 1760 ·.·-

286 1794 439 1854 ensionem
465 1788 580 1852 dederit
601 1789 737 1850 evenisse
759 1787 950 1868 Carthagine,
977 1789 1116 1850 donshrc
1136 1789 1174 1848 ab
1198 1789 1470 1868 immutoribms

285 1893 356 1938 rero
379 1884 411 1936 et
429 1873 574 1936 Caracalla
595 1871 737 1934 militibus
759 1871 936 1946 distributo,
966 1891 1037 1950 ergo
1061 1881 1221 1951 antequam
1246 1873 1396 1935 Caesaris
1416 1893 1464 1932 mc

286 1960 317 2024 in
340 1960 443 2022 demin
465 1965 546 2020 esset
568 1957 722 2029 collatum,
745 1957 767 2018 i.
789 1975 815 2016 e.
838 1965 906 2018 ante
928 1974 954 2018 a.
967 1955 1114 2018 CXGVlll.
1145 1956 1207 2017 Sed
1233 1958 1365 2020 etiamsi
1381 1959 1466 2018 hohs-

286 2044 374 2106 tidem
403 2041 560 2104 certiorem
589 2057 659 2102 esse
686 2039 882 2102 concedamus
911 2057 999 2119 mam
1027 2051 1089 2111 est,
1117 2041 1190 2102 nihil
1219 2041 1311 2104 aliod
1336 2043 1406 2104 inde
1424 2042 1471 2100 ci.

285 2127 382 2210 possit
405 2143 493 2205 quam
514 2125 582 2198 hoe,
604 2125 662 2188 iam
683 2123 734 2186 illo
752 2131 887 2202 tempore
901 2123 1112 2186 Tertullianum
1127 2133 1234 2203 aperte
1249 2129 1469 2204 professarum

286 2229 321 2274 sc
341 2210 472 2272 Monuni
498 2207 664 2289 prophetiis
693 2207 781 2270 fidem
808 2207 927 2270 hahere.
971 2209 1128 2270 Praeterea
1149 2207 1179 2268 iu
1203 2209 1267 2270 boc
1289 2209 1378 2272 libro
1400 2221 1471 2285 reg.

193 2347 201 2354 .
286 2292 454 2358 dissertatio
481 2293 518 2354 de
539 2291 714 2372 spectaculis
735 2289 888 2372 puhliris',
917 2309 1005 2370 quam
1027 2291 1228 2354 Tertullianus
1252 2311 1372 2372 graece
1393 2311 1472 2355 onesi·

286 2376 363 2460 psit3
390 2393 465 2454 quae
487 2375 512 2435 si
535 2375 690 2440 consensit
710 2395 777 2438 cum
798 2375 887 2436 latina
909 2375 1116 2437 dissertatione
1137 2394 1217 2438 nunc
1246 2381 1426 2456 superstite
1441 2397 1473 2453 '2’-

286 2460 383 2524 babile
405 2467 452 2520 est
471 2460 589 2538 quando
612 2477 676 2522 eam
698 2459 853 2538 scripserit
866 2459 1075 2523 hlontanistam
1096 2459 1198 2522 husee.
1245 2459 1284 2522 ln
1308 2462 1392 2524 libro
1412 2463 1473 2522 dec-

286 2563 362 2610 rona
383 2543 582 2605 Tertullianus
604 2543 754 2624 Scorpiaci
777 2543 926 2605 scribendi
948 2543 1104 2606 consilium
1127 2543 1314 2606 denuntiare
1340 2547 1459 2608 rideam.

373 2627 528 2690 Secundus
555 2627 620 2690 adr.
642 2627 822 2688 Marcionem
849 2626 924 2689 liber
953 2627 1040 2690 docet
1065 2646 1152 2706 quam
1174 2627 1299 2690 difficile
1325 2632 1370 2692 sit
1391 2651 1423 2692 er
1439 2645 1475 2689 sn

286 2715 346 2796 ptis
367 2713 442 2792 ipsis
464 2711 603 2784 delinire,
624 2729 697 2772 num
718 2720 820 2773 auctor
840 2710 930 2772 luerit
950 2711 1127 2773 Monmnists
1147 2712 1270 2790 mando
1294 2733 1339 2775 ea
1360 2733 1486 2800 compen,

286 2806 348 2862 ret:
376 2795 485 2859 nubam
516 2795 596 2858 enim
617 2803 728 2857 certam
749 2795 938 2857 hlontanismi
960 2805 1061 2872 nomm
1083 2795 1224 2858 continet.
1273 2797 1395 2860 Eaden
1414 2799 1475 2858 ona·

287 2883 365 2945 ratio
395 2879 528 2942 adbiberi
554 2886 656 2958 potest
682 2879 719 2940 ad
746 2879 855 2941 librum
877 2879 919 2940 de
941 2879 1036 2941 Gmne
1057 2879 1182 2952 Christi,
1216 2897 1396 2960 quanquam
1421 2883 1475 2942 io·-

288 2973 425 3046 quartum
451 2963 516 3026 adr.
545 2963 723 3024 llarcionem
750 2962 858 3024 librum
884 2963 1041 3042 perspicue
1069 2963 1228 3042 significari
1261 2965 1430 3029 ridemns':
1452 2983 1473 3021 r

287 3050 386 3112 minus
415 3048 452 3110 ad
473 3046 683 3126 Scorpiacum,
715 3047 746 3108 in
773 3057 831 3125 quo
861 3046 978 3126 etipse
999 3047 1094 3108 libros
1115 3046 1179 3108 adv.
1203 3047 1394 3112 hlnrcionem
1414 3051 1475 3110 tice

286 3133 484 3216 reperimus't
527 3129 614 3192 Hunc
633 3129 752 3209 quidem
775 3129 906 3192 libellum
927 3130 1125 3210 Hieronymus
1145 3130 1211 3192 adr.
1234 3129 1425 3210 Vigilantiam
1442 3137 1475 3190 el-

287 3218 432 3296 scriptum
460 3233 528 3276 esse
557 3213 599 3276 ait
620 3222 723 3276 eontra
744 3214 890 3288 Cainitas,
919 3214 1129 3276 Gnosticorum
1155 3233 1271 3293 genus,
1303 3220 1359 3294 qasi
1381 3219 1414 3278 de
1431 3233 1476 3276 esf·

287 3301 363 3378 tyrio
391 3299 583 3376 contemptim
612 3297 720 3360 dixisse
746 3306 776 3359 et
797 3297 972 3360 Christianis
994 3297 1211 3376 persecutionis
1233 3307 1380 3380 tempore
1401 3301 1475 3362 diss*

289 3380 367 3444 sisse
389 3382 534 3454 ridentur,
556 3400 595 3442 nc
616 3389 717 3460 aperta
739 3381 807 3442 lidei
829 3400 900 3444 suae
916 3382 1104 3443 confessione
1119 3381 1261 3461 periculis
1279 3403 1354 3446 sese
1369 3387 1474 3446 otest

289 3483 357 3528 eum
380 3483 450 3526 esse
470 3481 573 3524 rerum
594 3474 769 3543 martyrem,
791 3461 925 3548 μάρτυν,
949 3466 1191 3540 contendentes¹,
1214 3465 1266 3544 qui
1291 3467 1373 3530 ritae
1394 3479 1419 3530 et
1436 3485 1473 3524 rer

250 3569 257 3580 ’
288 3547 453 3614 suetudinis
475 3547 629 3610 sanchtate
650 3549 801 3629 evangelio
824 3549 1026 3612 teshmonium
1047 3551 1148 3612 lerret.
1192 3549 1250 3612 llic
1269 3551 1335 3614 iam
1357 3549 1471 3632 wi

325 3755 342 3804 i.
958 3767 979 3802 a.
998 3751 1024 3802 C.
1040 3751 1063 3804 l.
1081 3753 1127 3802 Sed
1145 3753 1173 3801 de
1191 3755 1374 3816 cavationibus
1390 3761 1469 3818 caste:-

323 3821 346 3871 Β.
925 3835 980 3872 noro
996 3820 1055 3870 olibi
1073 3820 1213 3870 docebimus.

324 3887 342 3938 Ι.
959 3893 977 3935 t.
1001 3885 1028 3936 C.
1046 3885 1071 3934 Ἰ.
1098 3887 1184 3936 Audict
1207 3887 1280 3948 ipitur
1306 3891 1427 3954 clipello
1446 3901 1468 3948 ς*

349 3988 356 4004 .
395 3989 402 4003 .
455 3988 462 4002 .
924 3955 972 4004 icat
988 3967 1124 4016 responsant
1140 3954 1171 4004 rit
1189 3969 1204 4004 o
1220 3955 1291 4002 achia
1310 3955 1469 4007 bardones

341 4058 348 4072 .
925 4019 995 4080 tettc,
1024 4034 1069 4084 qao
1094 4020 1125 4069 od
1143 4019 1294 4081 Eooapeliana
1313 4023 1389 4085 ipsius
1402 4037 1470 4087 prex.-

322 4103 346 4139 o.
925 4089 1007 4138 otmar.
1042 4085 1087 4136 llic
1106 4085 1174 4135 locor
1191 4085 1301 4136 refertur
1319 4089 1351 4138 ad
1369 4107 1389 4140 c.
1408 4089 1436 4138 ll.

287 4157 432 4221 prophetice.
959 4167 983 4202 o.
1002 4151 1060 4202 (1.5.
1079 4153 1181 4216 loapooa
1198 4159 1232 4202 ert
1250 4159 1277 4202 st
1293 4155 1368 4206 Dm
1385 4157 1470 4206 me

340 4238 393 4288 ‚st
413 4241 436 4287 1·
721 4273 728 4282 ,
925 4235 980 4270 oum
997 4221 1131 4279 ostendum
1156 4220 1218 4282 qaod
1241 4221 1290 4269 ime
1309 4238 1326 4270 e
1342 4226 1407 4274 achis
1421 4225 1467 4272 iiis·

323 4253 348 4390 ἓ.
368 4327 395 4377 c·
412 4328 457 4378 xv·
477 4337 526 4378 not·
545 4327 585 4378 49.
924 4285 1147 4402 Enntlllna'eiczitoe.
1165 4284 1243 4334 hocne
1264 4287 1371 4366 relertur
1387 4292 1414 4340 ad
1428 4285 1469 4338 lht'-

308 4431 342 4496 .¹‘
361 4418 407 4466 Sed
425 4425 446 4467 et
464 4387 516 4471 bnis
533 4421 643 4472 materiae
658 4425 752 4486 propter
769 4420 876 4470 suoailu-
927 4351 1405 4482 errtcihnisethmpoarhphhhtptsncahrh'shteh‘¹
1423 4367 1470 4422 W

287 4485 340 4535 dior
357 4491 449 4534 nostros
469 4501 549 4548 praeco
574 4503 665 4553 quoque
682 4488 737 4537 stilo
756 4487 873 4552 satisfeci·
959 4499 981 4534 x.
1001 4482 1070 4534 Cool.
1090 4485 1203 4534 irenaeus
1222 4485 1263 4533 ΙΙΙ.
1274 4485 1335 4548 20.;
1353 4491 1430 4551 Wrssh
1442 4487 1470 4538 t}

285 4566 345 4614 maa,
366 4565 386 4600 e.
397 4549 421 4600 6.
437 4550 483 4600 sub
501 4554 517 4601 l.
927 4565 996 4601 mens
1013 4551 1079 4600 hler.
1097 4551 1134 4612 ll,
1152 4551 1177 4601 l.
1194 4565 1219 4618 p.
1238 4551 1300 4604 hil.
1319 4554 1363 4606 lin.
1381 4559 1416 4612 tc.
