3132 5238
224 371 264 436 id
449 387 638 433 neserararro
660 389 699 432 os
721 387 914 433 rsnrncenm
933 351 1000 432 vira
1021 387 1059 432 rr
1081 387 1212 432 scnrrrrs

224 549 296 602 sunt
322 555 450 618 quorum
476 557 562 601 veros
584 536 719 602 auctores
742 539 896 618 designare
918 539 954 600 de
976 539 1095 601 nomine
1117 557 1165 600 me
1186 557 1275 618 posse
1296 536 1436 600 arbitror.

223 624 366 724 Iudicium
398 623 436 685 sit
467 643 558 705 penes
590 623 720 686 eruditos
754 624 846 698 viros,
880 624 987 703 quibus
1009 624 1204 686 coniecturam
1225 641 1320 685 meam
1342 623 1438 684 subii·

225 729 271 772 cm
293 709 403 873 llllellle
423 791 540 872 quidem
563 777 689 866 carmen,
711 793 790 873 quod
813 793 937 856 Genesis
959 793 1074 867 dicitnr,
1097 792 1223 856 Salrieni
1244 791 1437 854 Massiliensis

224 878 387 960 presbyteri
408 897 483 957 opus
506 897 573 942 csse
594 877 716 939 ridetur.
759 879 792 938 ld
814 878 915 940 saltem
938 879 1066 940 arbitror
1086 897 1102 938 a
1125 877 1275 939 Gennadlo
1296 877 1327 938 in
1349 877 1438 938 Cata-

110 992 115 1014 ·
225 965 292 1042 logo
314 983 376 1043 cap.
400 966 449 1027 77.
473 981 660 1042 expressum:
688 963 725 1024 la
746 983 860 1026 morem
882 965 1066 1026 Graecorum
1089 965 1123 1025 dc
1142 966 1293 1044 prritnpia
1318 961 1442 1024 Genesis

224 1067 318 1130 acqua
350 1050 389 1110 ad
422 1048 619 1110 conditionem
651 1049 776 1110 hominis
811 1052 1112 1129 compendiensem,
1146 1051 1234 1129 quasi
1254 1047 1440 1118 linamcroa,
1555 1049 1558 1086 l

227 1135 338 1197 libram
363 1151 467 1194 anam.
511 1131 575 1193 lloc
600 1132 640 1194 ita
668 1133 698 1193 in
726 1151 842 1194 carmen
871 1133 952 1212 quod
973 1132 1143 1196 Tertulliani
1165 1132 1285 1192 nomine
1306 1131 1442 1204 hahetur,

225 1218 371 1290 convenit,
394 1224 427 1278 ut
448 1234 509 1278 non
530 1217 648 1279 alterim
670 1235 756 1296 qrram
779 1217 905 1279 Salviani
930 1236 1006 1296 opus
1029 1217 1125 1296 possit
1147 1217 1272 1278 censeri.

311 1301 359 1365 Sic
392 1301 458 1362 iibri
492 1302 528 1363 de
556 1302 666 1364 ludioio
693 1301 810 1363 llomini
839 1303 1041 1364 Verecundiam
1067 1301 1234 1362 Africanum
1267 1301 1442 1380 episcopam

225 1405 294 1450 esse
323 1394 474 1468 parentem
501 1404 594 1466 prope
622 1387 770 1466 spondere
797 1387 902 1450 ausim.
955 1387 1030 1448 hodi
1059 1386 1206 1448 lsidomm
1235 1384 1443 1464 Hispalensem

225 1472 360 1535 deliris
382 1471 550 1533 illustribus
579 1490 641 1551 cap.
663 1475 694 1535 7.
742 1471 930 1535 Verecundior
953 1474 1118 1553 Africanas
1145 1476 1302 1552 epiecopus
1330 1472 1441 1532 stadiis

227 1558 398 1620 liberalium
426 1557 599 1619 litterarum
628 1558 759 1619 disertae
784 1558 878 1619 ‘edidit
905 1560 1037 1618 camiac
1065 1557 1182 1635 dactylo
1211 1557 1288 1618 daos
1310 1556 1443 1617 modicae

226 1645 385 1722 breuesque
408 1640 541 1713 libellos,
564 1659 692 1722 quaram
710 1647 843 1723 primam
866 1643 900 1704 dc
921 1641 1153 1704 llesorrcctioae
1175 1650 1204 1702 ct
1225 1640 1338 1702 Iudicio
1359 1643 1441 1701 acri-

222 1731 302 1808 pcit,
334 1726 464 1787 alteram
490 1743 562 1787 aero
586 1727 620 1788 de
642 1721 845 1803 Paenitentia,¹
872 1731 905 1788 ia
927 1744 984 1808 paco
1005 1725 1192 1789 lamentabili
1211 1729 1341 1786 carmine
1359 1741 1439 1804 pra-

222 1813 297 1892 pria
320 1811 426 1872 delicta
449 1809 596 1889 deplorat.
627 1810 751 1882 Quodsi
774 1812 831 1873 iam
854 1812 990 1872 consulas
1013 1810 1119 1872 librum
1134 1809 1170 1871 de
1184 1809 1295 1871 iudicio
1311 1808 1439 1882 Domini,
1554 1819 1558 1858 t

225 1896 275 1974 qui
299 1893 479 1956 Tertulliano
507 1888 699 1967 adscribitur,
733 1896 811 1957 idem
838 1913 962 1974 prorsus
991 1903 1194 1974 argumentum
1223 1894 1259 1955 ab
1282 1913 1317 1956 eo
1339 1888 1443 1955 videas

225 1980 359 2042 tractari:
393 1997 448 2040 nec
479 1979 557 2039 enirn
585 1979 621 2040 de
642 1979 754 2040 lodicio
776 1980 893 2040 ltomini
923 1987 1050 2054 tantum,
1085 1980 1138 2040 sed
1160 1980 1246 2042 etiam
1268 1980 1305 2040 de
1326 1979 1444 2040 Resur·
1557 2003 1558 2062 j

226 2063 357 2126 rectione
384 2063 450 2141 agit.
493 2062 624 2142 idipsum
651 2064 754 2124 suadet
775 2065 890 2125 initiunt
912 2064 978 2125 libri
1001 2064 1037 2126 de
1058 2065 1241 2130 Paenitentia
1263 2063 1445 2125 hexametris
1556 2091 1558 2112 r

227 2148 343 2229 scripti,
366 2167 454 2228 quem
475 2147 583 2210 vidisse
606 2167 639 2210 se
661 2157 784 2211 testatur
807 2149 874 2210 clar.
898 2149 1016 2210 Careias
1038 2149 1152 2228 Loayza
1173 2149 1204 2211 iu
1225 2149 1304 2210 notis
1326 2147 1448 2210 adhoc
1557 2163 1558 2180 ³

227 2234 335 2296 lsidori
357 2240 451 2312 caput,
618 2251 621 2256 ’
738 2247 743 2256 ’
1289 2294 1296 2306 ,

382 2319 458 2391 Quia
479 2317 553 2379 mibi
571 2328 684 2380 maesta
707 2319 788 2381 dabit
810 2319 987 2398 lacrymosis
1010 2319 1153 2398 imbribus
1176 2314 1257 2380 ora?

226 2403 290 2464 lloc
311 2403 389 2465 enim
416 2402 600 2481 prooemium
622 2403 658 2464 ab
680 2421 716 2464 eo
738 2423 795 2483 quo
818 2421 891 2464 usus
915 2412 961 2464 est
982 2403 1012 2464 in
1034 2403 1110 2465 lihro
1134 2403 1170 2464 dc
1191 2400 1302 2463 ludicio
1324 2401 1446 2462 llomini

226 2487 348 2550 minime
370 2485 493 2548 abludit:
516 2487 559 2550 sio
580 2487 660 2548 enim
681 2488 794 2566 incipit,

381 2572 456 2644 Quis
478 2573 552 2633 milii
572 2571 724 2634 maricolas
746 2574 861 2653 aptabit
883 2571 1149 2643 carminibusue,

379 2656 418 2719 Et
439 2659 527 2720 uerae·
546 2656 712 2736 (legendum
735 2655 851 2735 cernis)
876 2675 981 2719 roseas
1005 2651 1139 2718 titulabit
1160 2655 1290 2735 dotibus
1311 2652 1437 2716 carae?

311 2740 425 2814 Fateor,
449 2742 479 2802 in
502 2742 558 2802 hoc
579 2741 615 2802 de
636 2741 877 2804 ludiciollomini
899 2741 1026 2804 carmine
1045 2740 1184 2801 nonnulla
1199 2757 1353 2801 occurrere
1368 2757 1448 2818 quae
1557 2781 1558 2784 ,

226 2825 319 2887 infimi
340 2826 403 2886 aevi
425 2825 588 2887 barbariem
610 2827 743 2906 sapiunt,
765 2827 838 2888 adeo
861 2835 893 2886 ut
914 2826 1034 2887 lacinias
1056 2825 1167 2904 aliquot
1188 2823 1223 2885 ah
1246 2823 1365 2885 homine
1386 2824 1446 2885 de·
1557 2861 1558 2884 ι

227 2911 296 2973 cimi
318 2911 410 2972 seculi
432 2910 583 2972 coniiciam
606 2910 798 2986 intermixtas,
823 2911 892 2972 dnm
914 2911 943 2972 in
966 2927 1070 2972 versus
1092 2910 1176 2988 quasi
1191 2909 1351 2988 rythmicos
1367 2927 1446 2974 ocu·
1557 2937 1558 2972 i

151 3021 152 3024 ¹
226 2995 273 3057 los
301 3003 450 3056 converto.
488 2995 596 3057 Verum
629 3005 745 3074 praeter
777 3015 864 3074 quam
890 2997 970 3074 quod
998 2995 1108 3074 aliquot
1129 2995 1274 3056 eiusmodi
1296 2993 1443 3056 barbariei
1557 3018 1558 3056 r

226 3081 284 3142 iam
306 3080 409 3160 quinto
425 3089 454 3142 et
469 3089 551 3141 sexto
567 3081 684 3142 saeculo
708 3081 839 3159 exempla
861 3088 1028 3151 occurrunt,
1051 3079 1115 3139 lieri
1136 3086 1245 3158 potest,
1269 3088 1301 3140 at
1321 3077 1439 3139 hulcli-

226 3164 314 3236 bello,
347 3164 426 3243 quod
456 3164 530 3225 Aviti
561 3163 644 3226 libris
665 3165 698 3227 ll.
734 3166 906 3226 Poematum
934 3166 969 3225 de
991 3165 1135 3224 llosaicae
1157 3163 1305 3224 Historiae
1337 3162 1444 3241 gestis,

228 3247 392 3326 contigerit,
415 3247 521 3327 quihus
534 3248 685 3326 Gagnaeus
698 3249 874 3328 quingentos
895 3269 989 3328 paene
1011 3249 1047 3309 de
1071 3248 1134 3308 suis
1150 3248 1310 3310 intruserat
1324 3261 1455 3322 versus,'

228 3349 303 3412 quos
326 3332 439 3393 clariss.
463 3332 637 3394 Sirmondus
659 3353 694 3394 ex
715 3334 772 3394 lide
794 3343 925 3395 veterum
948 3333 1156 3411 exemplarium
1178 3333 1288 3415 reiecit.

311 3415 377 3488 Quo
410 3423 543 3494 tempore
574 3417 706 3478 floruerit
737 3418 786 3480 hic
808 3419 994 3480 verecundus
1027 3417 1150 3483 delinire
1171 3417 1301 3479 difficile:
1331 3417 1446 3480 nnllam

228 3501 304 3562 enim
338 3508 389 3561 aut
420 3503 481 3562 iere
513 3501 640 3573 naham,
674 3503 752 3582 quod
785 3504 891 3564 multas
925 3503 1061 3564 tenebras
1084 3503 1152 3564 huic
1174 3502 1283 3581 scripto
1306 3501 1469 3570 adundit'

227 3586 370 3664 temporis
391 3584 536 3647 rationem
558 3587 658 3647 habuit
679 3588 811 3649 isidorus
834 3588 863 3648 in
885 3588 960 3648 libro
983 3589 1018 3648 de
1043 3586 1117 3648 Viris
1139 3587 1316 3648 lllustrr'hus.
1356 3587 1449 3649 llnnc

227 3670 343 3750 quidem
373 3670 538 3732 immediate
557 3671 708 3752 subiungit
726 3672 843 3746 liuline,
871 3673 921 3752 qui
948 3673 1023 3734 circa
1046 3689 1155 3732 annum
1177 3671 1318 3733 CCCClX.
1343 3689 1360 3732 a
1382 3672 1446 3734 rita

225 3755 369 3835 migravit.
413 3755 521 3817 Verum
543 3775 608 3817 cum
631 3757 732 3819 Geraia
754 3758 866 3837 hoayza
890 3759 1013 3818 sentiam
1036 3756 1162 3818 libenter
1182 3755 1322 3818 lloruisse
1344 3757 1444 3817 Verc-

225 3841 352 3903 cundum
380 3849 447 3902 ante
473 3859 581 3902 annum
598 3841 695 3916 llhll.,
723 3860 781 3921 quo
808 3861 885 3903 anna
907 3841 1005 3903 Victor
1027 3841 1216 3902 Tunonensis
1239 3841 1270 3901 in
1293 3841 1445 3903 Chremen

225 3924 429 3987 Verecundum
445 3925 656 3987 Tononensum
679 3927 851 4006 episcopum
872 3927 902 3986 in
922 3926 1072 4006 provincia
1086 3926 1199 3988 hiiicae
1214 3926 1361 4006 Byzacena
1383 3926 1442 4012 de7

219 4010 377 4071 demerem
398 4011 488 4071 trium
503 4010 700 4089 Capitulorum
722 4031 757 4073 aa
777 4012 890 4072 exulem
906 4010 1088 4072 Chalcedone
1104 4019 1254 4072 mortuum
1270 4023 1338 4071 esse
1354 4029 1442 4072 oom-

226 4101 379 4153 memorat.
424 4095 588 4156 Occurmnt
609 4096 708 4156 iorsan
731 4095 778 4157 alii
800 4095 932 4157 eiusdem
954 4095 1082 4157 nominis
1106 4095 1253 4175 episcopi,
1282 4103 1315 4156 nt
1335 4095 1386 4176 qui
1409 4095 1444 4158 in

224 4176 394 4238 Mauritania
422 4178 604 4241 Caesariensi
635 4180 712 4241 inter
744 4181 900 4259 episcopos
922 4181 1050 4254 hincne,
1084 4181 1134 4260 qari
1166 4179 1370 4258 Carthaginem
1404 4200 1443 4242 ex

225 4268 382 4341 praecepto
404 4263 482 4341 regis
497 4263 635 4326 llunerici
656 4283 711 4344 pro
733 4265 879 4328 reddenda
894 4265 1008 4326 ratione
1023 4265 1090 4326 [idei
1112 4284 1188 4327 anno
1205 4264 1444 4326 CCCCLXXXll.

226 4354 379 4420 venenmt,
411 4345 558 4409 Nobensis
591 4349 738 4411 Ecclesiae
769 4351 926 4430 episcopus
960 4350 1075 4411 dicitur.
1119 4351 1227 4412 Verum
1260 4349 1306 4412 cui
1338 4349 1443 4429 potius

225 4449 330 4492 eorum
351 4431 409 4492 hoc
430 4449 546 4493 cannen
567 4434 755 4496 tribuendum
778 4436 825 4506 sit
849 4434 905 4495 sub
927 4434 1021 4496 iudice
1042 4434 1079 4495 lis
1103 4435 1151 4496 sit.

264 4515 268 4522 “
309 4516 351 4576 lle
379 4515 461 4577 libris
490 4517 616 4598 quinque
645 4521 786 4582 adversus
809 4518 984 4582 Marcionem
1005 4538 1096 4599 pauca
1118 4527 1188 4582 sunt
1210 4537 1284 4598 quac
1306 4519 1442 4582 addenda

225 4601 347 4664 habeam
369 4601 417 4678 iis,
440 4616 514 4682 quae
535 4611 582 4664 sat
601 4602 681 4684 larga
701 4623 789 4668 manu
811 4623 827 4668 a
848 4604 961 4668 clariss.
984 4605 1125 4684 Rigalti'o,
1142 4611 1176 4668 ut
1197 4604 1347 4668 subiectos
1370 4623 1443 4667 esse
