3122 5250
287 396 355 462 324
388 412 579 459 ursssarurro
593 393 625 458 in
640 412 688 466 oc.
703 411 788 458 surr.
802 411 889 458 moa.
904 392 1331 458 ranrmuum'aaouocsnocu
1344 409 1420 454 carr.

288 581 372 639 sero,
398 564 477 626 idem
499 573 655 644 martynum
676 564 795 644 sangnis
817 581 931 626 summa
952 563 1108 644 eloquendi
1128 544 1262 626 landate
1281 561 1346 624 viril
1362 561 1472 642 Pyrrho·

288 667 370 724 nem,
392 649 442 730 qui
463 649 592 729 quidem,
613 659 648 712 ut
665 657 749 711 notat
770 647 927 719 stebecna,
955 648 1080 711 docebat
1099 648 1172 710 nihil
1193 649 1332 711 interese
1351 645 1420 708 iuter
1436 645 1472 705 ri-

287 743 349 797 tam
371 739 401 795 et
420 741 546 796 mortem
573 733 671 808 (Stob.
693 733 789 796 Serm.
812 733 883 797 120.
905 751 971 814 pag.
995 735 1091 810 dod).
1133 733 1176 795 De
1206 733 1256 795 illo
1286 739 1377 794 autem
1406 729 1474 809 plura

287 815 436 892 Laertius,
458 837 547 898 mem
568 817 688 881 consule
710 817 819 894 (Laert
841 817 891 880 lib.
907 817 957 880 [X.
978 817 1010 878 in
1024 818 1089 880 vieo
1102 817 1247 898 Pyrrhon.
1261 819 1338 894 §.aa
1351 819 1475 892 etsaqq.).

287 901 422 983 Denique
442 901 593 982 sanguinis
614 901 703 965 buius
724 903 820 965 maior
840 903 895 964 luit
924 901 1058 965 facundia
1084 921 1172 982 mam
1195 901 1338 978 collim'ei,
1362 898 1476 960 videliet

287 987 424 1051 Suetonii
445 987 482 1050 ab
503 987 682 1068 Hieronymo
705 987 784 1050 citati
805 987 987 1067 (Hieronpm.
1002 987 1164 1067 prolegom.
1174 987 1205 1049 in
1219 986 1328 1048 Daniel.
1341 1003 1369 1064 p.
1379 986 1475 1058 illlis-l,

288 1072 338 1152 qui
360 1089 423 1134 non
443 1072 539 1134 solum
559 1071 731 1145 historicus,
753 1071 807 1134 sed
828 1071 962 1152 sopbisla
981 1073 1069 1134 etiam
1091 1072 1154 1134 luit
1183 1072 1284 1134 Varias
1298 1077 1389 1132 annm
1402 1065 1476 1128 eddo

288 1157 551 1219 commentationes
573 1175 590 1218 a
611 1157 701 1218 Suida
722 1163 752 1219 et
771 1157 879 1219 Vossio
901 1155 1041 1218 indicatas
1069 1155 1165 1228 (Suid.
1187 1156 1225 1219 ad
1245 1174 1272 1218 v.
1294 1140 1474 1226 Kalliena.

286 1240 374 1304 Voss.
396 1241 447 1303 lib.
468 1240 505 1303 ll.
527 1241 564 1303 de
585 1241 696 1303 Hister.
719 1241 821 1304 Graec.
842 1259 906 1322 cap.
931 1243 981 1306 13.
1002 1258 1031 1321 p.
1054 1243 1150 1318 225.),
1173 1241 1303 1320 aliasque
1322 1240 1423 1320 plures.
1448 1236 1477 1296 ll

287 1343 378 1388 unam
398 1343 435 1387 ex
455 1325 491 1388 iis
511 1326 589 1389 baud
610 1325 699 1388 dubie
718 1326 830 1407 legerat
849 1325 1056 1400 Tertullianus,
1086 1325 1137 1388 ubi
1157 1326 1194 1388 de
1216 1324 1353 1406 patientis
1371 1334 1399 1385 et
1416 1337 1475 1383 con·

287 1409 445 1473 temnenda
465 1417 562 1472 morlo
583 1409 731 1472 disseruit

294 1545 297 1552 .
373 1494 499 1573 Sanguis
527 1494 617 1574 igitur
643 1503 801 1575 martyrum
816 1493 970 1565 ,maiorem
997 1493 1034 1556 ad
1053 1494 1290 1573 persuadendum
1310 1493 1366 1556 vim
1385 1487 1478 1560 babuit

288 1596 376 1659 quam
397 1579 456 1642 nlla
477 1580 585 1642 borum
613 1579 795 1658 aliorumque
816 1578 1000 1640 ethnicorum
1021 1579 1219 1659 quorumlibet
1238 1579 1408 1658 scriptorum
1426 1573 1477 1634 elo·

288 1663 478 1744 quentissima
506 1664 612 1727 oratio.
654 1663 756 1743 Neque
782 1663 814 1726 id
839 1663 1019 1725 Tertulliano
1047 1664 1103 1724 luit
1128 1663 1256 1744 probatu
1283 1661 1407 1732 difficile,
1436 1655 1477 1719 sed

289 1748 377 1809 obvio
399 1747 537 1824 omnibus
560 1755 591 1810 et
610 1748 801 1810 invictissimo
822 1747 914 1810 booce
936 1755 1123 1828 argumento:
1160 1748 1230 1812 Non
1258 1757 1366 1818 tentos,
1393 1741 1478 1824 inquil.

286 1835 448 1895 incusum
469 1833 578 1895 borum
597 1835 690 1896 aerbo
712 1831 884 1914 discipulos,
905 1844 1033 1914 quantos
1052 1832 1227 1896 Christiani
1245 1835 1346 1913 foetu,
1376 1831 1427 1892 boo
1443 1833 1480 1886 est

289 1917 385 1979 elluso
408 1917 551 1996 sanguine
573 1935 639 1990 suo,
662 1918 791 1980 docendo
814 1916 997 1993 (Ternsllian.
1018 1916 1169 1997 Apologet
1192 1937 1257 1998 cap.
1281 1921 1373 1994 50·)·'
1394 1913 1478 1986 Quou-

287 2007 350 2064 tum
378 2001 457 2064 enim
484 2001 549 2082 ipso
572 2001 742 2064 Tertulliani
768 2010 903 2082 tempore
931 2001 1112 2082 multiplicati
1137 2002 1247 2063 luerint
1269 1999 1418 2063 Christiani
1434 1997 1479 2058 lan

288 2086 482 2148 ostendimus.
526 2086 563 2147 dt
591 2103 661 2148 vero
693 2085 749 2148 illo
776 2091 850 2166 pso,
881 2085 922 2147 ite
949 2085 999 2148 ille
1025 2087 1130 2148 ellatur
1156 2087 1299 2167 gentiles,
1331 2085 1480 2149 obstinatio.

288 2189 378 2252 quum
399 2171 603 2250 eaprobrotis,
634 2176 781 2250 magistro
808 2182 854 2233 est
881 2169 991 2247 (ibid).
1033 2171 1147 2233 Plinius
1169 2171 1250 2234 enim
1272 2169 1424 2240 secandus,
1451 2163 1479 2224 ab

288 2253 339 2316 illo
361 2254 444 2333 prius
466 2255 572 2316 citatus
594 2254 687 2329 (idem
708 2254 778 2316 ibid.
802 2273 864 2334 cap.
886 2256 941 2331 2.),
962 2255 1021 2316 hoo
1041 2256 1252 2319 obstinationis
1274 2255 1389 2317 nomine
1407 2249 1481 2312 ullu

287 2337 320 2400 in
346 2357 400 2400 sua
428 2337 465 2400 ad
486 2339 644 2400 Traianum
670 2339 879 2419 imperatorem
908 2338 1040 2418 epistola,
1069 2358 1126 2419 qua
1147 2340 1189 2402 illi
1221 2341 1343 2420 scripsit
1368 2358 1398 2400 se
1421 2330 1481 2396 nihil

287 2422 439 2485 invenisse
472 2423 504 2486 in
529 2423 703 2486 Christianis
728 2434 854 2504 praeter
875 2424 1104 2486 obstinationem
1123 2444 1185 2487 ooo
1207 2425 1400 2506 sacrificandi
1415 2417 1482 2481 lalsis

286 2506 405 2570 illorum
427 2506 495 2569 diis.
539 2508 614 2570 Tum
636 2506 742 2570 deinde
763 2509 836 2570 baec
856 2508 976 2571 adiecit:
1005 2507 1108 2592 Neque
1139 2511 1313 2574 dubitabunt
1334 2507 1482 2592 quabren-

287 2611 344 2672 qae
365 2603 441 2655 esset
462 2593 540 2674 qood
560 2593 746 2673 faterentur,
776 2597 978 2674 pervicacium
998 2606 1078 2658 certe
1098 2603 1128 2656 et
1148 2595 1347 2674 mllear'lilem
1366 2593 1482 2680 olerisq-

287 2680 400 2741 tiones
428 2677 533 2740 delere
558 2681 667 2757 puniri
687 2677 774 2751 (Plin.
794 2677 845 2739 lib.
869 2677 904 2738 x.
926 2676 980 2757 Ep.
1007 2680 1100 2753 tot).
1143 2677 1261 2741 Etboici
1283 2680 1380 2759 itaque
1398 2689 1482 2756 pent·

287 2761 396 2824 eseiam
418 2769 449 2822 et
468 2759 905 2824 inflexibilem'obstinationem
919 2761 1103 2841 appellabant
1115 2763 1192 2824 bane
1204 2763 1401 2826 invincibilem
1410 2755 1481 2820 dbn'·

288 2845 453 2908 stianonim
481 2847 687 2920 constantiam,
716 2865 773 2925 qua
794 2845 875 2910 omni
897 2846 1078 2909 nudatuum
1098 2854 1374 2927 tormentorumque
1393 2856 1483 2926 genere

288 2930 487 2992 excarnificari
507 2931 703 3010 trucidarique
722 2931 869 2993 malebant
889 2949 976 3010 quam
997 2931 1042 2993 vel
1067 2931 1220 2994 minimum
1236 2933 1295 2996 diis
1309 2932 1414 2995 fictitiis
1427 2927 1484 2987 lare

287 3033 410 3094 ganum
430 3015 525 3078 tburis
545 3015 592 3078 rel
611 3015 784 3095 religionem
807 3033 890 3077 suam
911 3033 1019 3096 negare
1039 3023 1089 3078 aut
1109 3015 1307 3081 dissimulare.
1349 3017 1390 3078 Ea
1411 3011 1483 3092 igitur

287 3099 421 3161 miranda
452 3118 575 3179 prorsus
604 3100 692 3162 animi
720 3099 862 3162 fortitudo
888 3100 1028 3179 magistra
1055 3108 1128 3175 erat,
1161 3119 1236 3180 quae
1264 3103 1388 3166 ethnicis
1412 3097 1484 3178 plane

192 3224 194 3232 ·
286 3183 484 3263 persuadebat
503 3203 601 3248 veram
623 3203 691 3247 esse
713 3185 806 3246 solam
826 3191 959 3246 nostram
979 3185 1162 3264 religionem.

781 3369 947 3422 nstitutus
965 3369 1006 3421 lli.

288 3469 404 3521 Quomodo
423 3469 572 3515 Tertullianus
588 3471 676 3516 retellet
693 3471 793 3516 ethnicos
811 3471 941 3517 obiiolentes
958 3473 1062 3518 iniustam
1079 3483 1129 3517 esse
1150 3473 1326 3520 christianorum
1343 3488 1356 3520 a
1374 3485 1397 3518 se
1412 3477 1483 3515 vexate

287 3543 338 3582 nrm
356 3537 522 3593 querimoniam,
540 3537 624 3595 quippe.
638 3539 675 3595 qul
693 3539 720 3584 ad
737 3545 845 3585 tormenta
863 3552 889 3585 ae
906 3549 1007 3593 monem,
1018 3553 1084 3597 mam
1102 3541 1239 3586 dissimulata
1257 3543 1366 3598 religlone
1384 3551 1421 3586 sur
1437 3535 1483 3581 led·

287 3613 337 3652 tare
360 3611 474 3662 poterant,
499 3613 577 3662 sponte
601 3613 716 3652 cumeum
740 3607 784 3651 dloi
809 3609 882 3663 petitu
899 3609 1009 3654 debebant
1026 3609 1141 3654 dementes
1159 3617 1181 3654 et
1197 3609 1324 3666 desperati,
1347 3623 1374 3656 ae
1391 3619 1431 3666 quo
1445 3605 1485 3650 lutt

345 3674 403 3720 bauo
420 3674 601 3720 obtractationem
619 3682 702 3720 evertat
719 3675 824 3730 exempli·
841 3675 908 3730 nun,
926 3677 1074 3734 Empedoclis,
1091 3677 1191 3730 Didonis,
1208 3677 1298 3733 Reguli.
1315 3677 1439 3726 uuarebi.

302 3741 304 3746 '
442 3741 556 3786 breonum
572 3741 800 3804 pueremm„bttiooe
818 3743 925 3797 multeris,
944 3743 1074 3800 Cleopatrae
1092 3753 1113 3790 et
1130 3745 1352 3790 urorlslsdnrbalis.

372 3856 489 3920 lithniei
516 3866 549 3920 ut
578 3859 735 3922 immanem
757 3865 787 3920 et
807 3859 985 3922 horrendam
1007 3877 1090 3922 suam
1111 3861 1143 3922 in
1165 3859 1352 3924 Christianos
1374 3852 1484 3921 crudeli·

285 3947 377 4004 tatem
403 3960 521 4021 quoquo
552 3943 642 4006 modo
669 3951 856 4018 excusarent,
889 3944 1109 4023 respondebant
1139 3943 1176 4007 iis
1206 3945 1309 4024 perire
1337 3939 1486 4006 volentibus

287 4025 397 4088 nldlam
418 4027 483 4088 beri
497 4027 648 4103 iniuriam,
671 4028 762 4090 immo
782 4045 854 4090 raro
877 4027 985 4090 debere
1007 4048 1059 4092 eos
1081 4029 1219 4109 deligere,
1241 4048 1298 4110 per
1319 4043 1392 4110 quos
1413 4037 1485 4104 quam

286 4109 424 4172 volebant
444 4111 640 4191 optabuntque
661 4119 788 4174 mortem
809 4112 1074 4194 consequebantur.
1104 4114 1162 4176 Sed
1185 4113 1381 4177 Tertullianus
1396 4116 1483 4172 osteo·

288 4191 332 4254 dit
351 4194 469 4258 inanem
490 4215 615 4276 prorsus
635 4196 807 4277 futilemque
829 4215 897 4260 esse
917 4197 994 4260 bano
1014 4198 1250 4277 responsionem.
1281 4199 1307 4261 Α
1328 4189 1486 4261 Christianis

286 4276 434 4356 siquidem
460 4279 648 4358 postulabant
667 4282 801 4362 gentles,
829 4289 862 4344 nt
881 4281 972 4344 falsos
994 4283 1067 4346 deos
1088 4282 1221 4345 colerent
1240 4301 1386 4363 suumque
1406 4293 1485 4355 nep·

286 4369 356 4424 rent
377 4362 475 4424 solum
496 4374 526 4427 et
543 4385 648 4429 rerum
669 4385 736 4430 esse
756 4367 860 4429 Deum.
902 4366 940 4428 te
960 4366 1031 4428 illud
1053 4367 1170 4448 quidem
1191 4367 1222 4430 in
1242 4374 1392 4448 potestate
1411 4363 1482 4442 ipso·

286 4463 356 4509 rum
376 4465 411 4509 ac
430 4449 577 4512 voluntate
597 4452 728 4532 positum
749 4450 987 4514 constantissime
1007 4451 1182 4516 recusabant
1195 4451 1399 4532 malebantque
1412 4447 1484 4509 dam·

287 4531 354 4594 nari
375 4549 462 4612 mum
483 4551 500 4596 a
520 4533 582 4596 lleo
605 4538 741 4600 melden
761 4535 944 4612 (Tertullian.
958 4536 1112 4618 Apologst
1134 4540 1285 4619 capta),
1313 4537 1346 4599 id
1367 4541 1410 4598 est
1428 4543 1486 4593 eum

286 4617 450 4682 reluctante
476 4619 654 4683 musciculis
673 4621 767 4684 Deum
794 4621 928 4704 negando
950 4639 968 4685 a
989 4621 1086 4686 divina
1106 4621 1171 4686 uus
1192 4621 1287 4704 gratia
1309 4619 1438 4686 excitem
1456 4627 1487 4674 δῦ
