3132 5238
265 379 303 442 18
591 391 638 444 oti.
661 391 746 436 scer.
769 389 854 434 riou.
878 388 1073 434 narrantium
1094 387 1161 433 iiri

261 545 308 621 11.,
332 546 361 608 7.
384 542 482 622 ipsum
501 541 534 602 B.
557 539 694 620 Cypriani
714 539 976 620 praedecessorem
996 547 1154 618 nunmpet
1197 537 1322 599 llexime
1342 552 1408 599 cum
1423 537 1484 599 alia

261 625 399 692 essetab
420 627 515 689 ilirica
523 625 644 706 Aegypti
664 624 827 704 provincia,
848 623 881 686 in
902 641 959 703 qua
974 622 1186 684 Antandrium
1207 619 1256 683 ille
1278 622 1483 701 episcopatum

261 713 375 794 agebat,
398 720 427 772 et
447 711 480 772 ll.
502 710 663 789 Cyprianus
684 709 777 789 Epist
794 712 844 772 71.
867 707 903 769 ad
918 707 1061 780 Quintum
1076 707 1195 780 scribat,
1216 706 1407 785 Agrippinum
1422 705 1484 767 bo-

262 815 318 860 nae
344 796 504 858 memoriae
530 795 627 855 vuum
653 811 721 855 cuni
747 793 811 855 stiis
838 792 1024 871 coepiscopis
1053 793 1141 870 (quos
1169 790 1254 851 edam
1277 800 1484 852 antecessores

260 899 335 944 suos
356 885 506 958 nuncupat
525 877 619 957 Epist.
642 881 705 955 711.)
743 877 893 939 decretum
926 876 963 938 de
984 875 1139 937 haereticis
1159 874 1342 954 baptisandis
1363 875 1484 936 iecisse.

165 1023 168 1034 ,
262 964 298 1026 Et
325 982 395 1025 vcro
425 962 524 1024 stetim
552 970 671 1040 accepto
693 961 858 1024 sacerdotio
881 960 1064 1022 continuisse
1084 959 1242 1020 Auctorem
1264 977 1280 1020 a
1302 957 1485 1020 matrimonii

262 1065 318 1110 usu
338 1048 401 1126 pari
424 1064 571 1108 consensu
592 1063 660 1106 curn
681 1063 736 1108 sua
756 1045 890 1124 coniuge,
912 1043 984 1106 mihi
999 1045 1032 1106 111
1045 1043 1203 1104 verisimile
1217 1060 1254 1105 cx
1267 1043 1485 1104 consuetudine

261 1131 408 1194 Ecclesiae
429 1130 566 1204 Latinae,
597 1129 656 1191 iam
683 1129 752 1192 inde
774 1149 791 1190 a
812 1129 930 1190 decreto
953 1129 984 1190 S.
1007 1128 1166 1191 Clementis
1187 1127 1244 1188 Pe.
1266 1127 1393 1188 maxime
1414 1145 1485 1188 otini

260 1215 446 1296 propendere
472 1233 508 1275 co
537 1213 693 1276 rideantur
719 1213 793 1274 haec
819 1211 882 1276 eius
902 1213 947 1274 ild
968 1211 1095 1275 Uxorem
1122 1211 1225 1272 verbu:
1263 1209 1313 1274 Ne'
1327 1229 1373 1274 me
1391 1221 1485 1291 pitter

258 1311 391 1382 propter
420 1303 522 1361 caruis
552 1307 620 1360 tuae
646 1301 850 1377 intepri’tatem
875 1297 951 1358 milti
977 1296 1194 1358 reservandam
1222 1296 1257 1358 dc
1285 1295 1485 1357 contumeliae

263 1384 368 1447 dolore
397 1395 577 1462 suspectum,
610 1385 769 1444 immorare
800 1385 861 1442 iam
892 1381 961 1442 liiic
993 1379 1049 1443 tili
1067 1381 1224 1442 uiduitatis
1239 1379 1406 1441 cocullum
1428 1378 1485 1450 (ild

261 1465 350 1528 Uxor.
373 1465 407 1540 1.,
435 1469 483 1542 1.).
525 1465 614 1526 item:
652 1464 795 1546 Tempore,
824 1464 936 1544 inquit,
968 1467 1002 1526 iii
1034 1463 1157 1526 collecto
1189 1475 1252 1543 cete
1279 1474 1419 1543 superest
1447 1473 1485 1524 ut

262 1554 315 1632 pai
333 1554 528 1612 matrimonia
550 1549 665 1621 tatur,
689 1559 831 1632 tauquam
858 1567 922 1610 eoa
949 1548 1089 1610 meeum
1117 1559 1220 1628 apocr.
1267 1546 1356 1620 Quod
1371 1552 1406 1608 ei
1427 1545 1486 1608 la-

263 1635 362 1696 leiites
395 1633 571 1695 oblitterare
599 1633 702 1696 delerat
729 1634 807 1715 pand
829 1633 952 1707 ludent,
982 1642 1093 1714 pacata
1115 1635 1209 1712 mapis
1231 1649 1294 1693 aaa
1316 1629 1486 1693 innectes?

263 1716 319 1792 (nd
333 1715 423 1776 Uxori
444 1714 478 1789 1.,
500 1721 529 1779 5.
545 1723 574 1776 et
588 1719 641 1791 6.).
664 1715 750 1777 Certe
772 1716 802 1777 id
823 1716 924 1777 multis
946 1733 981 1776 eo
1004 1723 1137 1794 tempore
1159 1715 1250 1776 luisse
1267 1714 1406 1776 usitatum
1421 1713 1484 1775 ilii-

263 1800 330 1862 dem
344 1799 467 1860 indicat:
492 1800 573 1872 Quot
588 1803 667 1861 eada
681 1809 762 1870 suut,
784 1800 890 1878 inquit,
905 1804 957 1880 pul
969 1805 1105 1862 stamma
1121 1799 1244 1861 lauaem
1260 1817 1383 1860 caruem
1396 1817 1486 1860 suam

264 1881 446 1963 odei'puautl’
470 1882 552 1956 Quot
565 1887 644 1955 iterii,
667 1886 720 1964 pul
739 1901 889 1946 causeum
908 1888 1029 1964 pariter
1049 1887 1131 1946 iuter
1152 1903 1184 1945 ee
1198 1887 1387 1946 matrimonii
1401 1883 1484 1945 eleli-

263 1979 328 2030 tam
341 1965 479 2031 tollunt?
503 1967 689 2030 Voluntariis
704 1968 896 2048 spadonibus,
916 1984 977 2048 pro
993 1969 1155 2048 cupiditate
1170 1968 1299 2038 coelesti,
1315 1966 1401 2030 solco
1416 1985 1484 2029 eia-

263 2053 606 2124 tri'iiioiii'o,alstiaeutia
617 2051 772 2114 toleratur
782 2051 869 2126 (ibid.
891 2067 954 2130 cap.
977 2053 1031 2129 6.).
1060 2051 1121 2114 larii
1132 2069 1203 2113 iero
1214 2053 1367 2132 presbyter
1379 2053 1484 2124 lectus,

262 2135 418 2215 potestatis
439 2135 496 2197 sihi
519 2153 678 2197 concessae
699 2143 729 2197 et
750 2135 787 2196 de
808 2133 994 2198 absolvendis
1014 2135 1235 2215 poenitentibus
1257 2142 1287 2198 et
1308 2136 1344 2196 de
1366 2135 1483 2198 sacrifi-

264 2220 318 2280 oiis
346 2220 507 2281 offerendis
536 2220 614 2281 houd
642 2219 813 2294 immemor,
841 2219 934 2282 libros
956 2220 998 2280 lle
1021 2219 1205 2282 Paenitentia
1226 2228 1255 2281 el
1277 2221 1318 2282 lle
1340 2221 1485 2282 Oratione

264 2303 450 2382 conscripsit,
472 2301 579 2381 quibus
601 2311 631 2364 et
651 2303 821 2383 poenitendi
843 2305 964 2365 modum
985 2313 1046 2366 tum
1068 2305 1295 2378 catechumenis,
1317 2312 1380 2365 tuni
1394 2304 1484 2366 Chri-

264 2387 369 2449 stianis
390 2385 491 2466 lapsis,
514 2394 544 2448 et
564 2405 638 2466 quos
659 2387 736 2449 ritus
757 2405 876 2450 servare
897 2387 1024 2450 debeant
1043 2388 1075 2449 in
1096 2387 1239 2450 sacrificio
1261 2388 1372 2461 fideles,
1394 2407 1484 2466 prae-

264 2471 376 2534 scribit.
420 2470 550 2532 Possunt
571 2471 658 2532 etiem
680 2470 710 2531 in
733 2469 811 2533 hunc
831 2489 940 2534 annum
961 2472 1044 2534 reiici
1066 2473 1185 2552 scripta,
1208 2490 1334 2551 quorum
1354 2471 1387 2533 B.
1410 2472 1484 2533 tlte-

264 2571 404 2634 ronpmus
419 2555 553 2616 meminit
567 2554 654 2617 hodie
670 2555 848 2617 desiderata:
864 2555 905 2616 lle
917 2555 1158 2630 Circumcisione,
1174 2556 1216 2617 lle
1227 2556 1363 2618 Vestibus
1374 2557 1484 2631 Aaron,

263 2639 306 2702 lle
321 2639 436 2700 lluiidis
450 2647 480 2699 et
490 2639 653 2700 lnimu'ridis
665 2638 857 2712 Animalibus,
876 2639 1002 2718 denique
1013 2638 1055 2701 lle
1066 2640 1224 2714 Trinitatei
1246 2640 1379 2702 fortassis
1395 2641 1485 2702 etiarn

263 2723 339 2786 liber
349 2721 392 2784 lle
405 2723 557 2802 Baptismo
572 2723 711 2795 Graecus,
732 2731 834 2802 utpote
849 2723 899 2802 qui
911 2725 1043 2784 videatur
1053 2725 1239 2803 conscriptus
1248 2732 1318 2804 post
1327 2725 1486 2786 manlium

247 2807 427 2888 ‘Agmppini
463 2807 536 2869 Nem
548 2807 679 2868 eiusdem
693 2807 786 2868 luisse
796 2807 959 2886 argumenti
972 2807 1083 2870 tinctor
1095 2806 1219 2870 indicat:
1242 2807 1300 2871 Sed
1315 2813 1395 2870 circa
1411 2809 1485 2871 iae-

265 2897 374 2954 rcticae
397 2909 486 2964 saue,
510 2891 619 2972 inquit,
641 2893 711 2973 quid
734 2891 958 2955 meetodieiiilum
980 2896 1035 2966 ait,
1059 2893 1145 2972 dipsa
1166 2897 1232 2973 pais
1253 2903 1407 2956 retractet.
1442 2895 1488 2955 ild

264 2993 321 3039 uos
343 2981 420 3038 milii
441 2975 552 3040 edi'ttttii
573 2985 628 3037 eat.
656 2974 812 3038 Haeretici
830 2987 930 3039 autem
949 2977 1069 3040 uallum
1091 2977 1199 3040 tatem
1219 2981 1406 3041 comestilem
1427 2997 1487 3040 uo-

265 3070 349 3121 strae
371 3060 545 3139 discipliane
566 3068 620 3120 etc.
660 3058 719 3122 Sed
740 3060 776 3122 m
796 3063 854 3123 tito
873 3060 993 3141 plenius
1017 3065 1076 3122 iam
1095 3065 1128 3122 iii
1144 3061 1256 3124 Graeco
1272 3063 1419 3140 dipeetuei
1440 3073 1487 3123 est

265 3143 527 3220 (lleBept.c.15.).
564 3145 673 3204 Verum
700 3143 736 3204 de
765 3142 822 3203 lice
849 3151 882 3206 et
898 3143 1051 3224 agrippini
1073 3152 1102 3206 et
1123 3145 1217 3224 ipsius
1237 3145 1385 3224 paradoxo
1407 3145 1487 3206 inter

265 3225 475 3304 prolegomena
501 3223 598 3286 latius.
641 3225 735 3286 Porro
765 3227 823 3288 lioc
849 3243 927 3288 anna
949 3227 1038 3290 eliam
1061 3237 1180 3307 oportet
1212 3229 1371 3309 contigisse
1403 3226 1485 3307 quod

265 3308 384 3388 scripsit
403 3309 455 3370 lili.
475 3308 520 3370 Ad
535 3307 688 3388 Scapulam
710 3325 787 3370 anno
809 3311 957 3390 sequenti:
982 3313 1140 3378 Caeterum
1152 3327 1182 3377 et
1195 3315 1290 3377 lmlre
1304 3318 1379 3376 aurai
1389 3333 1485 3396 prae·

267 3397 352 3457 teriti
363 3395 434 3474 pald
451 3397 660 3456 commeruerit
673 3412 766 3474 penui
779 3395 941 3458 damasum
956 3401 1121 3479 appaream
1146 3399 1357 3480 cataclysmum
1371 3399 1486 3461 seilicet

266 3487 295 3539 et
314 3489 398 3540 retro
417 3477 516 3557 [uisse
530 3487 662 3557 propter
680 3479 907 3544 incredulitates
925 3492 954 3542 et
966 3486 1139 3562 iniquitates
1153 3483 1313 3546 domitiam
1336 3483 1486 3544 Fortassis

266 3569 296 3622 et
307 3559 390 3622 illud:
417 3561 545 3642 liliputer
555 3567 707 3642 puisuper
717 3567 835 3626 mocula
850 3565 1041 3644 Cartliapiiiis
1053 3571 1195 3647 promeae
1207 3568 1416 3648 pependerunt
1428 3587 1487 3648 per

264 3655 388 3716 anetem,
411 3647 481 3726 meld
501 3650 610 3708 minati
628 3651 699 3720 sirit,
722 3651 823 3710 sciant
837 3652 890 3731 pai
901 3650 1052 3718 ciderunt.
1067 3661 1097 3712 et
1111 3656 1245 3731 pristino
1262 3656 1401 3714 tonitrua
1414 3653 1488 3732 perid

264 3733 416 3801 eoaam'ut,
438 3731 537 3791 sctum
558 3735 610 3811 pai
633 3731 854 3794 obduruerunt.
885 3731 993 3796 Omnia
1015 3735 1084 3796 laec
1106 3740 1191 3813 sipara
1212 3746 1284 3797 aaut
1305 3739 1487 3798 immineatis

263 3818 331 3878 irae
351 3815 422 3886 Dei,
445 3831 534 3894 paam
555 3831 674 3876 accerse
694 3827 754 3888 eit,
777 3833 893 3896 puapuo
917 3819 1005 3881 modo
1024 3837 1197 3898 possumus,
1218 3831 1254 3880 ut
1271 3829 1300 3881 et
1320 3823 1486 3882 annuetis-

265 3917 331 3960 mus
348 3908 376 3959 et
388 3899 609 3979 praedicemus,
637 3909 665 3959 et
687 3899 881 3978 deprecemur
903 3901 1028 3966 localem
1050 3921 1122 3965 esee.
1172 3903 1380 3965 lliiiaersaleei
1407 3909 1487 3966 euim

266 3991 296 4042 ct
316 3999 488 4060 supremam
508 4000 564 4044 tao
587 3992 721 4061 tempore
741 3989 879 4057 sentient,
901 3990 954 4066 piri
972 3987 1108 4067 caciapla
1129 3992 1192 4049 eiua
1215 3986 1307 4050 aliter
1331 3993 1486 4069 iuterpre-

268 4073 375 4126 tmitur
395 4066 449 4140 (ild
472 4066 556 4146 Scap.
580 4083 642 4145 cap.
658 4068 712 4143 3.).

286 4275 297 4290 .
349 4231 434 4291 sano
455 4230 572 4296 llorniiii
594 4233 675 4296 cctt.
719 4233 754 4296 L.
775 4235 872 4297 Annia
894 4233 1039 4309 Fabiana,
1068 4246 1098 4298 et
1126 4239 1163 4300 11.
1186 4239 1283 4300 Nonio
1305 4240 1342 4300 11.
1363 4237 1395 4300 i.
1418 4239 1485 4300 liu-

264 4315 346 4378 tiano
368 4333 444 4376 coss.
467 4317 498 4377 S.
520 4317 676 4399 zephyrini
698 4319 845 4398 pontilicis
867 4320 991 4382 Romani
1012 4339 1090 4382 anno
1113 4322 1161 4384 lll.
1185 4325 1284 4385 Severi
1307 4325 1411 4402 imper.
1435 4324 1484 4384 111.

265 4417 355 4477 mum
376 4400 499 4478 Scapula
520 4401 565 4462 rir
586 4403 750 4468 maculeris
777 4404 907 4478 ordinis,
936 4421 1057 4482 praeses
1078 4407 1281 4486 Carmaginis,
1310 4415 1339 4468 et
1359 4408 1486 4488 proinde

264 4483 378 4548 dirime
398 4485 574 4563 proconsul,
602 4489 734 4551 nondum
755 4489 852 4550 adlice
872 4487 989 4550 decretu
1010 4490 1046 4550 ab
1067 4491 1244 4571 imperatore
1265 4491 1485 4570 persecutione,

265 4569 325 4630 imo
354 4568 490 4632 lortassis
516 4568 627 4631 Romae
654 4572 820 4651 prohibita,
854 4572 1001 4636 cmdclius
1029 4585 1128 4636 tamen
1155 4575 1280 4637 caeteris
1309 4575 1485 4655 Gamhsgine
