3082 5238
432 391 568 438 taurona
589 392 631 435 ιο.
653 391 721 436 ans.
744 391 906 438 noassanr.
1214 381 1277 448 583

58 544 136 628 quod
156 543 187 606 in
208 543 310 606 multis
332 543 451 605 Codicis
473 541 566 604 titulis
589 540 709 602 nomina
731 540 834 602 Severi
861 549 891 602 et
910 542 1052 604 Antonini
1068 543 1277 624 Augustorum

59 629 250 710 reperiantur,
275 627 329 688 sed
345 627 435 690 Cetae
457 643 618 706 nunquam,
641 627 699 686 boc
721 643 791 686 vcro
813 625 850 685 ad
871 641 935 686 rem
956 625 1029 687 nibil
1051 627 1120 690 iacit
1141 632 1279 706 omnium

60 715 95 774 ab
117 731 153 774 eo
174 713 254 773 enim
277 719 420 789 tempore,
443 729 503 790 qno
526 711 598 770 Geta
621 708 792 786 dignitatem
814 708 936 786 Augusti
958 711 1099 790 suscepit,
1121 721 1155 773 ut
1175 725 1280 792 postca

59 796 222 868 docebitur,
246 813 366 874 semper
386 793 443 855 tuit
462 794 556 874 patris
577 793 608 854 in
631 793 708 854 bello
731 810 845 866 comcs,
867 793 898 852 in
921 811 980 872 quo
1003 795 1082 872 quod
1105 796 1142 856 de
1163 796 1279 877 legibus

58 881 179 942 adrem
201 879 348 959 publicam
371 878 574 957 spectantibus
597 875 727 954 cogitare
750 893 811 936 non
833 875 975 954 potuerit,
997 896 1086 939 nemo
1108 879 1210 942 mirari
1225 883 1280 944 de-

58 963 116 1024 bet.
160 963 194 1024 ld
216 981 286 1023 vero
307 961 390 1023 nullo
413 962 501 1023 modo
524 959 678 1022 terendum
701 968 762 1030 est,
795 960 875 1037 quod
909 960 1012 1022 Getam
1048 969 1133 1041 patre
1165 965 1281 1028 virente

56 1047 221 1125 Augustum
243 1045 420 1124 appellatum
442 1063 510 1106 esse
533 1051 621 1123 neget
642 1045 798 1122 numisque
820 1050 918 1104 utatur
939 1044 976 1105 ad
998 1045 1056 1105 boc
1084 1047 1280 1123 elidendum,

59 1131 90 1191 in
124 1130 231 1208 quibus
255 1128 344 1190 Getae
366 1129 418 1189 Tr.
440 1128 472 1190 P.
496 1129 532 1188 ll.
562 1128 678 1206 legitur.
723 1126 796 1188 Nam
825 1145 891 1187 cum
920 1127 985 1206 ipse
1013 1129 1145 1203 adiiciat,
1179 1131 1282 1196 Getam

57 1223 177 1276 mortuo
200 1221 284 1293 patre
317 1231 383 1274 carm
404 1214 494 1273 tratre
516 1211 658 1272 nonnisi
679 1211 715 1272 li.
738 1228 859 1272 menses
874 1210 934 1272 XV.
957 1211 1022 1274 dies
1044 1231 1202 1292 regnasse:
1225 1235 1281 1277 ne·

59 1316 145 1360 cesse
173 1305 219 1358 cst
245 1315 332 1370 sanc,
366 1304 399 1356 ut
421 1295 494 1357 Geta
515 1302 582 1357 ante
604 1294 697 1374 patris
725 1303 852 1354 mortem
872 1295 1024 1372 Augustus
1047 1297 1087 1357 sit
1108 1299 1281 1376 appellatus.

56 1381 155 1442 Altera
178 1380 279 1460 opinio
303 1378 543 1440 doctissimorum
564 1377 706 1450 virorum,
736 1377 784 1457 qui
802 1377 996 1458 ‚blagdeburgi
1017 1379 1160 1442 historiae
1182 1401 1282 1445 source

59 1463 209 1526 centurias
232 1471 481 1543 composuerunt,
515 1462 657 1524 Severum
679 1481 746 1522 curn
768 1461 859 1539 Nigro
881 1461 1047 1542 Albinaque
1069 1467 1171 1527 statuit
1192 1466 1284 1530 luisse

56 1547 135 1608 illam
148 1547 295 1626 triplicem
317 1546 467 1620 virtutem,
490 1554 520 1608 et
540 1553 638 1616 recte,
666 1552 700 1606 nt
722 1564 788 1606 cum
811 1545 1000 1607 'tillemontio
1021 1547 1142 1626 loquar,
1170 1551 1283 1612 erroris

59 1630 245 1692 convincitur
267 1649 319 1700 cc,
343 1629 422 1709 quod
445 1632 556 1692 iontem
579 1629 723 1690 nidorum
746 1627 864 1709 imperii
886 1628 1011 1690 Romani
1034 1633 1146 1692 iontem
1168 1636 1282 1696 consti-

57 1715 126 1786 tuit,
148 1713 228 1776 unde
249 1713 414 1775 manaverit
435 1722 515 1775 tanta
536 1713 660 1776 felicitas
682 1712 810 1792 imperii,
833 1713 870 1774 dc
892 1731 950 1792 qua
965 1712 1163 1777 Tertullianus
1185 1718 1283 1796 loqui-

59 1808 119 1860 tur.
163 1799 205 1858 Ac
226 1797 262 1858 dc
283 1796 414 1858 Pamelic
437 1797 559 1858 meliora
582 1795 734 1858 sentiam?
767 1816 783 1856 a
806 1795 890 1857 cuins
912 1815 997 1858 causa
1020 1797 1129 1859 veritas
1150 1801 1283 1879 plerum·

59 1899 119 1960 qne
134 1881 332 1960 remotissima
348 1889 412 1953 est;
434 1881 485 1960 qui
500 1879 647 1952 Albinum,
670 1899 758 1958 quem
781 1897 886 1940 omncs
908 1887 1020 1940 norunt
1038 1889 1164 1961 propter
1186 1883 1284 1964 digni-

59 1973 153 2026 tatem
173 1963 297 2042 Augusti
319 1963 377 2025 sibi
397 1973 532 2044 negatam
555 1964 697 2026 adversus
720 1963 861 2025 Severum
884 1963 1052 2025 inimicitias
1076 1961 1285 2046 suscepissem,

59 2050 151 2110 etiam
172 2049 337 2126 Augustum
358 2049 456 2109 dicere
477 2047 599 2126 potuit?
622 2054 651 2109 et
673 2046 853 2108 Caracallum
874 2047 937 2108 eius
959 2048 990 2107 in
1012 2047 1142 2126 imperio,
1160 2052 1284 2124 socium,

58 2133 108 2194 cui
134 2133 270 2206 demum,
307 2130 461 2193 interfecto
488 2131 658 2193 iamdudum
686 2130 808 2203 Albino,
839 2131 970 2192 bonores
997 2132 1121 2211 Augusti
1150 2135 1303 2198 concessi·

59 2214 157 2278 sunt?
202 2216 298 2288 Quem
321 2216 349 2276 si
371 2215 515 2277 iocantem
537 2215 609 2276 haec
636 2215 801 2276 affirmasse
829 2233 895 2275 cum
918 2213 1066 2294 Scaligero
1089 2217 1198 2291 dicam,
1231 2237 1285 2297 pa-

57 2319 127 2360 rum
151 2299 261 2371 dicam,
290 2306 336 2360 tot
356 2297 494 2360 tenebras
515 2297 631 2361 veritati
653 2298 767 2359 cliudit.
810 2297 904 2378 igitur
924 2299 983 2360 boc
1003 2318 1093 2360 ununi
1115 2311 1225 2374 restat,
1255 2311 1289 2364 ut

57 2383 208 2463 triplicem
230 2381 317 2443 istam
339 2381 477 2444 virtutem
500 2381 642 2443 Severum
664 2401 730 2443 cum
752 2381 837 2456 filiis,
865 2381 923 2442 iam
944 2379 1103 2462 Augustis,
1132 2394 1288 2465 putemus3

57 2467 91 2528 in
115 2466 224 2546 quibus
239 2465 319 2528 Deus
342 2466 399 2526 dici
421 2474 519 2544 potest
539 2465 571 2526 in
593 2484 683 2527 unum
705 2465 822 2534 lavisse.
845 2473 879 2526 ut
899 2465 990 2526 verbo
1014 2467 1197 2546 Septimiano
1219 2478 1287 2530 uta-

57 2570 139 2624 mur,
164 2569 230 2612 cum
254 2568 341 2620 unus,
366 2550 392 2610 si
414 2558 494 2610 recte
516 2549 639 2610 uelimus
661 2549 753 2628 loqui,
778 2549 907 2609 Severus
923 2551 1099 2627 regnaverit,
1122 2553 1212 2614 ceteri
1228 2554 1287 2614 duo

57 2634 185 2696 nomine
206 2633 299 2711 magis
321 2651 408 2711 quarn
430 2652 464 2694 re
484 2633 607 2711 Augusti
629 2632 747 2694 luerint.
791 2631 892 2704 Unde,
916 2631 942 2692 si
965 2639 1136 2708 teneamus,
1159 2655 1289 2714 quonam

57 2737 141 2780 anno
165 2717 237 2778 Geta
259 2716 295 2777 ad
316 2717 439 2794 Augusti
460 2714 632 2794 dignitatern
654 2723 771 2776 evectus
794 2715 843 2786 sit,
865 2715 938 2775 baec
953 2733 1008 2775 nos
1023 2717 1116 2796 magis
1131 2719 1167 2778 ad
1183 2721 1287 2797 cogat

55 2803 177 2864 tionem
200 2799 478 2879 intelligentiamque
501 2799 605 2860 aetatis
628 2806 810 2859 convertent.
840 2797 999 2858 Enimvero
1013 2799 1181 2862 Dodwellus
1205 2801 1288 2874 scite,

56 2894 92 2948 ut
115 2884 174 2946 alia
196 2883 303 2958 multa,
335 2883 471 2944 monuit*
503 2881 664 2961 multisque
685 2879 888 2960 comprobarit
908 2883 1067 2959 exemplis,
1087 2881 1289 2944 Romanorum

57 2970 261 3048 imperatores
282 2985 415 3038 curasse,
436 2974 470 3027 nt
491 2964 560 3026 trib.
584 2972 647 3044 pot
674 2964 803 3026 liliorum
826 2982 949 3025 suorum
972 2981 989 3023 a
1009 2965 1219 3043 quinquenniis
1241 2975 1292 3028 aut

59 3051 220 3114 decenniis
244 3049 359 3129 imperii
381 3059 597 3110 numeraretur.
630 3048 689 3108 Sed
711 3065 789 3108 anno
814 3045 934 3107 CCVlll.
957 3049 1023 3125 quis
1045 3050 1141 3110 nescit
1164 3050 1289 3128 quinde-
1327 3107 1332 3116 ,

59 3134 199 3199 cennalia
221 3133 322 3195 Severi
351 3141 382 3194 et
402 3133 539 3194 Caracalli
562 3131 731 3193 decennalia
763 3128 921 3192 extitisse?
966 3130 1112 3201 Quocirca
1132 3132 1181 3192 rix
1202 3133 1287 3211 quis-

57 3239 155 3299 quam
182 3216 315 3279 dubitarc
341 3225 461 3296 potest,
495 3215 566 3296 quin
595 3215 699 3277 ecdem
728 3233 806 3275 anno
834 3214 865 3274 in
888 3213 991 3274 Getam
1012 3217 1136 3294 Augusti
1163 3217 1290 3295 dignitas

58 3305 171 3365 collata
193 3301 293 3374 luerit,
315 3300 435 3378 etquid
457 3299 590 3379 impedit,
612 3318 671 3378 quo
694 3298 857 3376 minusprc
873 3315 957 3357 more
970 3297 1183 3379 imperatorum
1203 3299 1290 3360 Rom.

57 3388 146 3449 idem
169 3385 273 3446 codem
296 3383 344 3446 die
366 3383 453 3446 ctiam
470 3385 559 3445 Getae
582 3382 753 3461 contigisse,
776 3400 834 3460 quc
858 3379 928 3442 clim
949 3381 1059 3443 Severo
1083 3391 1111 3444 et
1133 3383 1291 3456 Caracallo,

15 3539 16 3544 η
58 3467 224 3532 dicamus?
252 3469 293 3530 Ac
314 3469 369 3530 ista
391 3486 440 3528 res
462 3467 489 3528 si
510 3468 586 3529 forte
608 3465 696 3528 dubia
718 3465 811 3526 rideri
831 3471 935 3544 posset
955 3475 1123 3545 propterea,
1145 3468 1223 3546 quod
1247 3466 1293 3527 vel
1374 3515 1376 3520 .

57 3555 91 3616 id
115 3553 206 3614 citius
227 3551 376 3632 potuisset
397 3550 538 3622 accidere,
561 3550 606 3612 rel
628 3548 709 3629 quod
729 3568 818 3610 unam
840 3550 916 3609 hanc
936 3549 1068 3628 regulam
1095 3550 1292 3630 imperatores

15 3691 16 3700 ,
56 3657 126 3699 non
158 3636 286 3698 luissent
312 3634 408 3698 ubivis
437 3634 545 3704 secuti,
582 3634 714 3713 quamvis
742 3633 772 3692 id
799 3632 918 3711 quidem
939 3631 1099 3698 verisimile
1127 3631 1158 3693 iu
1181 3633 1292 3692 Severo

15 3775 16 3800 ,
57 3741 126 3783 non
159 3721 215 3794 sit,
247 3719 297 3798 qui
326 3716 398 3780 artis
421 3717 635 3779 Chaldaeorum
663 3714 902 3777 studiosissimus
931 3716 1025 3776 fastos
1053 3714 1117 3774 dies
1132 3714 1295 3793 'diligenter
1326 3733 1332 3742 ·

15 3847 17 3878 2
58 3803 203 3876 tenebat,
225 3802 307 3864 numi
328 3811 426 3864 tamen
448 3803 506 3862 boc
527 3808 642 3880 ponunt
663 3807 746 3860 extra
768 3816 886 3860 omnem
910 3796 1134 3859 dubitationem.
1177 3797 1250 3857 Nam
1267 3796 1293 3857 si

15 3933 17 3958 ,
60 3888 286 3950 adnumerum
307 3885 375 3947 trib.
398 3893 461 3964 pot.
485 3883 575 3944 Getae
599 3881 793 3954 attendimus,
833 3880 940 3959 quibus
963 3881 1032 3942 anni
1054 3879 1142 3940 buius
1164 3878 1292 3958 dignita-

15 4021 16 4032 .
59 3971 105 4034 tis
137 3977 271 4048 pessunt
298 3968 518 4030 accuratissime
547 3965 639 4038 effici,
671 3965 728 4026 istc
749 3964 869 4043 quidem
896 3964 973 4025 ultra
994 3969 1130 4042 quartum
1152 3963 1183 4022 in
1206 3961 1295 4025 Getae

15 4109 17 4136 ,
61 4051 171 4115 numis
199 4071 261 4113 non
287 4051 485 4132 progreditur.
530 4050 590 4111 Sed
612 4049 684 4110 Geta
712 4065 861 4108 summunt
883 4065 951 4108 cum
973 4044 1121 4107 Caracallo
1143 4045 1294 4124 principa·

15 4199 16 4220 ἶ
62 4146 134 4200 tum
165 4135 202 4196 ad
234 4154 368 4197 mensem
399 4136 461 4197 iere
491 4132 645 4196 Februarii
674 4150 700 4192 a.
725 4131 833 4194 CCXll.
862 4129 995 4203 tenuit0,
1031 4127 1122 4207 igitur
1152 4148 1295 4190 numerus

101 4319 138 4356 nr.
158 4303 182 4352 l.
201 4303 270 4353 llion.
290 4303 406 4354 Cossium.
430 4303 473 4353 lib.
490 4301 574 4352 LXXV.
593 4317 615 4351 c.
633 4299 658 4350 4.
710 4313 811 4349 neccsse
829 4304 882 4359 est3
900 4295 959 4348 sotis
978 4297 1041 4346 enim
1061 4310 1088 4346 ea
1106 4311 1181 4360 opera
1199 4296 1296 4346 iunctos

60 4391 90 4439 p.
114 4369 192 4422 1258.
711 4374 748 4416 est
764 4364 933 4415 'tillemontius
958 4364 1018 4414 dans
1042 4363 1160 4414 l'biatoire
1178 4363 1221 4414 des
1239 4363 1297 4412 Bm·
1384 4355 1387 4362 '

100 4455 127 4490 n.
155 4437 264 4488 Praelect
288 4437 402 4487 Camdcn.
431 4434 549 4486 tib.x1t.
573 4431 598 4500 ἦ.
617 4433 658 4484 2¹.
710 4447 812 4498 percura
830 4433 899 4481 Toni.
910 4430 951 4480 lll.
963 4432 988 4481 P.
999 4430 1015 4484 Ι.
1034 4431 1071 4482 ed.
1088 4429 1192 4482 bruxell.
1205 4423 1230 4494 pi.
1240 4429 1297 4479 185.

60 4525 89 4574 p.
111 4505 163 4556 sat
184 4519 222 4570 aq.
710 4509 734 4552 et
751 4501 776 4550 in
794 4498 858 4551 notis
876 4513 900 4563 p.
920 4497 978 4550 ast.

101 4589 128 4624 o.
149 4573 201 4624 linc
218 4581 244 4622 nt
263 4571 345 4622 matti·
363 4571 542 4630 confirmamur,
560 4582 609 4619 nou
626 4569 660 4618 itt
