3078 5248
240 341 303 404 tito
325 355 364 398 os
378 355 453 398 rana
465 354 580 398 assare
595 355 630 398 aa
646 353 794 398 noeruiru
810 351 997 398 amissenus
1011 351 1207 396 rumesiam
1224 351 1404 394 orseuuarro

239 505 318 570 indta
341 503 375 566 ab
395 503 652 576 celebrationibus,
674 509 797 581 propter
818 509 999 580 reportatam
1020 501 1122 563 Severi
1145 501 1181 562 ah
1210 500 1359 564 hostibus
1382 503 1445 562 sito

239 589 314 652 mam
336 588 487 660 institutis,
521 588 626 650 vellent
655 587 830 658 interesse0,
862 605 919 646 uec
946 585 1044 647 iurare
1071 604 1124 664 per
1145 585 1295 665 principis
1327 587 1455 663 genium.

242 691 298 734 uec
319 672 374 734 diis
396 691 451 752 pro
473 671 568 734 salute
590 672 654 734 eius
676 669 873 750 supplicaret.
915 669 960 732 Eo
988 671 1055 748 ipso
1083 679 1180 732 autem
1208 669 1346 732 uamultu
1373 671 1455 748 tutan

241 756 325 820 ibcile
348 757 452 818 eodem
467 764 585 835 poterat
606 755 725 834 adigere
746 754 910 835 praesides,
940 754 990 833 qui
1011 771 1073 816 uon
1096 753 1256 816 admodum
1278 753 1374 816 alieni
1395 771 1455 814 eru:

241 840 297 920 ipsi
320 840 357 902 ab
379 841 437 902 hoc
458 839 639 902 crudelitatis
661 855 780 918 genere.
813 838 945 918 Namque
967 839 999 900 hi
1020 852 1085 900 eam
1106 837 1164 899 sihi
1185 837 1295 916 legem,
1320 838 1456 916 sdaups

241 939 347 988 manus
370 923 515 996 traditam,
543 924 808 1003 praescripserant,
832 931 873 984 nt
900 923 949 1002 qui
981 923 1074 984 semel
1104 923 1136 984 iu
1164 923 1210 983 ius
1242 920 1346 984 vocati
1376 936 1455 982 esses

243 1008 413 1078 Christiani,
448 1009 507 1070 nisi
529 1028 545 1069 a
568 1007 661 1070 sacris
692 1007 757 1070 suis
779 1007 984 1080 discederent,
1013 1025 1196 1086 nequaquam
1218 1006 1456 1068 dimitterentur:

243 1091 325 1156 cuius
346 1091 390 1154 rei
413 1101 521 1154 testem
542 1092 686 1154 hahemus
708 1091 806 1171 ipsum
830 1091 1060 1164 Tertullianum,
1089 1092 1155 1170 qen,
1189 1109 1256 1152 eam
1278 1091 1323 1152 ob
1347 1109 1456 1152 mosam

245 1177 282 1238 de
305 1184 385 1239 recte
407 1177 638 1256 interpretandis
660 1176 707 1236 his
729 1175 844 1254 legibus
867 1193 903 1237 ea
925 1175 1062 1238 instituto
1085 1176 1227 1238 adversus
1257 1193 1316 1236 eos
1342 1175 1456 1254 disputa-

242 1263 284 1323 vit
293 1275 312 1322 ¹.
356 1264 396 1322 dc
423 1261 511 1322 istam
540 1260 659 1340 quidem
686 1259 871 1322 Christianos
899 1261 1021 1322 vexandi
1052 1259 1236 1322 occasionem
1267 1277 1305 1320 eo
1337 1259 1459 1322 libentis

244 1345 425 1424 arripiebant
453 1345 625 1424 quaestuosi
647 1344 816 1423 praesides,
844 1363 903 1422 quo
933 1345 1042 1406 certius
1065 1363 1128 1406 eam
1163 1343 1302 1406 viderent
1324 1343 1400 1404 fisco
1421 1364 1459 1403 saa

117 1429 130 1454 ⁸
244 1429 322 1492 haud
345 1431 481 1509 erigerum
503 1429 734 1491 emolumentum
768 1445 835 1490 esse
862 1428 1024 1490 allaturam.
1073 1429 1161 1501 Quod
1189 1445 1236 1488 me
1267 1445 1335 1490 non
1358 1429 1460 1488 finxisse

245 1513 308 1576 soio
331 1533 367 1576 ex
390 1511 492 1586 Qutilii
513 1513 649 1592 martyris
672 1507 805 1590 exemplo
813 1520 831 1583 ¹,
854 1530 942 1590 quem
964 1512 1100 1592 suspicor
1121 1521 1237 1590 raptum
1261 1529 1337 1574 esse
1353 1512 1385 1572 io
1401 1513 1461 1572 iad·

245 1599 332 1670 dum,
354 1615 422 1660 cum
444 1597 576 1660 noudum
598 1597 709 1670 Severi,
733 1597 786 1658 sed
809 1596 938 1675 antiquis
960 1597 1084 1676 legibus,
1114 1596 1256 1691 iudicium
1276 1597 1399 1658 fierem
1434 1597 1462 1656 h·

246 1683 325 1748 onim
357 1681 576 1744 adducebantur
611 1681 695 1742 multi
724 1679 972 1754 Christianorum,
1008 1681 1060 1759 qui
1096 1680 1202 1760 opibus
1230 1689 1377 1758 vaneque
1409 1701 1463 1742 suae

247 1765 400 1835 timebant,
423 1774 465 1836 nt,
488 1766 567 1844 qnod
589 1765 643 1828 alia
667 1765 814 1826 declinare
843 1766 889 1826 via
917 1784 978 1826 non
1000 1773 1146 1844 poterant,
1177 1763 1348 1844 periurium
1385 1765 1464 1824 oblata

246 1849 371 1928 pecunia
393 1858 629 1914 avemuncarent.
674 1849 756 1922 Quas
790 1849 928 1912 saevitiae
950 1849 1120 1930 praesidum
1147 1849 1286 1927 vulgique
1322 1869 1431 1910 causas
1449 1876 1466 1906 s

245 1942 346 1994 mente
369 1934 607 2013 complectimur,
630 1933 687 1994 erit
708 1951 790 2005 sane,
814 1941 846 1996 ut
869 1933 997 1996 adamus
1019 1942 1147 2012 tempus,
1169 1952 1227 2012 quo
1251 1942 1321 1994 orta
1348 1935 1467 1994 estha

158 2073 166 2082 .
246 2017 330 2096 prior
353 2025 524 2096 tempestas,
547 2018 675 2096 quando,
697 2036 756 2096 quo
779 2036 857 2079 anno
880 2019 953 2080 haec
975 2019 1112 2098 speciosa
1129 2017 1318 2079 Christianos
1345 2017 1467 2080 laedmd

248 2101 365 2162 occasio
388 2101 526 2174 extiterit,
549 2101 829 2164 demonstravimus.

797 2257 827 2329 i·
848 2252 937 2313 vui..

333 2367 377 2428 Ad
409 2369 488 2428 hunc
522 2386 592 2430 vero
628 2369 863 2447 investigandum
897 2369 1026 2448 primum
1060 2369 1133 2448 ipsis
1161 2377 1281 2429 utamur
1310 2369 1379 2444 his,
1412 2391 1470 2450 qus

252 2451 503 2527 enumeravimus,
545 2453 741 2515 calamitatum
772 2453 879 2514 causis.
935 2453 1009 2515 lllud
1037 2455 1125 2523 esaim,
1158 2454 1237 2531 quod
1266 2457 1359 2532 quasi
1400 2475 1471 2517 aues

253 2535 340 2613 vulgo
363 2535 449 2597 dabat
470 2536 506 2597 ad
530 2537 757 2616 impugnandam
774 2537 1008 2601 Christianomm
1031 2537 1179 2607 familiam,
1203 2545 1266 2597 erat
1283 2537 1399 2600 Severi
1421 2551 1470 2600 sto·

251 2619 331 2680 dium
351 2621 546 2699 conquirendi
568 2639 672 2682 omnes
696 2640 759 2694 eos,
782 2640 945 2699 quoscum
968 2621 1057 2700 Nigro
1081 2631 1131 2682 aut
1148 2620 1251 2681 Albino
1274 2623 1429 2686 adversus
1450 2645 1473 2676 a

251 2703 372 2766 stetisse
388 2711 587 2785 compererat?
608 2744 623 2780 p
642 2705 730 2778 Quod
754 2705 893 2784 quoniam
916 2707 1023 2766 lactum
1048 2714 1103 2778 est,
1127 2723 1192 2766 cum
1215 2703 1326 2766 Albino
1357 2711 1475 2770 exuam

249 2787 373 2850 Romam
402 2789 495 2850 victor
525 2788 666 2850 rediisset
699 2789 874 2865 (tamenim
897 2789 1068 2868 gravissima
1096 2790 1125 2850 in
1157 2791 1209 2850 eos
1232 2791 1390 2870 supplicia
1413 2813 1473 2853 cou-

251 2873 390 2948 stituit¹),
421 2891 529 2952 operae
557 2873 684 2952 pretium
714 2882 760 2955 est
787 2873 900 2948 videre,
931 2891 1059 2953 qiionam
1085 2891 1162 2934 anno
1184 2872 1309 2934 Albinus
1335 2896 1410 2938 cum
1431 2879 1475 2936 rin

250 2955 407 3035 imperium
429 2957 611 3038 deposuerit.
653 2957 748 3035 Atque
770 2957 799 3017 in
822 2957 878 3020 isto
901 2958 1068 3020 deliniendo
1096 2965 1209 3018 tantum
1237 2977 1355 3038 operae
1382 2981 1476 3022 curae

251 3055 308 3120 que
340 3039 398 3101 iam
428 3040 558 3120 positum
587 3059 654 3102 esse
682 3043 817 3104 ridemus
851 3062 866 3102 a
894 3041 1088 3113 bloslremioi,
1121 3051 1154 3102 ut
1180 3061 1273 3121 paene
1305 3043 1362 3105 isti
1395 3047 1478 3106 laban

250 3141 411 3202 possemus
435 3126 642 3204 supersedere,
664 3125 723 3186 nisi
746 3125 888 3206 quaedam
908 3136 1008 3187 essent
1023 3126 1052 3186 in
1068 3133 1196 3208 promtu,
1220 3145 1295 3206 qnae
1312 3128 1378 3190 dici
1397 3149 1480 3210 posse

252 3214 354 3268 contra
376 3207 555 3270 viderentur.
598 3210 699 3289 ltaque
722 3229 788 3271 cnm
810 3209 858 3269 bio
880 3229 914 3270 se
937 3211 1041 3271 oderat
1063 3211 1178 3271 occasio
1209 3211 1237 3269 in
1261 3211 1480 3275 dubitationem

251 3290 375 3350 iocandi
399 3291 569 3370 opinionem
592 3292 736 3372 quandam
764 3294 952 3372 popularem,
982 3289 1066 3373 atqn'e
1096 3295 1159 3374 ipsa
1188 3313 1238 3354 res
1259 3293 1429 3376 [postulet.
1458 3311 1482 3358 nt

251 3373 339 3452 paulo
363 3373 446 3435 aliter
468 3375 597 3436 rationes
621 3376 836 3440 subducantur:
860 3388 977 3439 servato
999 3379 1066 3458 ipso
1088 3388 1334 3458 argumentorum
1364 3401 1483 3461 genere.

253 3457 333 3536 qnod
356 3456 518 3520 adhibitum
541 3467 585 3520 est
607 3479 624 3521 a
646 3479 762 3522 summo
785 3462 860 3534 viro,
891 3461 1012 3524 candide
1042 3463 1268 3543 disputabimus,
1297 3483 1383 3543 quae
1416 3485 1482 3527 eon-

288 3624 310 3658 e.
330 3609 354 3658 il.
374 3609 515 3660 Tertullian.
534 3611 563 3662 de
581 3613 731 3678 Spectaculis
750 3614 800 3663 cl.
815 3620 837 3663 et
888 3623 989 3679 senique
1009 3616 1136 3665 Christiani
1156 3616 1185 3665 de
1203 3619 1334 3666 securitate
1353 3633 1418 3670 aua.
1444 3619 1485 3668 sa

255 3677 321 3728 alibi.
890 3683 962 3732 iatum
989 3683 1095 3734 libellum
1122 3697 1175 3733 cum
1194 3683 1361 3736 Tertullianus
1385 3703 1484 3752 compe-

287 3761 310 3808 q.
336 3744 400 3793 idom
420 3745 444 3794 in
462 3746 586 3808 dpolopet.
611 3764 633 3798 c.
651 3747 691 3798 32.
717 3755 740 3796 et
758 3747 799 3796 lib.
818 3747 836 3798 l.
890 3759 967 3808 neret,
992 3751 1038 3798 iam
1064 3753 1115 3799 neci
1143 3751 1211 3800 datus
1230 3759 1281 3800 crat
1300 3751 1427 3812 Rutilius,
1453 3771 1485 3820 qs.

252 3811 283 3860 ad
301 3809 416 3861 Nedones
434 3827 454 3861 c.
476 3813 515 3863 ti.
890 3819 994 3881 primum
1020 3819 1148 3881 aliquoties
1171 3818 1272 3865 salntem
1292 3821 1407 3881 petierat
1428 3825 1485 3882 loga.

287 3891 301 3942 q
329 3878 394 3928 ldem
413 3880 537 3944 lpolopet.
557 3897 577 3930 c.
599 3881 637 3930 io.
657 3879 689 3931 29
707 3895 760 3946 sqq.
889 3892 973 3947 postea
992 3889 1072 3933 numia
1090 3885 1136 3934 sibi
1155 3875 1348 3948 comparaverat,
1378 3890 1429 3938 sed
1449 3891 1485 3938 de

286 3960 306 3993 r.
335 3947 358 3996 i.
382 3947 512 3996 Eusebium
540 3949 599 3998 llist
627 3949 718 3998 Euclea.
747 3949 788 3998 lib.
814 3949 838 3999 t.
890 3965 938 4000 noo
964 3959 1049 4015 captus
1073 3952 1102 4002 ad
1127 3952 1272 4016 supplicium
1291 3953 1375 4004 rediit.
1421 3957 1486 4015 osni

150 4015 158 4024 '
253 4026 273 4062 c
292 4011 332 4062 ²1.
370 4013 425 4064 edit.
445 4014 559 4076 heading.
580 4025 602 4074 p.
622 4014 680 4066 240.
892 4033 950 4079 ergo
973 4033 1073 4068 necesse
1097 4027 1135 4070 eat
1158 4021 1246 4070 laetum
1271 4033 1327 4069 esse
1353 4032 1419 4073 aute
1447 4027 1487 4072 iui-

286 4095 306 4128 s.
327 4079 352 4128 lo
370 4081 494 4144 Apologet.
515 4097 536 4131 c.
555 4081 571 4131 4
589 4097 625 4145 aq.
892 4099 962 4149 qnam
981 4087 1060 4136 Severi
1085 4085 1171 4150 legem,
1195 4094 1219 4135 et
1242 4101 1330 4136 novom
1351 4091 1398 4139 dat
1420 4107 1487 4152 argu

286 4153 303 4193 t.
321 4146 389 4211 Apud
407 4147 548 4198 tertullian.
574 4149 603 4198 de
623 4149 686 4212 iuga
710 4151 733 4198 in
753 4150 839 4201 Perse·
892 4159 998 4201 mentum
1024 4155 1075 4204 eins
1100 4153 1163 4218 quod
1189 4152 1300 4212 dirimis,
1326 4155 1488 4206 Christianos

254 4211 351 4260 cutione
369 4227 390 4262 c.
409 4213 432 4264 5.
452 4225 474 4274 p.
494 4214 583 4267 seua.
891 4219 936 4269 sub
954 4219 1042 4270 Serere
1071 4230 1125 4270 ante
1153 4233 1205 4270 eam
1234 4221 1320 4284 capitia
1354 4224 1489 4274 damnatos

288 4293 309 4326 a.
329 4278 420 4342 Nempe
438 4281 477 4332 bic
496 4282 557 4333 liber
574 4285 838 4348 scriptusesteotem-
892 4287 976 4336 luisse.

252 4347 322 4410 port,
348 4359 395 4408 quo
414 4349 534 4408 graviores
552 4350 701 4402 calamitates
720 4351 837 4402 Christis·
923 4369 944 4402 x.
965 4355 988 4401 ll.
1009 4353 1108 4404 liionem
1128 4355 1170 4405 lib.
1188 4354 1271 4404 txxt.
1290 4371 1311 4404 c.
1327 4356 1355 4405 7.
1375 4369 1401 4418 p.
1415 4359 1489 4408 tasi.

253 4413 291 4462 uia
310 4415 471 4474 expectandae
489 4419 692 4468 erantadeorum
704 4420 838 4470 cultoribus
890 4421 917 4468 n.
938 4421 1100 4472 Herodianum
1120 4423 1161 4472 lib.
1182 4422 1222 4470 lll.
1241 4438 1262 4472 c
1283 4421 1307 4472 8.
1326 4433 1354 4474 et
1374 4427 1488 4490 Spartia-

253 4479 320 4540 (ccli.
340 4494 359 4528 c.
372 4480 413 4540 1.),
433 4481 455 4530 b.
475 4497 495 4530 a.
515 4491 540 4532 ut
558 4493 641 4546 postea
660 4487 761 4546 dicetur,
784 4501 837 4536 cum
890 4501 947 4536 num
967 4488 990 4536 in
1009 4489 1097 4538 Severo
1117 4505 1137 4539 c.
1159 4489 1196 4538 12.
1218 4487 1257 4538 ta.

253 4547 357 4597 choium
376 4547 456 4598 Severi
473 4548 497 4598 io
516 4547 594 4600 lucem
608 4553 749 4616 prodiisset,
767 4554 838 4604 time·
924 4569 945 4616 p.
964 4554 990 4604 lu
1009 4555 1073 4606 biss‘.
1094 4556 1188 4608 laudata
1206 4552 1233 4620 ὅ.
1250 4557 1290 4608 XX
1308 4571 1366 4624 sqq.
