3078 5248
275 389 338 454 560
359 407 398 450 ne
412 405 486 449 VERA
500 403 614 447 teraris
628 403 663 448 tc
677 404 824 447 nocentur
840 403 1024 447 sentrronott
1040 401 1235 446 rttnrntttnnt
1250 401 1428 446 ntsrurtrto

276 558 355 620 libro
377 555 414 616 de
435 554 603 616 ldololatria
625 539 794 626 indicatum,
829 553 913 615 cuius
935 553 990 627 rei,
1014 553 1112 615 saltim
1133 553 1163 613 in
1186 572 1223 614 eo
1244 553 1312 613 loco
1334 571 1428 631 quan
1449 571 1489 612 ex-

278 642 385 714 citavit,
417 639 529 700 nullum
552 647 599 700 est
619 638 785 718 vestigium,
809 656 843 699 ac
864 637 890 698 si
912 646 1003 712 esset,
1025 638 1056 698 id
1078 637 1219 699 nimirum
1241 637 1365 697 caderet
1387 637 1418 697 in
1440 637 1490 696 dis·

277 725 488 806 ceptationem,
522 721 737 784 intellexeritne
759 721 958 784 Tertullianus
979 723 1106 784 natalem
1130 721 1245 801 imperii
1268 729 1320 783 aut
1341 721 1423 781 vitae
1445 722 1491 780 Ce—
1514 756 1518 788 r

275 819 323 872 tae
345 806 502 870 Caesaris?
546 808 591 869 Sit
618 808 707 885 igitur
735 805 856 880 stabile,
889 806 968 867 bunc
995 806 1032 867 de
1055 805 1235 886 Spectaculis
1257 804 1372 866 librum
1395 805 1491 866 edituo
1517 815 1518 820 ’

276 895 339 955 lere
361 893 453 954 luisse
476 890 532 952 snb
556 911 581 952 a.
606 889 753 952 CXCVlll.
778 889 904 952 initium.

834 1077 864 1152 e.
885 1074 952 1164 xv.¹

360 1195 446 1256 Hunc
467 1193 574 1271 exeipit
595 1193 632 1254 de
653 1191 821 1254 Idololatria
842 1192 969 1254 libellus.
1000 1193 1095 1265 Quem
1117 1210 1184 1253 cum
1206 1189 1417 1252 Tertullianus
1432 1191 1491 1250 stri-

275 1281 369 1352 beret,
399 1286 483 1339 crant
510 1295 582 1338 sane
604 1276 728 1338 Romani
757 1277 890 1356 occupati
918 1277 948 1336 in
976 1295 1024 1350 eo,
1051 1295 1111 1356 quo
1140 1276 1335 1338 ostenderent
1366 1275 1492 1336 laetitias

276 1382 422 1428 summam
444 1362 480 1423 de
502 1369 669 1440 temporum
692 1361 816 1422 istorum
837 1361 983 1434 lelioitate,
1011 1379 1103 1439 eaque
1125 1361 1162 1422 de
1184 1378 1271 1422 eausa
1292 1359 1382 1439 ipsas
1406 1359 1492 1420 ianua

277 1467 348 1510 suas
369 1447 478 1508 laureis
500 1453 712 1507 exornaverant
734 1453 763 1505 et
784 1443 883 1506 mulbs
906 1445 1034 1506 lucernis
1058 1444 1135 1520 (coll.
1159 1448 1276 1520 o.15.).
1321 1443 1358 1504 ld
1383 1463 1455 1504 vero
1473 1446 1491 1502 ir

276 1535 422 1596 bonorem
444 1529 632 1609 imperatoris
654 1531 761 1591 lactum
784 1547 861 1602 esse,
883 1529 1067 1602 demonstrat
1088 1529 1186 1590 omnis
1208 1527 1393 1607 disputatio,-
1422 1547 1493 1606 quan

276 1616 395 1680 subiicit
416 1613 614 1682 Tertullianus
638 1631 728 1692 super
749 1613 806 1674 ista
827 1613 1017 1692 quaestione:
1041 1630 1077 1673 an
1103 1613 1198 1692 pietas
1213 1613 1396 1692 imperatori
1412 1612 1493 1672 debiu

276 1700 416 1780 requirat,
438 1705 471 1759 ut
496 1697 654 1759 Christiani
677 1697 712 1758 ad
735 1696 941 1759 declarandum
963 1697 999 1758 de
1029 1693 1165 1758 Caesaris
1188 1695 1282 1758 salute
1305 1695 1452 1774 gaudium
1471 1719 1493 1754 ‚r

174 1809 177 1822 ¹
277 1785 401 1848 deorum
423 1782 585 1843 cultoribus
619 1781 778 1860 adiungant
809 1781 890 1842 vario
920 1781 1046 1842 laetitiae
1077 1779 1241 1859 apparatu?
1284 1779 1373 1842 llaec
1395 1780 1423 1841 si
1445 1781 1493 1858 qni<

275 1866 462 1947 quaesiverit,
490 1866 527 1927 ad
554 1883 698 1944 quaenam
726 1874 858 1944 tempora
880 1863 1038 1944 spectent?
1065 1864 1163 1927 nullus
1186 1883 1240 1942 ego
1263 1863 1376 1926 dubito
1401 1865 1493 1924 dicere.

276 1952 313 2016 ad
343 1951 420 2012 varia
448 1950 575 2012 laetitiae
603 1950 696 2028 signa,
725 1949 832 2028 quibus
865 1950 951 2028 quasi
973 1950 1095 2022 Severo,
1125 1968 1160 2009 ex
1186 1947 1263 2008 bello
1286 1967 1359 2010 cum
1385 1949 1491 2010 aemuh

276 2035 394 2115 imperii
426 2034 543 2106 reduci,
579 2033 705 2096 Romani
738 2033 962 2112 applaudebant.
1020 2034 1152 2112 Namque
1184 2040 1228 2094 ter
1259 2032 1395 2110 legimus
1434 2033 1492 2112 apul

277 2121 440 2198 scriptores
462 2127 576 2180 veteres
598 2117 767 2195 istiusmodi
789 2117 859 2197 quid
880 2118 987 2180 lactum
1010 2117 1065 2179 sub
1080 2117 1183 2196 Severi
1205 2117 1354 2196 imperi03
1379 2119 1491 2196 primun

277 2222 304 2264 a.
327 2201 460 2274 cxctn,
484 2220 550 2263 cum
572 2202 710 2274 Severus,
732 2219 854 2280 regnum
876 2211 1083 2282 occupaturus,
1116 2201 1239 2262 Romam
1267 2200 1436 2263 interiecto
1456 2201 1490 2260 le

278 2287 356 2348 liano
379 2286 552 2356 intrasset¹;
573 2293 688 2363 postea,
715 2303 781 2346 cum
796 2285 890 2348 vietor
904 2305 939 2347 ex
952 2285 1042 2348 Gallia
1057 2285 1186 2348 redisset
1196 2285 1302 2346 Albino
1319 2295 1491 2364 prostrato:

277 2369 404 2448 denique
434 2369 465 2430 in
494 2368 700 2430 decennalibus
730 2369 846 2449 imperii
879 2370 935 2442 sui,
968 2389 1034 2431 cum
1062 2378 1259 2432 reverteretur
1281 2387 1320 2430 ex
1343 2369 1489 2432 Orientr':
1518 2380 1519 2383 ’

277 2454 357 2533 quod
379 2469 467 2513 omne
489 2471 582 2531 genus
603 2453 702 2514 multis
725 2455 892 2516 confirmari
913 2454 1011 2516 numis
1033 2461 1140 2532 potest.
1169 2453 1262 2532 Atque
1276 2452 1419 2533 primum
1440 2453 1490 2514 illel

278 2538 356 2599 baud
377 2544 479 2616 potest
498 2537 711 2599 aTertulliano
734 2539 903 2622 significari.
946 2538 1078 2617 Namque
1099 2545 1132 2597 nt
1163 2555 1241 2598 nunc
1261 2555 1325 2598 non
1349 2538 1459 2606 dicam,
1474 2539 1490 2595 >i

277 2623 374 2684 adbuc
399 2621 504 2682 inisset
531 2621 647 2701 imperii
675 2623 818 2695 aemulus,
852 2641 939 2702 quem
967 2623 1086 2702 plurimi
1109 2621 1258 2702 optabant,
1293 2623 1400 2700 qualis
1422 2623 1490 2698 Nigra

278 2713 341 2768 erat
362 2713 577 2785 postmortem
599 2705 712 2774 iuliani,
734 2706 783 2768 vix
804 2705 1009 2788 negligentiam
1032 2707 1062 2767 in
1086 2705 1266 2768 ostendenda
1282 2706 1437 2768 adversus
1450 2725 1490 2766 no

275 2809 344 2853 vum
366 2790 522 2851 Caesarem
548 2789 657 2869 pietate
690 2789 778 2850 obiici
804 2790 939 2870 potuisse
961 2790 1134 2852 Christianis
1157 2789 1247 2869 (quod
1269 2798 1377 2852 tamen
1402 2794 1491 2852 sacrm

276 2882 398 2954 apparet
425 2892 460 2934 ex
483 2875 564 2935 omni
586 2873 757 2934 Tertulliani
780 2879 948 2950 sermone):
975 2882 1117 2954 provocat
1138 2884 1217 2935 certe
1239 2873 1449 2936 Tertullianus
1467 2875 1491 2934 al

276 2977 363 3020 suurn
385 2959 422 3020 de
437 2958 617 3036 Spectaculis
631 2957 749 3031 librum,
773 2976 860 3037 quem
875 2958 1001 3020 diximus
1016 2959 1133 3020 demum
1149 2977 1175 3019 a.
1192 2955 1342 3019 cxcvtn.
1361 2961 1492 3038 scripum

274 3043 377 3105 fuisse.
421 3041 523 3122 Neque
549 3060 620 3103 vero
650 3041 716 3121 quis
744 3041 833 3104 debet
859 3042 982 3104 haerere
1009 3041 1040 3102 in
1068 3061 1113 3116 eo,
1141 3042 1220 3122 quod
1248 3060 1312 3103 non
1335 3043 1377 3104 de
1401 3061 1491 3121 grato

196 3145 211 3155 ·
274 3127 363 3188 huius
385 3126 549 3205 argumenti
576 3126 663 3200 libro,
693 3125 745 3188 sed
768 3127 805 3186 de
827 3125 917 3187 latino
939 3126 1090 3205 loquatur;
1118 3143 1187 3188 nam
1208 3133 1348 3188 nostrum
1375 3127 1491 3188 libellus

276 3227 342 3271 cum
376 3209 529 3290 scripserit
561 3211 661 3285 latine,
693 3211 770 3271 haud
799 3209 901 3272 dubito
929 3211 1009 3289 quin,
1043 3209 1069 3270 si
1098 3228 1233 3289 graecum
1256 3211 1293 3271 de
1316 3211 1491 3290 Spacorum

158 3323 159 3328 κ
275 3292 384 3354 librom
415 3294 559 3355 voluisset
590 3295 731 3356 denotare
753 3294 844 3366 illum,
879 3293 1087 3374 designatums
1115 3293 1228 3356 adiecto
1256 3295 1394 3373 quodam
1418 3297 1492 3356 verta

276 3375 400 3448 inisset3
443 3385 529 3455 atque
561 3396 618 3438 nos
650 3379 707 3439 iam
741 3377 869 3440 diximus
903 3398 918 3438 a
950 3395 1055 3456 graeco
1088 3397 1181 3457 posse
1214 3377 1250 3438 ad
1282 3377 1420 3440 latinum
1450 3382 1491 3438 isa

277 3457 419 3536 scriptum
452 3459 563 3538 absque
585 3479 686 3522 errore
708 3463 914 3540 argumentari.
944 3461 1045 3541 Neque
1067 3461 1153 3523 etiam
1175 3469 1329 3540 postrema
1352 3463 1492 3525 sententia

276 3541 392 3603 videtur
417 3543 606 3616 admittenda,
635 3564 709 3623 quae
736 3547 821 3608 istam
849 3545 995 3626 publicam
1025 3545 1165 3607 laetitiam
1195 3547 1359 3608 transferre
1393 3549 1491 3610 vultu

277 3625 447 3690 decennalia
469 3627 580 3690 Seven'.
624 3627 700 3690 Nolo
728 3648 808 3692 nunc
829 3630 980 3709 disputare
1003 3629 1040 3692 de
1063 3649 1098 3690 eo
1121 3628 1200 3709 quod
1220 3638 1335 3708 pugnet
1357 3650 1433 3694 cum
1454 3633 1491 3691 bar

277 3712 418 3791 opinione
447 3711 512 3791 ipsa
540 3712 628 3774 huius
656 3713 722 3776 libri
751 3705 948 3796 ὀρθοδοξία,
978 3732 1065 3792 quam
1089 3713 1115 3774 ei
1137 3721 1243 3792 postea
1263 3713 1493 3778 vindicabimus:

276 3795 329 3858 sed
352 3803 519 3857 esttamen
542 3795 646 3876 aliquis
669 3798 835 3877 suspicioni
856 3799 949 3870 locus,
973 3817 1008 3858 eo
1031 3805 1165 3876 tempore
1187 3797 1217 3858 in
1233 3797 1432 3860 Christianos
1453 3800 1492 3860 ad·

273 3881 332 3942 huc
353 3879 542 3958 magistratus
565 3881 660 3942 inisse
682 3882 815 3943 collatos.
845 3882 977 3962 Namque
998 3882 1085 3942 istam
1107 3881 1328 3959 quaestionem:
1353 3893 1490 3962 quatenu

274 3963 422 4024 eiusmodi
443 3964 571 4025 officium
593 3965 733 4044 progredi
754 3965 876 4027 deberet
896 3967 927 4026 in
950 3963 1136 4045 suscipienda
1157 3964 1293 4043 religiosa
1308 3965 1418 4046 aliqua
1434 3985 1491 4028 ror·

274 4047 440 4120 suetudine,
472 4067 548 4127 quae
579 4049 616 4110 ad
644 4049 767 4110 deorum
796 4049 906 4111 cultum
932 4047 1094 4128 paullisper
1121 4049 1289 4122 accederet,
1324 4051 1438 4114 dubito
1467 4067 1491 4109 n

273 4137 429 4192 naomsset
450 4125 658 4204 Tertullianus,
681 4133 707 4193 si
729 4133 846 4212 quidem
869 4140 930 4194 tum
953 4125 1110 4194 Christiani
1132 4131 1255 4194 admissi
1277 4132 1315 4194 ad
1338 4137 1491 4215 magistre

275 4219 322 4274 tus
345 4232 407 4274 non
429 4225 537 4277 essent.
582 4216 641 4277 Sed
664 4216 800 4295 equidem
821 4218 898 4278 baud
921 4235 1008 4296 nego,
1031 4235 1079 4277 me
1101 4214 1304 4291 subdubitare,
1328 4222 1420 4298 quod
1441 4237 1492 4280 am

271 4296 350 4375 plius
383 4300 594 4362 communicata
627 4319 693 4361 cum
717 4301 892 4363 Christianis
925 4301 1036 4362 luerint
1063 4299 1159 4362 officia
1187 4299 1313 4379 publico,
1350 4321 1427 4366 cum
1448 4304 1493 4362 im

306 4481 326 4515 r.
352 4465 395 4515 [lio
419 4468 483 4532 apud
502 4469 648 4534 xiphilinnm
667 4469 707 4519 lib.
726 4469 854 4519 Lxxlvst
908 4469 997 4520 Severo
1016 4485 1036 4520 c.
1057 4468 1097 4519 ¹2.

271 4530 301 4582 11.
321 4547 343 4598 p.
363 4533 435 4586 tttt.
445 4535 472 4586 C.
943 4545 961 4586 t
986 4537 1037 4585 bio.
1054 4536 1096 4586 lib.
1120 4534 1214 4586 xxxvl.
1239 4550 1260 4606 c:
1282 4535 1304 4585 l.
1329 4551 1356 4602 p.
1379 4537 1494 4588 lma

305 4618 324 4649 s.
344 4601 473 4652 llerodian.
494 4602 534 4651 lib.
554 4601 593 4652 ΙΙΙ.
614 4619 633 4652 c.
653 4602 675 4652 8.
695 4601 814 4665 Spartica.
833 4603 856 4653 ln
909 4601 951 4652 lib.
969 4602 1011 4652 ΙΙΙ.
1030 4619 1049 4653 c.
1070 4603 1110 4653 to.
