3132 5238
322 367 327 382 '
426 387 561 437 nooman
581 387 678 434 rasso
696 387 795 434 saux.
815 389 842 433 r.
864 390 893 433 n.
915 389 946 433 ι.
1255 373 1295 439 'id

104 539 233 604 romuleus
262 544 407 602 timentes.
450 539 572 603 Minoris
604 541 746 604 momenti
777 549 947 621 argumenta
975 541 1069 604 mitto.
1114 541 1222 604 Notum
1249 551 1296 606 est

104 626 164 686 0010
178 625 284 686 Romae
305 643 366 686 non
379 625 597 703 proconsulem,
621 627 674 688 sed
688 628 884 705 praelectum,
907 626 984 706 apud
1000 626 1204 706 Carthaginem
1220 645 1295 689 con·

103 723 135 772 ra
152 708 352 790 proconsulem
374 709 465 772 lirisse
486 711 688 788 magistratum
710 711 759 790 qui
782 711 918 772 timorem
941 710 1041 773 debuit
1062 711 1202 774 incutere.

167 793 224 855 lam
245 811 306 856 oon
321 794 358 856 ad
374 803 517 868 senatum,
540 796 593 856 sed
607 795 644 856 ad
657 795 772 857 Almone
786 796 1002 874 provinciarum
1017 796 1114 858 varios
1129 795 1293 875 praesides,

102 879 272 958 lomenensis
294 887 376 958 puta,
397 878 560 954 Numidiae,
581 879 771 942 Mauritaniae
792 881 961 960 utriusque,
979 880 1102 946 m'usnm
1124 881 1295 960 apologeti-

101 983 152 1024 rom
176 963 218 1024 rel
243 963 315 1026 binc
340 981 463 1042 arguere
491 973 546 1026 est.
589 965 690 1026 Primo
718 964 850 1044 quidem,
883 966 962 1045 quod
988 964 1066 1026 nulla
1088 967 1119 1027 in
1140 967 1198 1028 hoc
1218 967 1296 1029 libro

101 1057 200 1110 unattu
213 1047 335 1110 mentio
358 1047 435 1110 Tum
445 1049 524 1128 quod
538 1049 746 1127 proconsulem
766 1057 799 1111 ut
819 1051 1008 1130 praecipuum
1031 1051 1243 1128 magistratum,
1266 1059 1297 1114 et

88 1133 293 1194 mirovaeus
318 1131 500 1194 Christianos
527 1133 684 1196 saeviendo
711 1135 827 1214 plaeere
852 1134 1021 1210 laborarent
1048 1135 1105 1214 ipsi
1133 1137 1295 1214 praesides,

99 1218 217 1296 proponit
234 1217 300 1279 loco
325 1235 394 1278 mox
412 1217 540 1280 laudato.
562 1218 693 1298 Denique
714 1219 792 1298 quod
814 1219 925 1281 iudices
946 1238 1021 1299 quos
1043 1219 1200 1300 alloquitur
1222 1240 1295 1282 con-

100 1311 191 1364 stanter
210 1303 379 1382 praesidum
400 1301 520 1364 nomine
540 1303 684 1382 designat.
715 1303 764 1365 Sic
782 1307 888 1383 oapi.
914 1304 940 1364 0
961 1316 1074 1384 parmata
1096 1305 1180 1368 illius
1200 1325 1296 1386 prae-

100 1389 158 1449 sidis
177 1387 288 1466 gloria:
315 1394 377 1448 tum
399 1387 453 1449 hoc
473 1391 633 1467 imperium
655 1393 741 1450 cuius
762 1393 898 1450 ministri
918 1395 999 1451 estis.
1034 1389 1083 1450 Sic
1104 1407 1187 1468 capp.
1199 1393 1229 1453 9.
1242 1393 1294 1456 30.

100 1482 122 1530 et
138 1476 183 1536 50.
223 1471 264 1534 00
284 1471 409 1532 nomine
430 1481 528 1534 autem
552 1480 582 1533 et
604 1473 701 1534 cilicio
724 1473 892 1552 praesidum
915 1473 1049 1536 videatur
1063 1473 1176 1551 Digesti
1198 1474 1248 1536 lib.
1270 1475 1294 1537 1.

34 1629 35 1638 ¹
99 1556 133 1616 tit
151 1556 240 1630 xvii,
266 1556 319 1635 qni
348 1555 374 1617 si
402 1563 587 1635 comparetur
616 1576 682 1618 cum
705 1557 875 1619 Tertulliani
903 1557 993 1618 variis
1011 1557 1084 1618 locis
1108 1558 1139 1618 in
1161 1558 1236 1621 libro
1258 1561 1295 1622 ad

99 1641 228 1719 Scopulum
249 1641 285 1702 de
300 1641 416 1702 Anime
437 1641 640 1720 praesidibus,
663 1641 740 1703 illico
762 1641 881 1720 patebit,
903 1642 992 1720 qnod,
1016 1661 1082 1704 cum
1102 1643 1161 1721 ipsi
1183 1644 1214 1705 in
1236 1645 1294 1706 mi-

99 1725 200 1786 norihus
219 1726 289 1788 loeis
313 1725 527 1804 praesiderent,
548 1726 726 1804 proconsule
746 1725 920 1805 Carthagine
942 1727 1137 1790 sedemsnam
1159 1727 1295 1803 habente,

100 1827 143 1871 eos
161 1810 266 1890 inipso
288 1812 355 1872 sere
377 1809 511 1883 usitatis,
533 1811 563 1872 id
585 1819 630 1872 est
644 1809 837 1891 Carthaginis,
860 1812 969 1874 vertice
990 1811 1193 1892 praesidentes
1215 1814 1295 1876 iudi-

101 1911 170 1954 casse
189 1895 284 1957 dixerit
308 1895 457 1974 eleganter
478 1894 685 1958 Tertullianus.

165 1977 219 2040 Iliri
229 1980 318 2042 tertio
329 1998 391 2041 non
401 1980 576 2042 aoteSeveri
588 1980 710 2052 obitum,
722 1980 772 2060 qui
786 1980 997 2043 aunumCClll.
1009 1982 1140 2060 contigit,
1153 1983 1296 2062 seriptum
1377 2026 1382 2036 ·

100 2065 389 2143 manipolegetioum.
417 2065 499 2126 uiuo
521 2065 579 2126 iarn
601 2065 869 2145 quodhpologeticl
891 2084 954 2143 cap.
970 2069 1022 2128 47.
1044 2067 1080 2126 ad
1103 2085 1178 2146 opus
1201 2068 1294 2130 Trae-

99 2147 242 2226 srriptionis
263 2149 506 2222 baereticorum,
534 2150 614 2228 quod
634 2159 705 2229 post
726 2169 834 2212 annum
857 2150 963 2212 CCVil.
985 2151 1096 2212 editum
1118 2169 1184 2214 esse
1205 2171 1295 2232 supra

100 2234 277 2310 mmprohavi,
315 2232 445 2296 alludere
472 2234 613 2296 rideatur.
659 2234 736 2308 Quid
767 2235 846 2296 eraim
874 2235 951 2296 aliud
980 2237 1052 2297 haec
1078 2236 1166 2321 verba
1187 2245 1296 2300 sonant

101 2316 215 2380 adversus
241 2318 412 2381 haereticos
439 2319 564 2380 emissa:
600 2318 746 2400 Expedite
767 2330 867 2381 autem
886 2321 1124 2400 praescribimus
1146 2323 1295 2385 adulteris
1352 2387 1355 2396 ,

101 2407 208 2474 tostus,
239 2403 328 2466 illurn
357 2421 421 2466 essa
442 2403 577 2483 rapulam
598 2409 753 2474 veritatis,
787 2421 861 2486 puae
883 2409 982 2466 00000
1002 2424 1021 2465 0
1045 2405 1165 2467 Christo
1188 2419 1296 2469 truns-

101 2489 172 2546 0100
198 2505 254 2568 per
287 2491 413 2552 cornices
439 2491 551 2568 ipsius,
585 2489 691 2568 purius
720 2489 874 2569 aliquanto
899 2493 1086 2569 posteriores
1110 2491 1224 2552 diuersi
1244 2496 1298 2554 isti

103 2585 322 2636 0000000100·οε
342 2571 566 2652 prolabuntur.

166 2657 197 2718 ti
215 2658 245 2718 id
265 2655 431 2736 praeterire
451 2675 513 2718 non
533 2675 674 2736 pessum,
697 2657 785 2736 quod,
808 2657 835 2718 si
860 2665 940 2719 recte
961 2676 978 2718 a
999 2657 1128 2720 Pamelio
1152 2659 1295 2722 observa-

102 2745 148 2799 tan
166 2751 215 2814 est,
246 2741 374 2804 01100100
394 2741 507 2802 ridetur
527 2742 685 2814 momenti,
720 2741 932 2804 Tertulhannm
953 2742 1135 2820 Apologetici
1157 2761 1219 2820 cap.
1242 2748 1294 2809 20.

101 2823 127 2882 ad
144 2825 270 2905 eclipsin,
294 2844 371 2904 quae
393 2825 492 2888 Uticae
513 2826 576 2888 visa
597 2835 653 2900 est,
675 2825 804 2887 alludere
824 2825 926 2894 rideri,
949 2825 1028 2903 qnod
1051 2825 1218 2888 distinctius
1241 2847 1294 2888 en·
1389 2891 1391 2896 ,
1422 2807 1425 2816 ’

100 2907 169 2984 plicat
197 2911 225 2972 in
257 2912 337 2973 libro
371 2911 409 2972 ad
430 2911 600 2990 Scapulam,
634 2928 720 2988 quem
748 2911 853 2972 eodem
873 2917 1007 2988 tempore
1029 2910 1090 2970 ruit
1111 2911 1297 2974 Pamelinsa

102 2991 254 3057 Tertulliano
286 2995 411 3056 editum.
454 2995 515 3057 lans
543 3003 641 3056 autem
663 3003 874 3072 contraquam
901 2991 1012 3072 putavit
1044 2993 1191 3056 Pameiius
1223 2997 1296 3058 haec

102 3076 198 3156 eclipsis
222 3099 304 3142 anno
333 3079 415 3142 CCX.
444 3078 576 3158 oonhgit.
618 3078 649 3140 ld
672 3097 707 3138 ex
729 3077 893 3140 rationibus
914 3076 1100 3155 astrologicis
1123 3079 1295 3142 0100οἰ110-

103 3159 180 3224 lmera
197 3166 271 3228 inter
293 3164 501 3226 annotationes
523 3163 668 3226 holstenii
689 3163 726 3224 ad
747 3163 906 3242 Martyrum
928 3161 983 3222 SS.
1005 3161 1166 3242 Perpetnae
1188 3173 1217 3226 et
1237 3165 1296 3228 Te-

105 3241 196 3309 lieitatis
221 3270 237 3311 a
265 3247 409 3312 cardinali
434 3248 594 3310 Barbarion
622 3249 766 3310 laudatus.
808 3247 869 3308 Nec
897 3246 985 3307 medo
1007 3248 1045 3308 ad
1066 3266 1100 3310 ea
1122 3267 1195 3327 quae
1217 3268 1296 3312 anno

107 3327 170 3390 001.
187 3345 262 3412 peta
284 3341 359 3396 sunt
379 3333 479 3396 alludit
493 3332 699 3395 Tertullianus.
744 3331 802 3399 Sed
826 3350 888 3411 cap.
905 3336 934 3394 4.
956 3331 1137 3412 Apologetiai
1154 3334 1295 3396 Severum

105 3414 190 3478 0100
209 3421 267 3481 lato
289 3420 422 3480 aunuum
443 3419 597 3498 designare
611 3417 736 3480 ridetur.
767 3417 885 3492 Nonne,
908 3416 1011 3495 inqrrit,
1033 3422 1214 3482 conserimus
1235 3419 1296 3482 ra-

102 3503 154 3576 pias
173 3502 253 3582 leges,
277 3522 354 3585 puae
381 3513 452 3565 0010
468 3504 579 3566 liberos
595 3506 710 3583 0000000·
723 3513 833 3580 capeat
854 3520 942 3583 0000
957 3500 1055 3564 Iuliae
1069 3508 1297 3568 rnatrimonium

104 3588 227 3660 marnoli,
246 3600 319 3669 post
342 3599 444 3651 aoniae
465 3591 656 3652 auctoritatis
679 3598 856 3650 senectutem
880 3587 948 3648 ieri
961 3587 1092 3650 Severus
1112 3594 1297 3651 conserentis-

104 3669 178 3732 00οε
201 3678 376 3754 principum
403 3670 555 3734 anahaiti
595 3672 640 3732 An
668 3671 712 3733 sio
733 3689 800 3733 eum
822 3679 934 3732 tanturn
957 3671 1225 3733 constantissimum
1247 3672 1295 3733 di-

104 3751 186 3827 xisset,
214 3757 239 3818 si
260 3758 298 3820 de
319 3757 370 3818 iilo
393 3757 487 3818 adhue
506 3755 572 3818 viro
594 3764 624 3818 et
645 3756 807 3834 imperante
828 3754 932 3816 luisset
953 3753 1090 3817 locutus?
1133 3755 1229 3816 Locus
1252 3764 1297 3817 est

105 3853 153 3915 up.
166 3845 202 3912 5,
224 3861 259 3904 ex
280 3861 340 3921 quo
361 3840 440 3904 idern
461 3840 652 3920 iacilepossit
672 3839 786 3920 colligi:
812 3840 934 3912 Quales,
957 3839 1007 3910 ait,
1029 3856 1099 3917 erpo
1123 3838 1200 3919 leges
1221 3843 1296 3902 isiae

106 3939 163 3998 auos
177 3929 318 3989 aduersus
333 3945 390 3988 nos
412 3926 473 3989 seli
486 3936 676 4006 aequantur
692 3928 781 4004 impii,
804 3927 920 3992 iniusti,
943 3935 1057 4002 turpes,
1081 3932 1191 3994 truces,
1214 3929 1294 3996 anui,

108 4003 239 4082 0000100,
273 4030 347 4092 quas
377 4009 525 4072 Traianus
558 4029 597 4072 00
624 4022 714 4088 porte
740 4010 915 4089 frustratus
943 4019 989 4071 est
1022 4008 1151 4070 vetando
1182 4011 1299 4090 anquiri

111 4087 288 4167 Christianos,
310 4115 384 4177 puae
405 4095 510 4158 nuilus
532 4094 718 4164 Hadrianus,
741 4111 910 4175 quanquam
932 4093 1142 4154 aarriositoturn
1164 4097 1296 4156 omniurn

110 4175 271 4252 00100000,
293 4179 399 4242 nulius
418 4178 625 4260 Vespasianus,
648 4195 816 4260 00000000
831 4175 1014 4240 iudaeorum
1025 4175 1200 4253 debellator,
1223 4180 1296 4241 nul-

109 4253 365 4338 100οΡ000011οε
388 4263 518 4328 Severus
539 4261 715 4344 impressit?
757 4261 863 4324 Verum
891 4278 956 4322 cum
978 4259 1009 4319 in
1031 4259 1159 4322 editione
1178 4262 1295 4342 Rigaltii

106 4337 198 4420 hgatm
216 4349 322 4412 nuilus
340 4348 431 4412 Verus
452 4352 552 4428 (0000
572 4348 728 4410 lectionem
749 4346 900 4408 meliorem
922 4361 988 4406 esse
1010 4344 1158 4424 arbitror),
1180 4347 1216 4408 ab
1239 4349 1296 4410 hoe

106 4421 466 4510 immensuratum
486 4433 563 4512 legat
583 4431 738 4504 Pamelius,
762 4430 910 4492 abstinere
930 4427 1038 4492 malim.

173 4513 262 4579 Porro
285 4519 355 4580 baec
376 4526 446 4580 sunt
465 4525 622 4589 momenta,
644 4534 696 4580 our
717 4514 803 4594 paulo
826 4521 892 4575 ante
913 4514 1166 4578 annumCCXVll.
1181 4515 1290 4595 Apolo-

109 4595 212 4670 raum
238 4621 255 4664 a
284 4601 461 4666 Tertulliano
492 4610 640 4686 armatum
673 4601 764 4664 subse
797 4597 969 4662 existimem.
1010 4599 1142 4664 Primum
1163 4598 1242 4666 anim
1263 4599 1295 4662 id
