3020 5230
206 379 211 394 ’
240 385 303 448 636
351 365 560 442 ὐιεεειιητιο
576 379 712 437 nuvium
726 391 765 436 nr
781 391 840 436 rue.
856 390 1098 436 rnuousureaou.
1114 391 1318 436 retrusum

241 557 354 612 certum
383 563 454 607 suae
481 561 598 606 causae.
640 529 742 619 itique
769 547 819 602 ant
848 540 913 620 ipse
935 549 1038 602 auctor
1058 541 1113 604 luit
1134 540 1224 602 huius
1246 543 1458 609 hmshhouia

242 639 292 695 aut
313 629 384 692 vixit
404 628 454 689 illo
477 627 544 708 ipso
568 635 702 706 tempore
723 642 783 702 quo
804 624 883 686 iuter
897 623 1020 684 Latinos
1035 625 1164 704 primum
1179 623 1251 686 exiit
1265 625 1366 687 latina
1382 645 1458 706 qens-

242 717 310 778 dam
330 711 483 774 translatio
506 711 539 772 in
559 727 647 772 usum
669 707 852 778 Latinorum.
894 707 968 768 Nam
990 709 1080 770 reteri
1103 726 1206 780 omnes
1228 707 1334 772 Latini
1359 730 1397 772 ex
1416 712 1459 772 alie

242 797 344 862 codice
372 813 479 874 graeco
507 802 558 856 aut
585 811 621 854 ex
647 791 793 854 luculenta
823 789 1005 870 intelligendi
1034 792 1250 854 cousuetudine
1272 807 1460 856 correxsrmt

242 884 333 946 istum
354 897 498 952 errorem,
522 877 610 940 ctiam
631 875 672 938 illi
694 875 745 953 qui
767 874 867 938 solent
880 873 1094 937 Tertullianum
1114 876 1240 956 propius
1263 896 1281 938 s
1351 877 1358 889 '
1383 880 1413 940 in
1426 881 1460 940 ih

241 966 328 1028 latina
352 963 541 1024 translatione
562 959 721 1021 afferenda.
766 957 877 1019 Omnes
906 957 955 1020 hic
982 958 1097 1038 legtmt:
1134 896 1460 1043 maluissemus

243 1051 302 1112 Cur
330 1047 410 1110 enim
431 1045 631 1107 Tertullianus
659 1041 737 1104 illam
764 1041 902 1120 phrasin:
936 1044 1087 1104 reddente
1113 1046 1174 1104 isat
1200 1063 1279 1106 ceco
1305 1053 1373 1106 tam
1395 1049 1460 1110 [aule

137 1135 139 1140 ’
243 1133 352 1214 patitur
373 1139 404 1191 et
424 1129 489 1191 siue
509 1127 704 1190 haesitatione
725 1123 906 1205 perscribit?
951 1125 1028 1197 Quia
1048 1126 1097 1187 vix
1125 1125 1212 1194 unico
1235 1127 1347 1190 codice
1372 1147 1461 1209 graeca

243 1218 291 1280 ille
318 1214 456 1276 utebatur
483 1212 533 1292 qui
560 1209 784 1272 translationem
811 1208 888 1270 hanc
907 1209 1021 1287 primus
1049 1208 1190 1288 prodidit.
1235 1209 1301 1272 Cur
1324 1231 1402 1274 vero
1421 1234 1461 1275 uer

242 1298 378 1382 pluribus
399 1296 550 1359 codicibus
572 1311 645 1357 usus
668 1302 729 1366 est,
761 1309 817 1353 nec
837 1291 1012 1372 peritiorum
1041 1293 1193 1354 hominum
1216 1299 1462 1359 consuetudinem

243 1387 274 1448 in
295 1381 452 1445 consilium
474 1379 607 1442 adhibuit
627 1373 850 1438 Tertullianus?
895 1375 972 1447 Quia
993 1377 1091 1437 latinis
1118 1377 1202 1439 libris
1226 1377 1353 1440 solebat
1377 1401 1462 1460 parm

244 1467 447 1530 auctoritatem
469 1463 601 1526 tribuere
622 1480 657 1524 ae
677 1460 806 1540 graecis:
828 1459 919 1520 immo
942 1461 1095 1522 maiorem.
1125 1461 1176 1521 ille
1197 1479 1272 1522 vero
1298 1462 1387 1524 idem
1403 1466 1461 1526 Ter·

244 1551 382 1616 tubianus
404 1549 490 1610 affert
512 1546 599 1608 etiarn
621 1543 746 1625 capitula
769 1561 805 1604 ex
826 1539 910 1612 libris
932 1543 1035 1617 sacris,
1059 1562 1134 1623 quae
1149 1544 1185 1618 ab
1200 1545 1283 1623 ipso,
1307 1547 1413 1626 primo
1433 1551 1463 1609 rei

244 1653 338 1697 novae
360 1640 490 1702 auctore,
513 1631 633 1691 fuerunt
654 1627 761 1708 glossis
784 1634 815 1688 et
835 1626 991 1688 sententiis
1013 1627 1121 1689 additis
1143 1637 1244 1700 auctm
1266 1628 1331 1690 has
1357 1633 1463 1693 sssdm

128 1721 131 1730 '
245 1717 428 1790 sententias,
465 1714 521 1775 etsi
549 1721 666 1792 praeter
695 1711 826 1771 omnium
855 1729 1030 1788 graecorum
1055 1711 1200 1774 librorum
1222 1713 1369 1790 regulam
1393 1727 1463 1796 atqm

246 1801 449 1865 auctoritatem
479 1797 609 1870 additas,
633 1795 680 1857 alii
708 1793 793 1856 multi
821 1793 917 1856 Latini
948 1795 1046 1856 solent
1066 1814 1157 1874 porro
1180 1803 1368 1859 constanter
1390 1819 1461 1878 repa-

246 1896 326 1959 tere;
348 1885 422 1945 adeo
445 1881 596 1944 confidunt
616 1879 708 1940 latino
730 1875 836 1950 codici,
860 1877 933 1940 adeo
957 1897 991 1940 ex
1015 1897 1073 1939 uuo
1096 1878 1145 1940 illo
1168 1879 1286 1954 codice,
1313 1900 1380 1960 quo
1404 1884 1462 1944 Ter·

244 1969 382 2034 ttulianus
411 1983 485 2027 usus
513 1963 582 2037 urit,
615 1961 763 2024 derivatur
784 1961 815 2023 in
838 1969 955 2022 ceteros
978 1963 1096 2024 codices
1118 1963 1246 2038 latinos,
1282 1971 1321 2026 ut
1343 1965 1462 2028 dubitare

244 2071 307 2116 nou
326 2051 495 2133 possimus,
528 2047 644 2128 praeire
666 2045 880 2108 Tertullianum
902 2044 1009 2108 latinae
1037 2047 1239 2109 translationis
1263 2049 1371 2126 prima
1395 2053 1462 2112 md-

245 2145 354 2198 menta.

805 2349 834 2422 s.
857 2345 907 2406 rx.

331 2484 495 2562 Supersunt
515 2481 604 2560 igitur
624 2481 721 2542 variae
742 2499 837 2542 novae
858 2481 975 2560 glossae
997 2489 1083 2561 atque
1099 2483 1386 2562 interpretationes,
1408 2509 1465 2569 qus

244 2588 312 2632 rum
333 2568 499 2648 primuset
520 2566 602 2628 solus
625 2573 730 2626 auctor
751 2572 848 2626 certus
872 2575 919 2628 cst
938 2565 986 2626 ille
1009 2565 1225 2643 Tertullianus;
1248 2569 1309 2632 has
1334 2591 1411 2634 rero
1431 2575 1465 2634 iu·

246 2651 456 2732 terp'olationes
485 2669 551 2711 cum
580 2649 671 2710 ceteri
699 2649 860 2728 scriptores
888 2649 980 2722 latini,
1009 2657 1042 2711 ut
1070 2651 1209 2726 diximus,
1239 2663 1423 2718 constanter
1446 2661 1467 2718 n

244 2736 342 2799 latinis
369 2735 454 2797 libris
476 2735 632 2807 retineant,
656 2739 769 2794 eertum
792 2740 839 2794 est
852 2731 976 2794 Latinos
999 2752 1157 2813 numquam
1179 2735 1210 2796 in
1233 2740 1407 2802 eonsilium
1427 2743 1465 2802 ad·

244 2821 379 2884 hibuisse
407 2819 499 2880 libros
529 2835 668 2896 graecos3
696 2817 769 2878 adeo
799 2816 935 2878 solebant
961 2817 1049 2878 lidern
1077 2818 1203 2880 maxime
1233 2819 1353 2885 habere
1384 2826 1465 2886 latiu'a

244 2905 346 2978 libris3
369 2921 443 2982 quae
465 2902 584 2982 qtridem
606 2901 790 2962 consuetudo
813 2900 929 2962 videtur
954 2919 1014 2962 non
1037 2901 1164 2963 obscure
1185 2903 1240 2964 uiti
1263 2904 1317 2968 iha
1343 2917 1408 2970 tam
1428 2930 1466 2970 re·

246 2995 323 3050 tusta
345 2987 542 3058 accusatione,
565 3004 652 3065 quam
667 2984 867 3046 Tertullianus
889 2984 1002 3064 primus
1024 2986 1157 3064 praeiut,
1174 2986 1366 3052 Graecortun
1391 2995 1468 3054 hirrus

244 3071 424 3134 adulteratos
456 3071 548 3132 inisse
571 3069 607 3130 ab
629 3067 785 3130 haereticis
807 3067 865 3128 illis
889 3070 1014 3147 graecis,
1037 3069 1189 3148 gnosticis.
1233 3071 1270 3134 ln
1295 3077 1410 3138 eodem
1431 3079 1468 3138 ihs

244 3157 320 3218 libro
350 3157 387 3217 de
414 3154 507 3216 Carne
536 3153 645 3216 Christi
673 3151 761 3232 paulo
792 3161 859 3214 ante
887 3153 938 3214 illo
968 3153 1056 3214 verba
1086 3173 1121 3216 ex
1157 3157 1305 3235 evangelii
1336 3160 1467 3222 iohannis

246 3260 310 3318 cap.
335 3243 381 3302 l.¹
404 3239 601 3302 Tertuhianus
625 3237 732 3299 excitat
753 3237 817 3298 loh.
834 3236 883 3310 lll,
908 3240 948 3310 6.,
971 3237 1026 3298 liae
1047 3237 1175 3300 ratione:
1199 3243 1279 3320 quod
1304 3257 1419 3308 notum
1438 3260 1468 3306 ot

246 3342 285 3388 ec
317 3340 416 3394 corne,
448 3342 519 3385 cero
548 3334 594 3385 cst
624 3320 708 3404 (quio
730 3331 768 3384 etc
790 3339 882 3382 corne
904 3332 1009 3383 tratrem
1031 3325 1109 3396 est),·
1143 3333 1171 3385 st
1199 3325 1281 3404 quod
1307 3329 1345 3390 de
1370 3335 1468 3409 spria'n

245 3417 351 3468 satum
373 3418 428 3480 est,
450 3411 579 3486 spiritus
601 3419 646 3468 cst
668 3405 844 3486 (poraneus
861 3404 996 3486 Spiritus
1018 3417 1078 3477 est,
1102 3419 1131 3470 et
1153 3407 1265 3470 cheo
1289 3425 1393 3474 natus
1416 3425 1467 3476 cst„

245 3490 326 3551 idem
347 3488 435 3567 paulo
457 3498 527 3567 post
547 3489 592 3550 sic
612 3490 734 3568 repetit:
761 3491 815 3565 ito,
840 3494 990 3568 cumipse
1011 3494 1052 3553 sit
1074 3491 1109 3552 de
1131 3495 1245 3570 spiritu
1268 3493 1342 3571 Dei,
1368 3510 1400 3558 et
1421 3499 1468 3576 spi

246 3574 431 3654 ra'tuoDeus
454 3583 515 3635 est:
538 3591 578 3634 en·
593 3572 655 3634 Deo
677 3584 769 3634 nctus
791 3577 855 3653 epse
876 3584 930 3646 cst,
954 3584 982 3636 ct
1003 3592 1041 3636 ecc
1064 3593 1155 3636 corne
1177 3575 1313 3640 iomhu's
1339 3580 1430 3643 homo
1449 3601 1468 3640 u

247 3677 338 3720 corne
358 3669 529 3738 generatus.
573 3657 653 3718 llaec
676 3656 719 3718 sic
736 3655 950 3730 Tertullianus3
973 3657 1025 3718 sed
1048 3658 1122 3720 istae
1143 3667 1255 3736 partes,
1280 3680 1362 3740 quas
1388 3666 1467 3726 indu

246 3741 354 3816 dimus,
376 3742 407 3802 iu
429 3760 534 3819 graeco
557 3741 638 3803 nullo
659 3741 736 3802 libro
754 3759 883 3819 anuum
897 3741 1021 3820 reperiri
1036 3749 1214 3819 putruerunt3
1235 3744 1343 3826 itaque
1360 3749 1468 3810 drrlrirm

245 3844 307 3888 uon
330 3835 387 3898 est,
409 3825 506 3886 saltim
527 3825 553 3887 si
574 3825 642 3905 quis
662 3826 752 3887 huius
775 3825 930 3904 scriptoris
952 3825 1101 3905 ingenium
1123 3826 1251 3901 noverit,
1276 3830 1365 3893 haec
1389 3833 1469 3893 addita

246 3911 375 3972 luisses
399 3909 591 3972 Tertulliano.
625 3908 685 3970 lam
708 3915 781 3970 'vero
805 3907 913 3971 mirum
935 3917 990 3984 est,
1013 3911 1090 3971 hauc
1110 3910 1239 3989 glossam
1264 3913 1468 3992 similiterlep

246 3995 277 4056 in
299 3995 400 4057 codice
421 3993 542 4074 antiquo
558 3991 747 4054 Corbeiensi:
770 3994 849 4074 quod
870 4004 976 4056 notum
997 4007 1043 4058 est
1065 3995 1099 4056 de
1115 4013 1214 4070 corae,
1238 4015 1319 4062 coro
1338 4016 1389 4065 est
1405 4005 1470 4084 (quir

246 4081 281 4142 de
304 4099 395 4141 corne
417 4091 523 4142 netum
545 4082 620 4156 est)‚·
643 4087 673 4138 et
694 4079 773 4158 quod
794 4089 899 4140 notum
921 4091 965 4141 est
987 4079 1022 4140 dc
1035 4082 1157 4157 spiritu,
1181 4081 1318 4158 spiritus
1337 4101 1390 4149 est
1406 4091 1471 4166 (part
1493 4139 1494 4146 ,

246 4163 281 4224 de
302 4167 415 4243 spiritu
437 4169 503 4240 est).
534 4162 585 4222 Sic
605 4159 653 4223 alii
665 4161 809 4234 excitant3
829 4160 979 4222 Calmetus
994 4180 1065 4222 vero
1082 4162 1126 4224 sic
1141 4163 1261 4241 repetiit
1275 4164 1361 4228 hanc
1377 4171 1470 4230 lectis

245 4263 330 4305 nem:
353 4251 423 4327 quio
437 4247 519 4309 Deua
541 4249 670 4327 spiritus
693 4255 748 4306 cst.
791 4243 948 4324 Armotavit
970 4245 1058 4306 etiam
1073 4245 1179 4308 llihius
1201 4246 1247 4308 sic
1269 4247 1352 4312 haee
1375 4253 1471 4334 tegite

246 4328 454 4406 antiquissimo
474 4330 566 4392 latino
589 4329 690 4392 codice
711 4327 907 4392 bibliothecae
920 4329 1114 4407 bodleianae3
1136 4330 1176 4390 ita
1198 4337 1228 4392 et
1250 4331 1473 4400 inl'srceheus

281 4525 300 4588 ²:
319 4510 375 4588 Seil3
389 4513 550 4566 deberentur
561 4525 610 4577 ω,-
628 4518 657 4567 de
668 4531 714 4581 qua
724 4516 827 4567 lectione
879 4516 1028 4568 lnthentieis
1046 4517 1071 4568 S.
1082 4517 1107 4568 S.
1127 4517 1190 4582 apud
1209 4517 1269 4568 S.S.
1286 4519 1474 4576 reinsertus

224 4641 227 4650 ,
247 4591 416 4642 copiosissime
434 4581 588 4644 egithnsaldi
607 4584 676 4635 libris
690 4584 785 4634 duobus
800 4584 830 4634 de
882 4583 960 4634 uibus.
