3092 5234
261 353 325 420 586
346 373 385 416 BR
398 373 473 416 abab
486 371 600 416 AETATE
614 371 650 414 ΔΘ
665 369 812 414 notram
826 369 1011 416 matarum
1023 369 1219 415 subustum
1233 369 1413 414 otsrmaxto
1525 387 1526 448 p

262 519 389 600 antae
409 537 515 584 mens
543 520 693 599 mantuus
715 518 804 582 ceos
825 519 970 582 emona
995 519 1129 582 mear
1151 520 1341 582 omnm
1362 519 1487 582 resu-
1525 493 1526 500 ‘

261 603 340 666 lieno
361 604 551 682 praebuisse,
585 611 618 664 ut
639 603 704 664 eius
726 603 908 664 mentionem
930 604 1056 677 Iaceret,
1093 621 1197 684 parum
1217 604 1336 666 videtur
1356 623 1376 665 a
1399 604 1488 666 esiti-

261 687 367 832 mee
385 686 492 750 abesse
514 689 544 748 id
566 687 646 766 quod
668 687 813 761 diximus,
845 685 953 749 librum
982 687 1019 749 de
1041 685 1132 748 Pallio
1161 688 1198 748 ad
1220 706 1246 750 a.
1269 687 1398 749 CCVIII.
1421 707 1487 766 per-

662 901 670 916 ’
786 940 816 1013 §-
840 936 955 998 xxxu.

344 1051 469 1116 Ultimus
492 1053 568 1114 liber
588 1053 677 1114 huius
700 1041 817 1132 generis
841 1059 870 1114 et
891 1054 953 1114 lere
976 1052 1064 1114 credo
1089 1053 1221 1114 emulum
1243 1051 1428 1112 Tertulliani
1451 1065 1489 1113 est

259 1135 303 1211 is,
336 1155 424 1216 quem
453 1136 573 1216 scrIpsit
600 1137 635 1198 ad
664 1137 835 1216 Scapulam,
867 1137 980 1197 diuisae
1007 1137 1193 1216 praesidem,
1229 1135 1314 1197 cuius
1345 1136 1489 1197 adversus

260 1219 446 1282 Christianos
464 1220 627 1290 ,crudelitas
650 1221 715 1281 sine
737 1219 825 1282 dubio
848 1228 916 1298 post
939 1219 1041 1282 Severi
1070 1220 1256 1299 imperatoris
1279 1219 1419 1281 edictum
1443 1240 1489 1280 ex-

260 1303 328 1364 titit.
372 1303 439 1364 Fuit
461 1306 538 1365 enim
560 1303 744 1376 Hilarianus,
778 1304 861 1364 cuius
889 1304 920 1364 in
948 1312 1053 1365 nostro
1080 1303 1179 1366 libello
1200 1304 1393 1364 mentionem
1418 1303 1489 1364 Ter-

259 1387 399 1448 tullianus
422 1387 524 1460 iniicit,
553 1388 664 1449 diricae
686 1404 808 1466 praeses
831 1405 867 1448 eo
891 1395 1035 1466 tempore,
1058 1405 1118 1467 quo
1133 1387 1268 1448 Felicitas
1291 1405 1328 1447 ae
1342 1387 1490 1466 Perpetua

260 1489 327 1532 cum
349 1471 438 1532 sociis
461 1471 523 1532 suis
545 1471 634 1531 morti
656 1470 780 1531 traditae
802 1475 887 1542 sunt,
921 1490 1008 1550 quam
1035 1479 1105 1550 post
1132 1471 1213 1549 leges
1236 1489 1251 1530 a
1275 1467 1396 1531 Severo
1421 1471 1489 1532 latas

261 1553 404 1616 accidisse
427 1573 531 1615 omnes
555 1553 741 1615 confitentur.
784 1554 878 1632 Atque
900 1573 935 1614 ex
958 1554 994 1616 iIs
1016 1554 1102 1633 ipsis,
1126 1553 1232 1634 quibus
1255 1553 1424 1632 Scapulam
1447 1575 1489 1614 ar·
1525 1565 1526 1576 ¹

182 1709 187 1719 Ι
262 1637 325 1717 guil
346 1655 478 1698 summae
501 1637 673 1710 Iniustitiae,
698 1636 868 1698 existimans
891 1643 928 1712 (c.
945 1641 988 1713 4.)
1009 1642 1147 1718 potuisse
1169 1657 1236 1699 eum
1258 1637 1368 1717 officio
1396 1643 1490 1699 iuris-

261 1723 400 1782 dictionis
424 1740 497 1783 suae
517 1723 608 1800 saepi
628 1733 657 1783 et
679 1721 874 1782 humanitatis
898 1733 996 1783 tamea
1017 1726 1200 1792 meminisse,
1235 1739 1301 1782 cum
1323 1721 1413 1782 nihil
1434 1743 1489 1782 esv-

256 1805 342 1886 plies
365 1807 540 1876 mundetur,
572 1824 661 1887 pacm
682 1815 821 1866 nocentes
847 1806 1001 1886 confessos
1024 1807 1186 1876 domuere,
1219 1815 1368 1883 repentes
1394 1819 1490 1867 cates

262 1887 303 1950 ed
324 1899 475 1950 tormenta
496 1907 648 1960 revocare,
672 1907 707 1948 ex
729 1887 765 1948 iis
787 1886 895 1961 verbis,
925 1889 1054 1968 inquam,
1076 1887 1154 1950 baud
1178 1889 1303 1949 obscure
1328 1889 1489 1969 colligitur.

260 1978 323 2032 tum
354 1971 485 2033 extitisse
513 1972 593 2051 leges
622 1972 762 2051 quasdam
786 1972 887 2032 Severi
910 1971 1085 2034 Chrisdanis
1114 1971 1258 2034 inimIcas.
1303 1971 1393 2033 Istae
1418 1977 1489 2034 enim

260 2064 436 2133 antequam
459 2055 536 2118 edita
559 2065 642 2116 erant
664 2054 875 2134 praesidesque
897 2056 1022 2134 agebant
1050 2073 1152 2117 earum
1180 2055 1332 2120 dumtaxat
1356 2059 1488 2118 auctori-

259 2145 335 2206 tate,
357 2139 464 2216 quibus
488 2138 558 2199 olim
580 2139 773 2217 imperatores
796 2139 1012 2217 exagitaverant
1033 2139 1232 2211 Christianos,
1261 2139 1415 2201 adversus
1439 2143 1489 2200 sin
1525 2201 1526 2220 ,

261 2239 362 2281 earum
394 2221 592 2282 Tertullianus
624 2221 813 2282 vehementer
844 2222 874 2282 in
905 2222 1095 2301 Apologetico
1129 2223 1266 2303 disputat.
1317 2223 1407 2286 Leve
1441 2227 1489 2285 hor
1525 2239 1526 2304 3

261 2303 379 2382 quidem
399 2304 562 2376 videbitur,
591 2323 687 2383 oeque
707 2306 830 2385 proprio
853 2307 980 2384 quodam
1002 2315 1175 2386 argumento
1198 2315 1315 2386 egeret,
1348 2308 1416 2369 nisi
1439 2309 1490 2369 Pa·

240 2387 394 2468 melius*
416 2407 442 2448 a.
459 2387 565 2449 CXCV.
588 2384 667 2450 huno
688 2389 795 2450 librum
818 2389 1030 2468 adsignandum
1053 2399 1201 2470 putasset3
1225 2391 1275 2469 qui
1298 2409 1396 2470 quam
1422 2393 1489 2453 Ieri-

248 2477 308 2536 .ter
329 2470 532 2551 disputaverit,
556 2473 621 2551 ipsa
643 2472 731 2534 verba
754 2472 871 2544 docent,
894 2472 1001 2552 quibus
1023 2493 1056 2534 se
1079 2476 1120 2536 ait
1140 2474 1292 2536 inductum
1308 2483 1347 2536 ut
1361 2477 1408 2536 ita
1425 2496 1488 2537 sen·
1525 2469 1526 2530 Ῡ

260 2553 339 2625 tiret,
363 2554 529 2633 siquidem
552 2556 750 2618 Tertullianus
773 2563 803 2616 et
822 2555 994 2619 Albicianos
1016 2557 1182 2618 numeravit
1202 2557 1232 2618 in
1255 2557 1406 2621 hostibus
1438 2563 1488 2621 im·

260 2638 405 2716 peratoris
428 2641 503 2717 (cap.
526 2643 556 2703 I.
579 2658 608 2718 p.
633 2643 684 2705 85.
706 2638 765 2716 It).
808 2639 869 2701 Iam
892 2641 918 2700 si
940 2659 1042 2702 vemnr
1071 2641 1184 2714 estid,
1217 2641 1270 2701 has
1294 2643 1488 2709 calamitates.

261 2720 367 2800 quibus
383 2722 506 2803 Scapula
522 2723 706 2784 Christianos
729 2723 890 2784 insectatus
913 2732 968 2797 est,
991 2725 1175 2804 posteriores
1197 2737 1269 2785 esse
1283 2725 1395 2787 Severi
1421 2729 1488 2807 lege.

259 2822 321 2866 non
349 2807 449 2866 miuus
478 2825 512 2868 ea
540 2807 742 2885 intelliguntur
769 2815 911 2886 regnante
939 2808 1057 2888 quidem
1081 2810 1190 2870 Severo
1221 2826 1280 2869 non
1310 2811 1487 2890 contigisse.
1524 2851 1525 2874 t

261 2888 339 2966 quod
362 2897 458 2950 tamen
480 2889 565 2950 video
587 2890 735 2970 placuisse
757 2889 942 2970 quibusdam.
986 2891 1060 2952 Nam
1082 2892 1112 2952 io
1135 2911 1170 2954 eo
1193 2891 1300 2966 tueor,
1335 2893 1391 2954 rubi
1418 2895 1487 2956 Ter-

260 2971 398 3035 tullianus
432 2974 575 3035 Severum
612 2973 684 3035 dicit
715 2985 837 3054 patrem
871 2976 1019 3037 Atstouirvi
1052 2975 1297 3038 Christianorum
1322 2995 1488 3040 memorem

259 3055 365 3134 scisse,
389 3061 544 3136 ipsumque
566 3057 760 3132 detortitium,
786 3058 860 3120 lecte
889 3059 1055 3122 christiano
1079 3061 1238 3122 educatum
1258 3063 1387 3121 uouisse
1414 3063 1487 3122 Pro

260 3139 376 3209 culam,
411 3139 488 3226 dicat
513 3140 585 3201 mihi
614 3141 698 3219 quis,
731 3159 784 3200 eur
806 3141 947 3202 Severum
974 3151 1089 3220 patrem
1111 3143 1251 3203 Antonini
1280 3143 1486 3222 appellaverit

259 3221 340 3298 quod
362 3222 397 3281 ad
420 3240 483 3282 rem
506 3241 578 3284 sane
600 3243 661 3285 non
683 3224 860 3303 pertinebat,
882 3233 931 3285 aut
953 3244 1006 3286 cuv
1026 3225 1124 3304 ipsum
1138 3225 1318 3286 Antoninum
1343 3228 1383 3289 ad
1400 3231 1486 3289 testi-

258 3303 392 3365 monium
415 3304 555 3376 citaverit,
578 3307 635 3368 nisi
657 3308 730 3368 haec
751 3309 809 3368 hoc
830 3316 971 3386 regnante
993 3309 1102 3388 scripta
1125 3309 1195 3370 siut.
1229 3309 1331 3388 Neque
1356 3330 1436 3372 vero
1459 3333 1485 3372 ea

260 3384 297 3446 de
319 3405 353 3447 re
375 3388 566 3450 dubitandum
589 3398 634 3452 est
654 3399 824 3469 propterea,
854 3393 932 3470 quod
954 3393 1052 3453 nullos
1075 3392 1312 3454 Christianorum
1336 3397 1485 3456 euaristus

259 3469 315 3531 sub
338 3469 484 3533 Caracallo
506 3475 671 3552 reperimus
693 3474 728 3535 ab
752 3475 816 3535 aliis
840 3473 1035 3555 scriptoribus
1056 3476 1191 3547 traditos,
1219 3485 1270 3536 aut
1291 3477 1376 3556 quod
1401 3483 1486 3540 etiam

259 3551 280 3614 ii
303 3553 441 3616 Caracalli
462 3565 596 3636 tempore
617 3565 747 3635 possunt
769 3577 837 3619 esse
859 3560 1051 3638 posteriores.
1096 3558 1223 3633 Etenim,
1251 3561 1330 3638 quod
1356 3561 1411 3624 isti
1436 3585 1486 3623 ne-

258 3637 332 3699 mini
354 3639 402 3699 alii
424 3641 646 3702 commemorati
669 3640 747 3714 sint,
781 3641 845 3702 eius
876 3651 922 3704 est
948 3642 1136 3704 hauddubie
1165 3645 1239 3718 ratio
1262 3643 1360 3722 aliqua
1382 3645 1419 3707 in
1445 3667 1486 3710 eo.

257 3724 337 3800 quod
360 3721 400 3782 illi
422 3741 477 3784 nec
505 3724 555 3784 diu
583 3741 638 3785 nec
667 3723 725 3785 nisi
753 3724 784 3786 iu
805 3725 902 3786 dirica
925 3725 1082 3787 extiterint
1126 3727 1258 3806 Nanrqne
1281 3727 1487 3791 Tertullianus

256 3821 337 3867 nunc
368 3806 487 3884 quidem
516 3827 531 3867 a
559 3807 696 3885 praeside
722 3808 848 3886 legionis
877 3817 907 3870 et
928 3809 1117 3872 Mauritaniae
1139 3809 1210 3871 dicit
1230 3811 1373 3874 familiam
1398 3815 1485 3874 (liiii-

256 3888 421 3950 stianoram
443 3891 609 3969 impugnari
630 3891 841 3970 Scapulamque
862 3893 947 3969 petit,
970 3901 1003 3954 ut
1023 3894 1118 3954 saltim
1135 3893 1301 3974 Carthagini
1325 3907 1439 3974 parcat
1460 3909 1485 3956 et

256 3973 436 4051 proviaciae,
458 3975 593 4053 dariique
621 3975 760 4036 Antonini
794 3973 960 4055 exemplum
995 3977 1140 4050 imitetur,
1177 3977 1226 4056 qui
1254 3977 1285 4038 iu
1312 3979 1385 4040 Asia
1418 3981 1485 4040 olim

258 4055 443 4119 Christianos
466 4066 622 4120 avocasset
641 4059 741 4137 potius
764 4077 781 4120 a
803 4059 998 4135 cruciatibus,
1031 4079 1118 4140 quam
1141 4061 1176 4121 ad
1198 4059 1342 4140 supplicia
1366 4075 1485 4142 pertra-

255 4137 359 4200 xisset.
402 4141 461 4202 Eos
484 4150 581 4203 autem
603 4160 659 4203 neu
679 4143 774 4204 luisse
796 4143 933 4204 Caracalli
963 4152 1097 4224 tempore
1118 4144 1303 4224 posteriores
1325 4163 1365 4206 eo
1389 4149 1485 4208 ellici·

256 4227 315 4295 tur,
339 4224 418 4301 quod
440 4225 660 4306 Hieronymus·
681 4225 895 4288 Tertullianum
925 4227 1001 4289 ultra
1021 4227 1163 4289 hutonIni
1193 4236 1326 4307 tempora
1349 4247 1419 4291 non
1443 4233 1485 4292 vi·

256 4304 337 4366 xisse
358 4306 444 4382 dicat,
466 4309 562 4372 nubae
585 4317 737 4391 praeterea
759 4329 854 4392 usque
876 4312 912 4372 ad
933 4311 1218 4382 Ileciumadversus
1241 4311 1340 4374 omnis
1364 4315 1486 4392 generis

290 4488 312 4523 x.
331 4475 358 4523 In
376 4475 425 4525 Vita
444 4478 585 4528 Tertulliani
603 4495 627 4544 p.
648 4479 687 4530 ts.
698 4480 725 4529 C.
928 4493 948 4529 s.
967 4479 1002 4528 Ile
1018 4478 1079 4532 Viris
1092 4480 1230 4532 illustribus
1248 4479 1319 4531 cll.
1338 4481 1486 4534 cassans.

290 4555 312 4604 p.
331 4541 365 4594 Ile
384 4543 459 4594 Pallio
478 4561 499 4595 c.
517 4546 542 4596 4.
559 4561 584 4610 p.
604 4546 679 4596 stc.
892 4561 916 4612 p.
940 4545 997 4596 126.
