3092 5234
449 373 584 416 lucrose
605 373 647 415 ro.
670 371 737 415 uos.
760 372 924 426 nossssur.
1230 359 1294 426 580

71 524 135 586 iure
149 519 283 585 ostasium
297 521 404 598 ceteris
427 522 527 601 negari
549 521 674 595 debere3
690 521 770 602 quod
791 521 924 584 ostendit
935 523 1068 601 molesto
1082 525 1292 592 Tertullianum

73 617 132 669 tum
154 625 190 667 ex
209 605 258 667 illa
280 605 422 668 societate
444 623 527 668 secra
549 606 654 678 luisse,
682 625 758 686 quae
786 607 901 668 nullum
922 606 1000 668 diem
1021 606 1136 685 publica
1156 620 1187 672 et
1207 629 1291 674 com-

72 690 150 753 muni
172 689 350 751 abstinentia
372 707 387 750 a
410 689 477 750 cibo
500 689 666 750 celebrabat
687 699 804 770 praeter
826 709 904 762 oum,
927 689 1135 769 quoChrisurs
1157 705 1291 758 monuus

70 781 148 847 erat3
169 791 237 834 narn
260 773 324 835 dies
346 772 479 834 Paschae
500 781 546 834 est
568 773 603 844 is,
626 773 676 852 qui
699 783 763 836 erat
783 774 943 836 memoriae
964 774 1031 835 lesu
1048 774 1194 837 interemti
1216 795 1290 838 con-

70 856 235 919 secratus*
286 856 444 918 Enimvero
466 856 625 918 Christiani
653 865 770 919 ueteres
792 857 964 920 Tertulliani
985 865 1120 938 ternpore
1145 877 1207 922 non
1234 863 1291 924 nisi

68 943 148 1004 hunc
167 940 246 1004 diem
268 941 464 1002 communiter
485 940 582 1002 inedia
604 941 791 1002 celebrabant
811 950 979 1021 propterea,
1002 941 1082 1020 quod
1102 951 1164 1004 urm
1176 943 1291 1007 aiebant

68 1043 214 1104 sponsum
241 1025 336 1086 luisse
363 1025 508 1097 ablatum3
536 1033 568 1086 et
593 1033 691 1086 tamen
721 1024 917 1087 Tertullianus
946 1025 977 1085 in
1004 1025 1081 1086 libro
1109 1027 1146 1086 dc
1170 1027 1290 1090 ieiuniis

67 1115 104 1181 (c.
128 1112 184 1183 2.),
207 1109 256 1188 qui
279 1117 326 1170 est
345 1108 423 1170 baud
446 1108 580 1170 dubios
607 1127 731 1170 numum
753 1109 1026 1171 llontanisticorum
1048 1127 1182 1182 suorum,
1211 1111 1288 1172 mul-

67 1203 129 1254 tum
152 1193 300 1270 vituperat
320 1193 395 1254 hanc
416 1192 661 1254 consuetudinem
682 1209 774 1254 unum
796 1194 876 1256 hunc
896 1193 976 1254 diem
997 1193 1145 1254 communi
1160 1193 1289 1254 ieiunio·

65 1295 134 1338 rum
151 1276 295 1355 religione
324 1275 501 1350 celebrandi,
530 1285 634 1356 estque
657 1277 729 1338 satis
752 1277 871 1350 clarum,
893 1276 1085 1338 llontanistas
1098 1276 1200 1356 plnres
1216 1278 1289 1342 alios

66 1361 131 1421 dies
168 1360 327 1423 ieiunando
355 1369 472 1439 praeter
497 1361 574 1422 diem
602 1360 713 1422 Christi
745 1360 937 1422 emorurolern
974 1361 1153 1422 celebrasse.
1208 1362 1291 1430 Unde

66 1444 182 1505 elicitur
203 1444 290 1506 illud:
313 1443 537 1518 Tertullianum,
560 1463 625 1504 cum
649 1445 728 1504 hunc
748 1445 938 1516 desoratione
957 1444 1065 1507 librum
1087 1455 1291 1524 componeret,

65 1528 200 1590 nondum
223 1529 252 1588 in
274 1536 374 1606 partes
396 1529 641 1589 llontanistarum
663 1529 837 1590 secessisse.
888 1529 975 1600 Quod
1004 1546 1082 1589 noro
1112 1536 1212 1606 potest
1239 1549 1289 1592 ar·

66 1621 205 1690 pumento
229 1611 317 1672 drucio
341 1629 375 1671 ex
397 1620 523 1690 utroque
545 1611 643 1672 libello
666 1612 843 1684 confirmari,
866 1630 992 1690 quorum
1014 1611 1039 1673 si
1061 1612 1128 1690 quis
1146 1613 1210 1674 loca
1232 1614 1290 1675 elio

66 1704 168 1774 potest
188 1695 278 1756 modo
300 1695 331 1754 in
354 1695 541 1756 concordiam
569 1695 704 1774 redigere
732 1713 819 1774 quarn
846 1714 892 1768 eo,
920 1711 1008 1773 quem
1038 1696 1175 1768 diximus,
1202 1697 1290 1758 ducto

66 1799 82 1840 a
106 1779 221 1840 diverse
234 1778 406 1840 Tertulliani
429 1779 582 1858 disciplina
607 1787 738 1858 tempore
761 1779 915 1856 utriusque
929 1779 1090 1857 conscripti
1105 1779 1204 1852 libelli,
1223 1799 1290 1842 eum

66 1863 232 1923 audiemus.
275 1861 347 1923 Nam
369 1880 436 1923 curo
458 1863 488 1922 in
511 1881 547 1923 eo
570 1863 606 1924 de
629 1863 770 1924 Oratione
792 1867 830 1936 (c.
853 1866 917 1938 25.)
940 1863 1144 1924 descendisset
1163 1865 1200 1925 ad
1223 1865 1288 1926 dis-

65 1946 249 2024 putationem
278 1947 315 2008 de
343 1954 477 2025 tempore
498 1963 618 2025 precum
640 1947 702 2006 lleo
726 1946 953 2018 offerendarum,
982 1946 1095 2007 bonum
1117 1947 1146 2007 id
1169 1948 1289 2026 quidem

66 2049 146 2098 esse,
182 2030 286 2108 inquit,
318 2030 459 2109 quasdam
487 2038 583 2091 certas
612 2039 642 2090 et
666 2031 738 2092 lixas
760 2030 843 2108 quasi
866 2031 956 2090 horas
978 2029 1114 2107 precibus
1137 2030 1289 2106 destinari,

64 2114 182 2174 tertiam
206 2114 318 2175 scilicet
338 2121 368 2174 et
389 2121 501 2175 sextam
524 2121 554 2174 et
575 2131 683 2174 nonum
711 2114 748 2174 ab
768 2113 920 2191 Apostolis
947 2130 1065 2192 quoque
1087 2114 1289 2188 observatam

64 2199 118 2258 sed
141 2197 171 2258 id
193 2199 309 2275 quidem
331 2198 405 2270 lieri,
438 2197 547 2270 adiicit,
574 2201 640 2259 sine
668 2197 764 2259 sellim
793 2199 1014 2260 observationis
1030 2209 1202 2278 praecepto,
1232 2215 1288 2258 ne·

64 2299 123 2359 que
146 2282 210 2359 lege
232 2289 403 2361 praeceptas
427 2299 494 2341 esse
516 2281 588 2341 alias
610 2290 728 2360 praeter
758 2281 903 2361 lepitimm
934 2287 1088 2344 orationes
1106 2282 1147 2360 h.
1171 2301 1198 2342 e.
1227 2298 1288 2354 eas,

63 2383 140 2443 quse
178 2365 233 2426 suh
270 2373 337 2426 ortu
369 2365 444 2426 lucis
477 2365 630 2442 noctisque
658 2365 900 2443 pronunciantur.
945 2365 982 2426 Et
1004 2384 1028 2426 c.
1052 2367 1104 2429 23.
1127 2376 1216 2425 cutm
1245 2363 1289 2425 lis

63 2450 266 2528 temporibus,
303 2449 413 2526 inquit,
452 2453 601 2511 orationis
635 2449 713 2510 nibil
741 2455 861 2511 omuino
887 2455 1115 2528 praesumptum
1144 2459 1199 2517 est,
1229 2453 1292 2510 nisi

60 2534 155 2613 plone
178 2536 260 2594 omni
279 2535 312 2593 in
335 2543 467 2612 ternpore
491 2545 519 2594 et
542 2532 606 2594 loco
632 2551 732 2594 crure.
778 2532 837 2592 Sed
859 2531 908 2592 ille
930 2530 961 2591 in
982 2530 1080 2592 libello
1109 2531 1146 2591 de
1167 2531 1287 2593 ieiuniis

61 2617 224 2695 peracerba
253 2615 377 2694 exagitat
405 2616 588 2676 orthodoxae
609 2615 758 2676 Ecclesiae
787 2615 919 2676 addictos
947 2623 984 2686 (c.
1007 2617 1051 2688 2.)
1079 2623 1202 2694 propter
1224 2633 1289 2676 eam

62 2719 195 2772 causam,
223 2699 302 2778 quod
331 2699 538 2761 abstinendum
561 2717 630 2759 esse
652 2698 786 2760 dicebant
808 2717 823 2758 a
845 2698 913 2758 cibo
936 2700 1137 2769 scorbinio,
1167 2717 1229 2760 non
1251 2718 1289 2761 es

60 2789 191 2865 imperio
220 2802 316 2845 novoe
345 2783 531 2864 discipliuae,
565 2783 625 2862 'pro
649 2784 833 2864 temporibus
863 2794 892 2844 et
919 2785 1019 2841 causis
1041 2785 1287 2861 uniuscuiusque,

61 2877 92 2928 et
115 2871 271 2930 orationes
294 2872 383 2929 etiem
410 2869 478 2946 sere
507 2867 584 2928 horu
611 2885 691 2926 noea
719 2865 930 2926 concluderent
962 2865 997 2926 de
1024 2863 1109 2926 Petri
1135 2867 1288 2944 scemplm
1357 2895 1362 2900 ·

60 2951 201 3028 additque
223 2951 333 3012 diserte
362 2955 398 3026 (c.
425 2955 487 3024 10.)
517 2950 606 3011 sulrsc
630 2949 721 3028 plene
751 2949 956 3029 indifferentia
977 2967 1094 3028 sernper
1122 2959 1152 3010 et
1181 2951 1288 3028 ubique

61 3049 90 3098 er
116 3039 352 3115 omnitempore
375 3036 493 3108 orandi,
524 3045 622 3094 tumen
649 3042 712 3094 tres
728 3035 815 3096 =istus
847 3031 938 3092 bores
968 3032 1163 3094 solemniores
1190 3034 1288 3112 fuisse

58 3127 93 3182 in
118 3119 309 3182 orationibus
332 3120 459 3190 divinis3
496 3126 526 3177 et
553 3135 615 3196 cap.
641 3117 690 3181 13.
719 3115 754 3176 ad
783 3115 878 3193 ipsam
906 3123 1048 3192 provocat
1074 3115 1207 3194 legem-a
1228 3116 1286 3177 Pa-

58 3203 173 3264 racleto
207 3203 322 3272 datam,
356 3221 412 3280 qua
444 3201 521 3261 hunc
541 3200 784 3262 blontonistarum
806 3199 1050 3260 consuetudinem
1071 3201 1285 3260 confirmasset.

59 3287 179 3360 Quibus
202 3286 340 3347 omnibus
364 3285 488 3346 uincitur
516 3285 593 3345 haud
622 3283 720 3356 dubie,
753 3282 837 3344 aliam
866 3299 991 3360 prorsus
1014 3283 1185 3344 Tertulliani
1214 3303 1285 3343 sen-

59 3371 185 3433 tentiaro
208 3370 312 3442 luisse,
335 3387 400 3430 cum
424 3370 460 3430 de
484 3368 626 3432 Oratione
648 3367 755 3428 librum
779 3367 979 3445 componeret
1011 3366 1154 3444 lienique,
1178 3367 1285 3428 utalia

59 3456 198 3516 omittam
220 3453 320 3525 multa,
344 3453 375 3514 id
397 3451 468 3514 mibi
491 3453 607 3514 uidetur
628 3471 734 3530 magno
757 3460 931 3530 argumento
952 3469 1021 3512 esse
1044 3451 1079 3512 ad
1095 3451 1286 3512 asserendam

57 3541 138 3601 libro
161 3546 265 3598 nostro
288 3529 498 3619 ὀρθοδοξίαν,
527 3537 605 3614 quod
638 3536 745 3596 nullam
769 3535 800 3595 in
822 3535 880 3596 hoc
900 3535 987 3605 libro,
1020 3552 1087 3595 cum
1109 3537 1145 3594 de
1168 3534 1285 3594 ieiuniis

58 3643 94 3685 sc
133 3622 311 3684 stationibus
345 3621 476 3682 crebrius
509 3618 647 3692 disserat,
680 3619 791 3680 inliciat
817 3618 997 3680 mentionem
1029 3617 1285 3696 xerophsgiarum,

57 3727 134 3786 quas
157 3715 238 3766 tanto
260 3723 327 3766 curn
348 3706 465 3766 feruore
488 3703 518 3763 in
539 3703 615 3764 libro
644 3703 681 3764 de
703 3702 824 3764 ieiuniis
852 3721 914 3780 cap.
939 3705 968 3764 2.
991 3707 1010 3763 5
1045 3719 1110 3780 sqq.
1141 3700 1286 3772 delendit3

58 3791 147 3852 cuius
170 3789 341 3851 omissionis
362 3787 465 3849 dubito
488 3805 524 3846 an
548 3786 605 3846 ulle
627 3785 681 3848 alia
703 3787 778 3847 ratio
801 3786 883 3846 reddi
906 3785 1012 3863 possit,
1036 3803 1122 3862 quam
1138 3803 1184 3857 ea,
1207 3784 1286 3862 quod

58 3885 197 3950 tempore
219 3872 320 3950 scripti
343 3872 433 3933 libelli
455 3871 551 3932 nostri
574 3869 623 3930 isti
646 3869 795 3931 Ecclesiae
823 3868 955 3930 addictus
984 3869 1074 3929 luerit
1099 3886 1174 3945 quae
1196 3885 1284 3928 xero-

58 3956 184 4036 phagias
208 3959 254 4022 lut
274 3957 315 4017 ait
336 3957 367 4016 in
387 3954 462 4016 libro
486 3955 521 4017 de
543 3953 668 4016 ieiuniis
691 3973 716 4014 e.
740 3957 770 4016 2.
782 3972 812 4032 p.
827 3971 867 4014 m.
885 3955 955 4016 702.
970 3952 1016 4026 Α.)
1039 3969 1151 4012 nouum
1172 3951 1287 4014 dicebat

59 4043 200 4122 effectori
220 4041 318 4120 officii
336 4059 445 4102 nomen
466 4057 532 4100 esse
553 4051 583 4101 et
599 4039 777 4117 promimum
799 4037 931 4099 stbnr'cne
946 4039 1183 4116 superstitionis.
1206 4035 1286 4095 llaec

59 4123 163 4184 omnia
192 4123 263 4184 mibi
290 4123 383 4186 multo
412 4123 548 4186 ridentur
575 4119 669 4200 magis
699 4119 842 4182 audienda
877 4138 963 4198 mam
993 4137 1066 4197 quae
1088 4117 1283 4180 liollmannus
1412 4191 1421 4198 ,

58 4208 98 4270 sd
127 4206 330 4270 vindicandam
359 4207 529 4288 opinionem
557 4223 640 4268 suam
662 4205 791 4285 prolert,
824 4203 930 4282 quibus
961 4202 1015 4264 alia
1036 4203 1206 4265 nonnullius
1228 4222 1283 4264 au-

57 4291 207 4354 ctoritatis
229 4309 287 4354 nos
309 4293 396 4353 etiam
417 4291 476 4370 ipsi
498 4307 667 4370 possemus,
690 4289 717 4351 si
738 4295 964 4359 necesseesset,
987 4286 1104 4348 addere.
1131 4287 1285 4348 simillima

56 4377 174 4438 scilicet
195 4393 274 4449 esse,
296 4375 346 4450 ait,
370 4395 414 4450 ea,
438 4393 513 4454 quae
534 4375 583 4436 bic
605 4379 642 4450 (c.
659 4375 724 4448 22.)
740 4372 777 4432 de
790 4371 953 4450 virginibus
968 4371 1098 4432 velandis
1112 4370 1283 4450 praecipiat,

56 4479 175 4534 eorum,
198 4453 273 4542 quae
294 4461 331 4522 ab
354 4479 389 4522 eo
412 4459 442 4521 in
463 4459 540 4520 libro
561 4458 650 4520 huius
672 4455 836 4535 argumenti
858 4455 1067 4517 defenduntur:
1096 4455 1175 4533 quod
1196 4455 1283 4530 longe

92 4577 120 4627 h.
137 4577 188 4629 tlt.
205 4578 320 4629 adsersus
339 4578 441 4636 ludaeos
460 4575 522 4628 liber
540 4592 561 4627 c.
580 4575 621 4626 lo.
