3092 5234
272 387 334 453 612
356 405 393 447 DE
409 406 482 450 vttnt
496 405 609 447 tertre
623 403 659 451 All
673 401 820 452 DOCTRIM
831 400 1018 476 §GBTPTORUH
1034 401 1228 444 astruuntur
1244 400 1434 447 lllSPllTA'l'lss

303 559 379 606 tute
403 561 590 617 susceptum
692 552 724 602 lu
744 551 964 610 lloutauicmo.

320 623 571 672 llantuuismum.
1033 617 1170 680 scorpiace.

650 685 680 736 de
700 686 803 735 Corona.
1033 683 1148 735 adversus
1168 681 1365 736 Valentinianos.

651 755 679 801 de
697 753 833 820 Virginibus
851 751 971 802 islandis.
1033 751 1147 800 aduersus
1163 748 1315 800 Marcionem
1335 753 1381 802 lib.
1401 753 1421 802 Ι.

650 816 680 868 da
699 819 769 869 Cultu
788 819 948 868 Feminarum.
1033 817 1062 866 de
1081 815 1277 880 Praescripticue
1301 819 1490 871 ttaaraueom

650 887 680 936 de
698 887 761 949 l'uga
780 888 804 936 iu
823 887 999 936 persecutione.
1035 884 1095 933 liber
1107 883 1201 933 tt-tt.
1213 886 1330 938 aduersus
1344 887 1495 938 lercium.

650 953 680 1002 de
693 953 862 1004 Erbortutione
877 952 1005 1004 castitatis.
1033 951 1064 1000 da
1082 951 1160 1000 Carne
1181 953 1277 1002 Christi.

650 1020 680 1070 de
697 1019 856 1082 Monogamia.
1034 1020 1063 1067 de
1083 1017 1268 1132 Repurrectione
1289 1021 1391 1072 Carnis.

267 1125 297 1240 p
315 1123 464 1237 pppp
651 1087 823 1204 cruitur..

284 1207 297 1239 ⁰
350 1205 364 1252 Ρ
440 1225 446 1236 ”
652 1220 765 1272 aduersus
783 1221 897 1272 Praxean.
1033 1220 1074 1278 ida
1092 1219 1229 1279 Patientia).

267 1255 546 1384 tribuitur·
651 1287 966 1404 tlt‘tt..¹¹⁰‘⁰¹⁰⁸⁰''‘⁰‘·
1034 1285 1257 1414 ttittttlu

269 724 298 777 de
314 721 436 772 Oratione.

268 789 298 840 au
316 789 437 850 ldartgras.

268 857 297 904 de
316 853 473 918 Spectaculis.

268 923 298 972 de
316 921 463 970 Idololatria.

267 989 446 1052 bpologeticus.

268 1058 322 1106 iibri
342 1056 370 1106 ll.
389 1056 418 1104 ad
437 1054 559 1107 Nationes.

802 1573 832 1646 s.
854 1567 953 1628 utu.

350 1713 444 1790 Atque
476 1709 524 1770 bic
551 1723 710 1786 possemus
743 1706 831 1764 linem
865 1705 961 1764 lacere
993 1702 1201 1782 disputationis
1228 1711 1376 1776 nostine,
1405 1724 1493 1784 neque

179 1848 184 1856 .
267 1798 346 1859 enim
368 1803 464 1856 cetera
487 1790 660 1852 Tertulliani
681 1789 799 1867 scripta,
822 1806 897 1866 quae
918 1787 964 1846 vel
985 1804 1140 1865 perperam
1161 1795 1231 1850 sunt
1246 1786 1312 1864 ipsi
1334 1787 1492 1867 adscripta

237 1931 238 1934 ,
265 1880 311 1942 vel
333 1897 393 1940 nou
416 1883 523 1945 extant,
547 1882 683 1934 excutere
704 1872 792 1932 nobis
815 1879 862 1931 est
881 1869 1080 1950 propositum.
1125 1870 1183 1930 Sed
1205 1869 1236 1930 in
1258 1870 1399 1932 animum
1423 1873 1493 1932 reuit

266 1963 408 2042 quaedum
432 1960 467 2019 de
490 1958 563 2018 actis
585 1957 642 2018 illis
667 1956 721 2015 SS.
745 1955 908 2034 Perpetuac
930 1961 960 2014 et
980 1953 1140 2014 Felicitatis
1173 1953 1280 2024 dicere,
1313 1974 1397 2032 quae
1433 1967 1492 2016 suut

266 2047 315 2125 qui
344 2045 431 2106 ctiam
460 2041 640 2102 Tertulliano
670 2038 836 2100 tribuerint
888 2038 920 2098 lu
948 2037 1055 2116 quibus
1087 2054 1177 2098 unum
1200 2036 1280 2098 illum
1305 2037 1389 2100 Guil.
1414 2041 1492 2100 libi-

266 2139 386 2190 stunum
422 2127 596 2203 impugnare
622 2123 726 2200 placet,
759 2121 809 2200 qui
838 2139 956 2183 omnem
986 2139 1105 2199 operum
1141 2119 1230 2194 dedit,
1264 2128 1298 2181 ut
1326 2122 1410 2183 baec
1436 2135 1490 2184 aua

266 2210 446 2273 Tertulliano
469 2215 647 2268 assereret¹.
689 2205 784 2284 Atque
812 2205 838 2264 is
867 2205 921 2266 SS.
944 2204 1007 2266 illas
1036 2213 1178 2284 martyres
1206 2223 1265 2264 nou
1294 2205 1425 2282 quidem
1447 2227 1490 2266 ar-

265 2294 391 2355 bitratur
420 2310 436 2350 e
463 2289 615 2368 disciplina
643 2289 888 2352 lloutnnistnrum
916 2289 1021 2358 luisse,
1050 2289 1129 2366 quod
1161 2287 1338 2365 quibusdam
1377 2289 1491 2368 pilacaut

264 2376 354 2438 ueluti
376 2373 505 2436 Samueii
525 2372 700 2450 basnagius
723 2372 776 2433 sed
798 2373 870 2432 liaeo
891 2371 940 2450 qui
961 2371 1086 2450 subegit,
1116 2389 1183 2432 eum
1212 2372 1297 2448 plane
1324 2383 1416 2451 putat
1437 2394 1491 2434 nou

263 2457 471 2520 liontauistam
499 2457 600 2526 modo,
633 2457 685 2516 sed
716 2464 743 2516 et
772 2455 984 2516 Tertullianum
1012 2456 1114 2516 luisse.
1171 2455 1235 2527 Qua
1269 2455 1307 2516 de
1340 2473 1379 2516 re
1408 2455 1488 2518 nobi·

264 2543 347 2607 sedet
376 2540 524 2602 contraria
560 2539 715 2600 sententia.
773 2538 845 2600 Nam
874 2538 1000 2618 primum
1030 2539 1118 2600 multa
1147 2539 1267 2600 suntin
1290 2537 1383 2616 ipsis,
1419 2561 1489 2618 qaas

220 2695 223 2704 .
263 2627 410 2705 Perpetua
437 2623 564 2700 reliquit,
590 2621 825 2692 commentariis,
859 2641 934 2700 quae
965 2623 1044 2682 haud
1071 2621 1160 2682 dubie
1188 2640 1250 2682 cem
1280 2624 1487 2684 ostendunit

263 2709 506 2772 Montauisturum
529 2704 636 2766 familia
658 2706 762 2766 luisse.
798 2706 889 2784 quue
910 2705 968 2768 iam
991 2705 1331 2784 occupavissemus,
1354 2709 1415 2768 sed
1439 2727 1485 2768 ua·

263 2800 327 2856 ctus
349 2801 406 2864 est,
434 2791 484 2868 qui
513 2800 614 2850 contra
646 2789 766 2859 diceret,
794 2789 953 2868 losephum
975 2788 1169 2867 augustinum
1192 2789 1272 2861 Orsi,
1295 2789 1334 2850 0.
1357 2789 1409 2860 P..
1433 2793 1485 2870 qui.

263 2875 395 2954 quumvis
429 2891 506 2942 eum,
543 2873 592 2950 qui
622 2882 685 2934 acta
712 2873 768 2933 istu
797 2871 922 2950 collegit,
952 2872 1160 2934 lloutanistem
1193 2872 1351 2944 existimet,
1394 2885 1485 2936 tanum

263 2969 383 3022 strenue
406 2959 436 3018 in
460 2955 642 3018 deleudcndn
665 2963 745 3016 recta
760 2956 864 3016 burum
876 2964 1036 3034 martyrum
1051 2957 1107 3016 [ide
1121 2956 1268 3028 laborat²3
1291 2956 1383 3017 cutus
1401 2977 1485 3036 argat-

262 3050 360 3104 meutu
382 3039 501 3102 memini
523 3040 594 3100 mihi
617 3039 686 3100 olim
708 3039 817 3116 legenti
841 3039 926 3100 istem
948 3057 1011 3100 rem
1036 3057 1098 3100 non
1118 3039 1308 3119 persuadere,
1339 3042 1401 3102 sed
1424 3043 1486 3120 plu·

262 3124 508 3186 rimu'contiucre
530 3123 566 3184 eb
588 3124 643 3184 lauc
664 3123 861 3201 disputatione
882 3141 1005 3201 prorsus
1027 3122 1130 3184 aliena.
1182 3121 1240 3184 Sed
1263 3139 1344 3192 nuno
1366 3125 1484 3202 quidem

261 3227 322 3269 nou
340 3216 397 3268 est
424 3207 461 3272 sd
489 3225 609 3278 menum
638 3207 735 3284 itaque
764 3207 855 3268 unum
887 3206 1072 3268 Wbistuuuuu
1100 3223 1322 3284 persequamur.
1369 3206 1427 3268 Ille
1455 3227 1486 3268 ne

261 3289 385 3350 litterum
408 3289 537 3367 quidem,
560 3309 634 3368 quuc
656 3289 1009 3368 Montuuismumsspiut,
1032 3289 1072 3350 ait
1098 3309 1166 3350 esse
1198 3291 1229 3350 iu
1249 3289 1296 3350 his
1319 3287 1485 3370 Perpetuae

261 3382 291 3433 et
318 3372 414 3433 Saturi
451 3373 679 3444 commentariis,
713 3393 729 3432 e
762 3373 868 3451 quibus
904 3391 996 3451 paene
1024 3373 1081 3434 istu
1107 3381 1170 3436 acte
1199 3371 1367 3450 composita
1409 3386 1485 3437 suut

192 3491 200 3509 -
260 3455 448 3533 quodquam
471 3455 798 3529 averitateabhorret,
827 3465 931 3534 postea
953 3455 1140 3528 docebimus3
1176 3455 1281 3518 deiude
1309 3454 1371 3516 hoc
1397 3477 1484 3520 uuum

260 3539 396 3610 sufficere
417 3538 453 3599 ad
476 3557 595 3598 omnem
616 3539 696 3599 litem
718 3539 952 3620 componendum
973 3545 1067 3618 putat,
1089 3539 1169 3617 quod
1194 3537 1400 3600 Tertullianus
1423 3541 1485 3622 pri-

259 3641 325 3684 mus
354 3621 451 3694 luerit,
484 3621 534 3699 qui
562 3641 680 3684 errores
702 3623 945 3686 montanistarum
974 3623 1005 3684 in
1026 3623 1152 3684 Atticum
1181 3631 1314 3702 tempore
1348 3624 1419 3685 tare
1441 3646 1484 3689 eo.

258 3725 317 3785 quo
341 3705 482 3784 supplicia
504 3705 541 3765 ab
563 3705 611 3766 his
632 3707 808 3785 martyribus
831 3715 927 3770 sumtu
949 3715 1028 3778 sunt,
1051 3707 1212 3779 induceret,
1235 3723 1337 3786 quate,
1354 3710 1483 3769 eumrir

257 3791 289 3851 iu
309 3791 434 3852 Africum
456 3789 530 3850 haec
552 3788 624 3848 scite
646 3791 774 3852 luissent
794 3791 899 3864 delata,
923 3811 958 3852 eo
981 3799 1115 3870 tempure
1142 3808 1204 3850 non
1225 3807 1316 3868 posse
1340 3789 1407 3852 dici
1430 3793 1483 3852 iro-

258 3874 352 3934 mines
373 3872 535 3935 litterarum
559 3871 648 3934 rudes
669 3872 757 3952 louge
771 3885 903 3936 remotos
918 3874 1130 3952 aCurtlragine,
1152 3873 1255 3952 quales
1275 3873 1327 3934 isti
1350 3875 1483 3943 fueruat,

204 3981 206 3986 ·
257 3956 315 4016 iam
337 3957 422 4020 istem
445 3955 630 4035 disciplinam
658 3958 836 4036 suscepisse.
881 3958 913 4017 ln
942 3977 1000 4036 quo
1029 3975 1168 4018 sermone
1196 3975 1259 4018 uun
1285 3973 1367 4016 unus
1401 3978 1485 4019 error

255 4040 421 4118 reperitur:
455 4039 584 4100 Primum
616 4039 674 4100 boc
707 4041 798 4102 sumit
823 4041 880 4102 sibi
908 4041 987 4102 haud
1014 4041 1113 4110 dubie,
1149 4040 1227 4118 quod
1255 4039 1303 4100 isti
1335 4051 1485 4121 martyres

255 4131 381 4183 mortem
402 4122 547 4183 subierint
567 4121 721 4194 Tuburbii,
749 4123 831 4185 cuius
859 4124 941 4186 urbis
962 4123 1024 4185 scio
1045 4123 1226 4184 mentionem
1247 4123 1393 4184 iniectam
1419 4145 1483 4186 esse

256 4205 286 4264 in
324 4205 435 4284 spuriis
463 4206 570 4268 horum
597 4215 729 4268 ectomm
756 4208 907 4288 exemplis,
941 4215 971 4268 et
998 4213 1045 4268 cst
1081 4225 1198 4285 quoquc
1226 4206 1291 4268 eius
1317 4224 1441 4272 nomen
1470 4229 1485 4268 a

288 4385 310 4418 a.
329 4371 355 4419 lu
375 4371 414 4420 tha
433 4372 522 4421 Sacred
542 4372 638 4438 ilistorp
656 4375 684 4424 ol
700 4376 740 4425 tbe
754 4374 840 4426 leuiab
925 4389 946 4423 a.
971 4376 997 4423 ln
1022 4374 1085 4423 Disa.
1103 4373 1229 4438 Apologet.
1255 4389 1299 4438 pro
1323 4373 1372 4424 SS.
1393 4377 1484 4442 Perpa-

256 4436 303 4487 and
328 4437 446 4486 Christian
471 4439 573 4489 Choreb.
599 4442 660 4492 Part.
686 4440 716 4490 ll.
742 4442 792 4492 Tol.
811 4442 835 4491 6.
888 4449 958 4501 tuae,
989 4440 1119 4491 Felicitatis
1144 4449 1167 4490 et
1193 4439 1316 4492 sociorum
1347 4453 1485 4508 martyram

252 4518 277 4567 p.
295 4503 353 4553 ll'l.
372 4503 429 4552 478,
886 4507 1047 4565 orthodoxia',
1083 4509 1197 4556 edrersna
1225 4507 1291 4558 Sam.
1316 4507 1481 4574 basnagima.

286 4585 308 4633 y.
321 4569 834 4639 ludunalib.Polit.liccl.T.lll.p.224sq.
887 4575 993 4626 Tlorcut.
1013 4573 1195 4626 nocturni.
1212 4574 1237 4626 de
