3078 5248
271 369 335 434 tls
429 389 524 431 oram
537 383 734 460 *emortuam
750 383 841 430 orara
854 383 885 428 na
900 383 1093 430 martinello
1108 385 1227 430 scaram
1243 385 1343 430 vmaru

273 539 367 600 serint
396 545 494 600 nmen
526 536 685 618 bppocritis
717 547 746 598 et
772 537 822 616 qui
851 544 952 598 contra
980 537 1138 616 spirituum
1168 537 1306 598 obtutam
1328 553 1416 597 arma
1439 556 1492 598 noo

273 623 343 692 sine¹
365 641 419 701 spe
446 623 580 684 uincendi
602 623 766 696 induerant,
794 622 925 683 artificiis
957 622 1110 686 bominum
1134 620 1373 683 suombuerint?
1420 622 1493 682 Talia

272 709 302 770 in
329 709 453 770 vetustis
475 707 622 788 Apollonii
645 715 675 770 et
696 707 831 786 anonymi
854 706 1024 786 fragmentis
1047 707 1133 768 etiam
1156 725 1209 767 eos
1232 707 1309 767 male
1331 705 1492 775 habebunt,

271 793 320 873 qui
342 789 512 870 ceteroquin
533 809 642 854 nomeu
663 791 880 852 incredulorum
903 792 1023 855 minime
1045 793 1190 854 allectant.
1233 791 1297 852 Nos
1320 799 1409 852 certe
1431 793 1493 852 nott

272 876 421 938 cavillandi
442 877 599 938 temeritati
620 877 755 944 dedimus
771 884 901 956 atquem
915 877 1019 955 procul
1033 876 1069 937 ab
1085 895 1119 938 ea
1134 876 1237 950 simus,
1259 875 1327 955 ipsa
1345 877 1492 954 tragum

271 971 369 1022 torum
391 962 490 1036 verbe,
518 981 592 1041 quoae
620 961 841 1041 descripsimus,
869 961 1005 1043 protinus
1028 961 1195 1022 ostendent.
1239 961 1345 1040 ltaque
1371 962 1493 1040 quido

270 1046 513 1108 llontanistarum
534 1046 658 1107 bistoria
679 1047 749 1107 certi
772 1055 801 1107 et
821 1045 963 1124 explorati
979 1045 1066 1106 nobis
1081 1043 1296 1125 pollicebimur,
1321 1045 1349 1105 si
1369 1047 1493 1125 scripto-

270 1148 320 1193 res
354 1131 441 1192 etiam
473 1131 571 1192 coaevi
598 1130 704 1192 talibus
732 1130 811 1192 uitiis
837 1128 1003 1209 urgentem?
1035 1149 1121 1211 quam
1149 1130 1243 1191 adbuc
1269 1129 1371 1191 multa
1403 1132 1435 1191 in
1457 1133 1493 1190 bis

270 1215 345 1294 ipsis
374 1215 541 1277 auctoribus
570 1215 719 1276 observari
748 1217 824 1276 sorte
853 1223 986 1294 possent,
1014 1215 1040 1275 si
1062 1223 1256 1294 superessent
1276 1215 1408 1292 integri,
1439 1235 1494 1275 mm

271 1307 317 1360 tot
347 1299 448 1360 naevis
477 1301 564 1362 etiam
595 1302 757 1378 fragmenta
778 1299 936 1378 conspicua
959 1298 1043 1361 sint?
1071 1299 1140 1379 quid
1163 1299 1291 1378 danique
1315 1301 1494 1360 reeeartiori-

268 1383 327 1448 bus
350 1384 498 1457 iaciemus,
522 1403 538 1446 a
560 1385 667 1464 quibus
688 1385 788 1446 latices
810 1384 948 1463 puriores
970 1385 1071 1463 inique
1091 1383 1330 1464 postudarentur‚
1361 1385 1493 1463 quando

272 1467 389 1548 quidem
413 1487 465 1529 eos
489 1488 525 1530 ex
546 1469 593 1530 his
608 1469 738 1530 lontibus
754 1468 961 1530 deduxerunt?
990 1469 1081 1542 Adde,
1104 1469 1184 1548 quod
1199 1468 1413 1529 llontanismo
1430 1471 1494 1530 ideo

272 1552 419 1620 acciderit.
449 1553 528 1632 quod
550 1554 615 1615 aliis
643 1554 732 1615 sectis
759 1553 835 1615 bene
864 1553 974 1626 mullis,
1002 1561 1036 1615 ut
1063 1561 1142 1616 aetas
1173 1553 1398 1632 discipulorum
1422 1555 1495 1634 prim

271 1637 513 1716 praeceptoribus
542 1647 678 1700 auctores
706 1647 803 1700 sectae
830 1639 914 1717 ipsos
942 1638 1125 1722 infamaverit
1151 1646 1181 1698 et
1207 1638 1394 1716 sequacium
1425 1640 1493 1717 mlpr

272 1721 494 1784 redundantia
516 1723 701 1800 magistros&
744 1723 835 1794 Adde,
857 1723 887 1784 in
910 1723 1043 1786 historiis
1065 1723 1279 1784 llontanisticis
1303 1723 1396 1784 bunc
1419 1723 1494 1783 relati

272 1805 425 1885 proprium
452 1824 494 1872 ac.
514 1805 691 1884 singularem
719 1808 870 1887 scopulum
899 1825 975 1881 esse,
1004 1808 1083 1888 quod
1105 1825 1170 1868 cum
1192 1805 1396 1868 llontanistis
1421 1809 1494 1886 aliq-5

273 1889 458 1954 coraladeriot
479 1891 649 1954 blontenses
673 1910 726 1952 seu
748 1892 916 1953 Donatistae
925 1891 948 1964 l,
972 1893 1183 1970 nominumque
1204 1892 1396 1953 confusione
1422 1895 1494 1955 simi

272 1973 522 2054 reprehensiones
543 1975 631 2036 buius
653 1976 811 2038 haereseos
835 1985 864 2036 et
886 1994 1003 2038 errores
1024 1995 1095 2039 suos
1118 1975 1400 2056 multiplicaverint.
1426 1979 1494 2050 Qum

246 2069 250 2080 ’
274 2058 300 2120 si
323 2058 388 2138 quis
411 2059 508 2120 omnia
529 2059 700 2139 perpendet,
722 2061 869 2134 fatebitur,
892 2061 1022 2122 Montani
1045 2071 1153 2123 sectam
1175 2060 1320 2122 intereas
1336 2063 1494 2140 pertinere.

274 2161 396 2222 quarum
423 2143 564 2204 historiae
585 2144 683 2205 dubiis
705 2145 893 2224 plenissimae
915 2153 985 2207 sont
1007 2155 1036 2207 et
1057 2147 1093 2207 de
1116 2145 1221 2225 quibus
1244 2145 1336 2224 vulgo
1362 2148 1439 2226 plus
1462 2149 1494 2206 di-

273 2229 358 2298 eitur,
381 2246 469 2315 quam
490 2229 591 2290 scitur.

829 2349 858 2426 s.
883 2347 933 2408 ur.

361 2465 443 2537 Quae
472 2483 538 2527 cum
566 2464 604 2526 ita
626 2464 696 2535 sint,
724 2464 878 2528 maluimus
901 2483 1019 2530 causam
1040 2466 1282 2528 llontanistarnm
1304 2467 1493 2530 iniudicatan

273 2549 452 2630 relinquere,
480 2567 576 2626 neque
602 2548 722 2612 nocebit
748 2548 882 2611 instituto
904 2558 1018 2622 nostro,
1042 2550 1067 2612 si
1090 2548 1255 2628 generalem
1286 2551 1326 2612 de
1352 2553 1493 2614 universis

275 2641 306 2698 et
327 2633 450 2712 singulis
473 2644 570 2696 sectae
593 2632 743 2696 erroribus
765 2635 977 2711 quaestionem,
1000 2653 1074 2714 quae
1097 2636 1127 2696 in
1142 2635 1276 2696 ordinem
1299 2634 1492 2698 dicendom·

274 2717 443 2780 necessario
466 2737 526 2780 noo
547 2717 680 2790 incurrit,
704 2717 901 2782 omiserimus.
932 2719 1076 2797 Quicquid
1098 2719 1177 2783 enim
1199 2719 1235 2782 de
1257 2720 1377 2782 ceteris
1402 2741 1492 2782 eorum

276 2802 461 2882 dogmatibus
484 2803 643 2864 tenendum
666 2802 716 2874 sit,
738 2801 785 2862 illa
807 2811 897 2874 certe,
930 2822 1003 2882 quae
1025 2803 1221 2865 Tertullianus
1244 2803 1280 2866 ab
1303 2805 1356 2866 cis
1383 2807 1487 2883 armait

275 2887 424 2966 designari
452 2907 485 2950 ac
512 2887 590 2950 velut
617 2888 647 2948 in
675 2885 783 2964 digitos
813 2887 910 2948 diduci
936 2897 1073 2967 possunt.
1116 2889 1260 2950 Nimirum
1288 2889 1353 2952 hos
1387 2909 1489 2952 errans

224 3003 232 3012 ’
275 2973 341 3052 ipse
371 2971 487 3034 suomet
514 2972 623 3036 indicio
646 2970 746 3051 prodit
767 2979 796 3032 et
817 2971 931 3050 quaudo
954 2981 1057 3036 contm
1076 2973 1235 3051 Psychicos
1257 2973 1303 3034 vel
1329 2975 1494 3038 &duobos

276 3057 417 3136 disputet,
449 3067 519 3118 tunc
548 3057 613 3135 ipse
645 3075 699 3118 sua
728 3073 817 3118 manu
846 3056 982 3130 mantelas,
1014 3057 1121 3134 quibus
1144 3058 1173 3119 ln
1197 3060 1419 3122 communione
1440 3079 1495 3122 run

275 3141 460 3203 llontanistis
482 3158 623 3219 aspersus
645 3149 700 3214 est,
723 3140 838 3219 retegit.
875 3142 1007 3213 Quorum
1029 3142 1160 3206 omnium
1176 3142 1342 3221 catalogum
1360 3145 1426 3206 iam
1440 3147 1496 3206 alir‘

277 3224 350 3288 satis
373 3224 526 3302 diligenter
549 3233 704 3288 texuerunt
730 3225 887 3302 multisque
914 3227 1093 3303 argumentis
1126 3228 1300 3306 probarunt,
1330 3231 1420 3307 quod
1444 3231 1496 3309 pri-

185 3343 188 3352 ,
278 3327 344 3370 mus
366 3307 421 3368 viri
443 3328 526 3370 error
548 3319 578 3370 et
599 3329 633 3370 ex
655 3329 714 3388 quc
737 3309 826 3370 ceteri
849 3311 1002 3382 lluxerunt,
1026 3311 1055 3371 in
1077 3311 1148 3374 lalsa
1164 3312 1200 3372 de
1213 3312 1350 3374 Montani
1367 3318 1499 3395 propbe

278 3392 327 3453 tiis
349 3394 543 3472 persuasione
564 3401 695 3454 versatus
719 3394 766 3455 sit.
810 3393 903 3456 Huius
925 3395 1003 3454 enim
1018 3394 1145 3456 llontani
1169 3405 1200 3456 et
1220 3399 1413 3475 quarundam
1440 3421 1498 3460 mu·

277 3475 635 3540 licrcularum'ecstaticis
663 3477 793 3540 motibus
823 3477 964 3556 Spiritum
992 3479 1022 3540 S.
1050 3499 1143 3546 novae
1171 3481 1363 3544 revelationis
1397 3499 1497 3546 aucto

277 3581 352 3631 rem,
379 3580 481 3623 verum
502 3562 693 3636 Paracletum,
722 3561 898 3624 intervenire
926 3572 1029 3624 censet
1055 3573 1084 3624 et
1112 3584 1148 3626 cx
1176 3584 1228 3627 ore
1251 3583 1380 3628 suorum
1407 3581 1499 3632 ratun

278 3647 440 3710 doctrinam
461 3647 670 3728 Apostolorum
694 3647 825 3726 suppleri
846 3647 988 3726 novisque
1011 3649 1175 3727 praeceptis
1197 3649 1388 3728 disciplinam
1408 3656 1499 3716 corle·
1520 3725 1521 3728 Ἴ

278 3734 339 3794 siae
372 3732 551 3794 severiorem
586 3741 624 3803 et,
661 3732 741 3811 quod
773 3739 1014 3810 consequeretur,
1050 3735 1253 3811 perlectiorem
1286 3735 1374 3797 reddi
1415 3733 1521 3818 posse

278 3817 437 3879 contendit.
467 3816 545 3877 ·Hoc
580 3815 786 3878 llontanistico
822 3816 908 3895 genio
938 3815 1106 3896 adspirante
1127 3818 1258 3880 moechis
1281 3819 1437 3884 eeclesiae
1460 3827 1496 3884 lo·

277 3921 327 3964 res
357 3901 484 3975 obseret,
516 3899 690 3962 Christianis
719 3901 913 3962 secundarum
940 3901 1108 3980 nuptiarum
1129 3903 1278 3970 foeditate,
1307 3913 1341 3964 ut
1364 3907 1422 3979 ait,
1459 3911 1496 3969 in

277 3987 405 4059 terdieit,
437 3985 616 4065 fugientibus
639 3986 667 4045 in
690 3985 894 4065 persecutione
915 3985 990 4046 uiam
1012 3985 1181 4066 praecludit,
1212 3987 1321 4049 ieiunia
1349 3992 1497 4072 mulo'pl-
1520 4029 1521 4074 p

279 4080 324 4132 cat
351 4079 380 4132 et
410 4071 488 4150 legis
515 4069 689 4131 necessitate
716 4069 806 4132 veluti
835 4070 936 4144 sancit,
965 4077 997 4131 ut
1019 4080 1115 4131 cetera
1137 4081 1255 4144 taccam,
1286 4091 1363 4151 quae
1386 4076 1432 4138 de
1455 4095 1498 4156 apr

279 4198 407 4267 ἐκβαλεῖν,
434 4201 479 4255 καὶ
505 4199 533 4253 oi
559 4198 703 4274 ὑποκριταὶ
731 4197 859 4273 binimai-
909 4205 1006 4322 llelcb.¹
1021 4205 1159 4324 lmideeolteri
1178 4206 1266 4258 lliator.
1297 4207 1394 4260 Scalas
1430 4215 1499 4262 Atria

234 4311 237 4317 ,
278 4285 337 4320 aaa.
705 4313 708 4318 ,
910 4275 978 4329 Toto.
1010 4275 1027 4324 l.
1046 4289 1069 4338 p.
1109 4275 1129 4323 l.

314 4355 334 4389 a.
353 4339 489 4391 Tillemoot.
508 4343 545 4392 cit.
565 4343 619 4393 loco
637 4357 662 4407 p.
680 4341 719 4393 60.
945 4357 965 4391 c.
995 4341 1117 4404 Zeotgrer.
1145 4341 1206 4392 llius.
1231 4342 1264 4391 lle
1287 4344 1370 4408 Lapsu
1397 4345 1500 4396 Tertelt

314 4409 336 4456 b.
357 4407 381 4456 S.
401 4407 501 4471 Optatos
525 4411 558 4459 lle
582 4411 716 4464 Sullamne
737 4409 858 4460 donatist.
911 4409 944 4458 lo
974 4409 1076 4458 doulon.
1105 4409 1166 4459 lliss.
1194 4410 1217 4459 ll.
1245 4407 1270 4474 ᾗ.
1293 4411 1317 4460 4.
1355 4412 1499 4463 Tillemoet

278 4475 329 4526 bib
349 4475 378 4524 ll.
405 4490 456 4538 cap·
474 4477 497 4525 4.
522 4485 546 4526 et
570 4479 600 4528 ad
618 4493 672 4530 eum
691 4481 770 4528 locum
789 4485 859 4527 notae
909 4476 1122 4539 llemoiresrpour
1138 4478 1213 4526 servir
1231 4481 1243 4526 a
1262 4479 1388 4530 l'lllstoire
1406 4481 1500 4531 secte

278 4543 366 4610 buplnl
384 4541 506 4593 &namot
523 4545 598 4608 Epist.
607 4548 673 4596 ltcm
689 4546 773 4595 Pontii.
791 4545 860 4594 Tom.
913 4545 979 4594 Tem.
999 4545 1038 4594 lll.
1058 4547 1081 4593 Ρ.
1096 4545 1114 4593 l.
1133 4559 1156 4610 p.
1169 4543 1238 4608 tto.
1260 4547 1329 4597 dllix.
1347 4547 1386 4598 lle
1404 4549 1459 4599 Vita
1477 4557 1498 4596 rt

279 4611 299 4665 t
325 4627 351 4678 p.
369 4610 427 4664 655.
461 4611 598 4663 Tillemeat.
626 4615 664 4666 cit.
695 4615 749 4663 loeo
776 4627 801 4676 p.
818 4613 859 4663 tt.
911 4613 1009 4672 Scriptis
1027 4613 1125 4666 Tertull.
1144 4627 1196 4678 cap.
1214 4613 1238 4662 l.
