3036 5230
484 431 619 475 accretae
640 431 701 475 roe.
724 433 809 475 rure.
1044 439 1047 446 ·
1201 417 1267 484 tet

36 581 167 660 gantiae,
190 580 239 659 qui
261 581 305 643 vel
329 580 448 660 ingenio
470 581 679 660 superstitioso
702 581 747 641 vel
767 582 861 642 famae
883 581 1057 660 eupiditate·
1070 585 1262 662 potenciore-

35 677 91 726 tur
113 672 146 726 ut
166 665 325 728 asceticam
348 666 425 726 vitae
445 683 539 744 ganas
562 673 592 726 et
612 666 679 744 ipse
699 673 876 744 sequoretur
896 674 926 726 et
947 666 1011 727 aliis
1034 665 1263 732 commendaret

37 749 200 810 Doctrinae
229 759 260 810 et
286 751 361 810 vitae
391 751 593 810 austeritatem
616 768 676 810 non
699 749 807 810 mirum
829 757 876 810 est
897 750 924 811 ei
947 749 1140 812 admiratores
1162 761 1191 814 et
1212 773 1263 814 se-

37 841 173 894 ctatores
206 851 414 912 compararem
455 833 641 894 confirmavit
673 843 771 896 autem
807 851 891 894 suam
927 833 958 894 ia
995 833 1112 896 iliorum
1148 835 1265 898 animos

36 925 222 996 patestatem
254 916 439 996 profitendo,
478 917 535 978 sibi
569 917 699 979 visiones
733 925 764 978 et
795 917 990 979 revelationes
1026 919 1169 981 caelestes
1208 919 1264 981 ob-

38 1003 168 1078 tingere.
212 1002 349 1062 Forsitan
371 1001 436 1079 ipse
458 1001 516 1063 sibi
537 1001 735 1080 persuaserit,
769 1021 802 1063 se
825 1020 893 1064 esse
915 1001 1055 1063 divinitus
1079 1003 1264 1082 inspiratum.

36 1087 83 1146 Et
100 1087 185 1146 furer
205 1085 349 1148 fanaticus
370 1085 401 1146 in
424 1085 599 1165 impostoris
621 1085 753 1165 religiosi
770 1086 887 1164 ingenio
901 1087 1074 1166 plerumque
1090 1087 1265 1149 coniunctus

38 1177 89 1230 est
112 1187 179 1230 cura
196 1171 307 1240 frande,
329 1187 385 1232 nec
399 1169 593 1249 improbabile
609 1177 664 1243 ast,
687 1170 818 1231 Montani
833 1189 959 1248 corpore
973 1171 1151 1233 ieiuniorum
1166 1171 1267 1251 longia

38 1253 148 1316 tudine
169 1262 200 1314 et
220 1253 383 1332 frequentia
406 1261 437 1314 et
457 1254 612 1316 severitate
635 1255 779 1316 exhausto
811 1254 876 1315 eius
898 1254 1027 1316 animum
1050 1255 1177 1316 subinde
1199 1256 1265 1315 dis-

41 1337 194 1398 turbatum
220 1355 276 1416 pro
299 1337 376 1398 veris
399 1337 549 1410 babuisse,
577 1357 652 1418 quae
672 1337 841 1418 imaginatio
864 1339 939 1400 male
961 1347 1119 1418 temperata
1135 1339 1193 1400 sibi
1209 1339 1266 1401 ob·

41 1421 176 1483 iecisset.

131 1503 281 1584 Evangelii
300 1505 465 1566 doctrinam
488 1505 525 1566 ab
540 1505 685 1586 apostolis
707 1524 769 1566 nun
784 1525 852 1567 esse
867 1505 983 1586 publice
999 1505 1135 1568 traditam
1151 1523 1268 1567 summa

40 1589 244 1669 perfectione,
280 1589 333 1650 aad
361 1597 456 1650 certas
478 1591 620 1667 quasdam
643 1591 740 1669 magni
763 1591 906 1652 momenti
927 1607 977 1650 res
1000 1596 1164 1652 reservatas
1187 1609 1266 1666 esse,

43 1693 119 1752 quas
143 1673 296 1735 bominum
319 1673 407 1734 animi
430 1674 563 1734 nondum
584 1675 661 1734 ferre
684 1683 818 1753 possent,
842 1692 903 1736 non
923 1675 1039 1736 videtur
1059 1674 1153 1735 fnisse
1165 1674 1268 1753 opinio

6 1791 7 1800 κ
41 1758 178 1820 Montani
199 1767 296 1818 sectae
317 1757 483 1836 peculiaris.
528 1758 601 1819 Nam
624 1757 840 1820 voluntariam*
862 1757 1007 1819 similibus
1030 1767 1147 1820 utentes
1169 1757 1268 1818 verbis

6 1895 7 1904 ,
45 1841 226 1914 statuebant,
243 1841 295 1902 bas
323 1860 372 1903 res
395 1843 524 1902 occultas
547 1842 695 1921 pertinere
718 1843 753 1904 ad
776 1844 910 1921 ipsorum
931 1850 1139 1903 monstruosas
1162 1851 1191 1902 et
1213 1840 1267 1902 ab·

45 1935 165 1986 strnsas
193 1924 229 1986 de
257 1925 423 1986 Pleromate
451 1927 643 2005 leonumque
671 1927 909 2006 generationibus
938 1926 1114 1988 successivis
1137 1926 1268 1987 alucina-

6 2047 8 2058 ·
47 2010 159 2070 tiones.
202 1995 295 2071 Etiam
318 2011 396 2071 inter
418 2010 609 2072 Ortlrodoxos
632 2011 775 2072 sententia
808 2029 870 2071 non
897 2011 983 2091 plane
1011 2010 1164 2072 dissimilis
1186 2009 1269 2070 valde

6 2127 8 2162 r
46 2093 105 2154 fuit
132 2093 255 2171 vulgata.
310 2093 468 2156 Clementis
497 2094 684 2156 Alexandrini
714 2095 894 2156 stromatum
924 2095 1084 2174 principale
1113 2093 1270 2154 consilium

46 2179 108 2238 boc
129 2185 191 2249 est,
222 2187 256 2238 ut
277 2178 415 2238 ostendat
436 2178 594 2240 discrimen
617 2179 695 2241 iuter
717 2178 902 2240 Christianos
932 2179 1100 2257 cognitione
1122 2179 1269 2257 perfectos

46 2256 250 2343 (γνωστικός)
273 2269 303 2322 et
323 2261 439 2341 vulgum
463 2263 656 2334 credentium,
680 2271 710 2324 et
731 2272 764 2324 nt
784 2263 900 2342 regulas
922 2271 1069 2342 proponat
1090 2261 1178 2322 huius
1199 2279 1270 2340 per·

6 2395 8 2400 .
46 2349 142 2406 fectae
164 2345 272 2406 indolis
294 2346 505 2424 assequendae.
543 2347 607 2407 Non
631 2367 712 2420 sane,
736 2347 812 2408 sicut
832 2348 1000 2418 Montanus,
1022 2345 1217 2426 profitebatur
1238 2363 1272 2405 se

48 2429 203 2490 scientiam
232 2431 360 2507 prodere
388 2430 507 2492 caelesti
530 2432 709 2493 revelatione
735 2434 883 2510 acceptam
906 2439 937 2490 et
958 2429 1101 2509 apostolis
1130 2429 1270 2506 ignotam.

46 2515 144 2575 frumo
176 2531 239 2574 earn
269 2514 371 2574 statuit
398 2514 504 2586 Petro,
538 2515 663 2586 lacobo,
696 2516 800 2577 loanni
832 2515 990 2576 revelatam
1017 2533 1086 2574 esse
1113 2531 1128 2573 a
1152 2513 1272 2573 Christo

48 2597 320 2676 transfigurationis
349 2603 520 2676 tempore⁰,
554 2598 645 2659 Panlo
675 2607 772 2660 autern
800 2606 894 2659 aetate
922 2598 1139 2675 subsequenter
1176 2595 1272 2654 abiis

47 2683 109 2743 iam
140 2683 202 2743 viva
237 2698 307 2741 voce
339 2681 395 2741 sub
426 2682 599 2742 anctoritate
621 2682 770 2742 Ecclesiae
798 2685 933 2760 ipsorum
955 2679 1181 2740 successoribus
1204 2695 1273 2738 esse

7 2819 9 2842 ,
48 2767 207 2846 proditam.
252 2765 282 2825 Si
312 2771 409 2826 nmen
439 2765 468 2824 in
497 2764 583 2826 buius
613 2765 748 2825 sublimis
770 2761 969 2842 cognitionis‘
990 2771 1122 2823 naturam
1145 2759 1271 2838 inquiri·

50 2869 130 2921 mne,
154 2868 218 2911 earu
241 2849 272 2910 io
293 2849 449 2910 subtilibus
472 2847 624 2908 doctrinae
646 2849 684 2908 de
706 2847 850 2908 Trinitate
872 2847 1051 2924 aliarumque
1073 2844 1273 2905 doctrinarum

49 2934 283 2995 Christianarum
307 2924 570 3012 explanationibus,
593 2932 625 2992 in
646 2931 809 3009 allegoricis
832 2939 862 2991 et
883 2929 1015 3007 mysticis
1031 2927 1198 3005 Scripturae
1219 2945 1273 2987 ex-

50 3017 279 3098 plicationibus,
313 3018 343 3077 in
372 3015 537 3095 praeceptis
558 3014 720 3076 moralibus
743 3033 803 3075 uon
826 3014 949 3076 multum
969 3013 1036 3073 -illis
1060 3011 1273 3072 dissidentibus

8 3167 9 3188 χ
53 3102 149 3180 abiis
172 3120 298 3180 quornm
321 3099 488 3162 observatio
511 3117 526 3159 a
548 3099 686 3160 Montano
709 3099 851 3160 inculcata
874 3106 946 3171 erat,
968 3115 1132 3175 quanquam
1155 3113 1216 3155 non
1238 3093 1275 3154 ad

8 3243 10 3264 ,
55 3195 166 3248 tautam
188 3185 333 3246 insaniam
357 3183 555 3262 exaggeratis,
589 3182 717 3262 positam
745 3183 839 3252 fuisse
868 3181 1045 3244 invenimus.
1089 3179 1184 3239 Veluti
1207 3178 1273 3239 Cle-

9 3337 10 3344 ,
54 3282 163 3332 niens*
188 3269 332 3330 secundas
355 3268 472 3347 nuptias
495 3287 554 3332 non
577 3269 740 3345 praefracte
761 3272 849 3344 negat
870 3265 1015 3344 legitimas
1038 3283 1116 3335 esse,
1139 3264 1191 3324 sed
1208 3281 1275 3324 eum

9 3355 10 3428 J
55 3356 105 3434 qui
127 3355 263 3414 defuncta
285 3371 378 3413 uxore
401 3353 508 3412 iterum
531 3352 750 3413 matrimonium
778 3351 858 3411 ineat
885 3349 1061 3410 christianae
1083 3347 1274 3427 perfectionis

9 3511 10 3522 χ
56 3445 207 3517 experte·
229 3457 297 3498 esse
319 3437 398 3498 dicit.
443 3436 603 3498 Clementis
626 3435 765 3496 notiones
788 3451 922 3514 magnam
952 3433 1061 3493 habent
1082 3451 1146 3493 cum
1170 3431 1275 3510 mysti-

10 3585 11 3598 ,
58 3524 149 3584 cismo
171 3521 341 3583 affinitatem
364 3531 393 3582 et
413 3521 595 3600 compositae
618 3522 738 3581 suntad
755 3519 938 3581 fonnandum
953 3516 1163 3596 philosophum
1180 3531 1275 3593 quen-

58 3609 124 3668 dam
153 3606 363 3678 christianum,
395 3606 484 3684 longe
512 3623 600 3686 supra
624 3623 674 3666 res
697 3605 854 3666 sensibiles
882 3603 1024 3662 elevatum
1047 3609 1077 3661 et
1099 3597 1284 3660 sublimibus·

60 3691 355 3772 contemplationibus
377 3689 464 3768 quasi
486 3689 677 3768 absorptump
700 3689 830 3749 Montani
853 3687 991 3746 nonanes
1014 3683 1152 3742 homines
1167 3699 1203 3740 ec
1219 3681 1276 3740 du·

60 3783 126 3836 cauit
147 3783 179 3834 ut
202 3793 320 3834 curnem
342 3773 480 3834 virtutem
501 3771 531 3831 in
553 3772 724 3832 austeritate
752 3769 887 3848 corporis
910 3777 940 3828 et
961 3765 1188 3828 mortificatione
1210 3781 1277 3824 car-

11 3889 12 3916 r
61 3859 108 3918 nis
136 3864 264 3934 ponant:
289 3864 410 3932 uterque
433 3854 497 3916 iure
525 3855 605 3930 argui
628 3863 727 3934 potest
747 3853 911 3914 contulisse
932 3851 969 3912 ad
991 3850 1066 3909 viana
1089 3847 1278 3909 muniendam

11 3957 13 3982 ³
63 3939 250 4002 monachicae
272 3939 348 3999 vitae
369 3938 609 3999 introducendae.

97 4109 116 4140 c.
134 4091 428 4153 llincductoranonpms
439 4089 501 4154 apud
513 4090 642 4140 Eusebium
694 4095 777 4152 aperte
795 4087 922 4150 explicere.
947 4100 993 4150 que
1017 4085 1041 4134 in
1059 4098 1085 4132 re
1104 4084 1162 4132 baec
1178 4079 1281 4158 yvedarc

64 4159 164 4209 Montani
184 4157 335 4224 disciplinam
354 4159 448 4220 repetit.
696 4156 772 4220 po'sita
800 4156 844 4211 sit,
878 4154 966 4216 qnippe
991 4151 1058 4200 cuius
1085 4159 1167 4198 natura
1198 4164 1281 4212 pnncr

97 4228 118 4276 d.
138 4225 371 4288 flel'reescriptione
386 4221 644 4272 Haereticorcmc.25.
696 4225 727 4271 sit
745 4230 768 4270 et
786 4222 861 4282 magis
879 4219 1011 4283 spiritualis
1030 4231 1100 4280 quiam
1119 4216 1280 4280 qriaeavnlgo

98 4309 117 4343 e.
137 4293 380 4356 Eusebinsdieitpoat
389 4294 560 4350 moraliorem,
582 4289 646 4339 licei.
697 4290 886 4339 Christianorum
906 4287 996 4350 percipi
1015 4286 1092 4348 possit
1110 4285 1127 4333 1.
1146 4298 1168 4346 p.
1188 4282 1245 4332 att.
1265 4282 1281 4332 l.

65 4363 124 4412 illst.
142 4362 170 4410 li.
192 4361 213 4410 f.
238 4361 273 4410 Cf.
292 4361 368 4410 Cleua.
391 4359 455 4410 dlen'.
478 4359 567 4408 Strom.
586 4358 604 4408 Ι.
623 4373 647 4420 p.
698 4357 739 4408 il.
758 4355 964 4413 decoramentis,
983 4353 1004 4402 si
1023 4367 1070 4401 nou
1089 4353 1118 4401 ab
1137 4351 1204 4400 initio
1221 4364 1282 4412 sap·

66 4429 121 4480 322.
141 4430 156 4477 Ι.
170 4427 217 4490 18.;
236 4443 258 4490 p.
270 4427 326 4476 323.
346 4430 361 4476 Ι.
381 4425 432 4488 2³.;
451 4424 542 4491 pata.
563 4425 576 4475 l.
597 4423 649 4486 26;
699 4425 803 4488 peditatu
816 4421 960 4486 quibusdam
980 4419 1040 4468 locis
1059 4419 1081 4469 in
1100 4421 1124 4468 S.
1144 4418 1210 4467 Penii
1229 4417 1282 4480 epi·

66 4499 100 4546 vt.
119 4513 141 4562 p.
159 4495 217 4544 fii.
238 4495 314 4556 l.lf.;
332 4508 354 4557 p.
375 4493 459 4544 'llll
488 4493 537 4556 lig
556 4491 646 4557 pent.
699 4491 782 4548 stolis,
813 4498 877 4538 certe
901 4487 1074 4537 defendebatur
1097 4487 1126 4536 iis
1144 4484 1282 4534 efferendis.

66 4567 82 4614 l.
100 4563 150 4626 aas
167 4580 191 4628 p.
206 4562 263 4614 806.
283 4563 298 4611 Ι.
318 4561 358 4612 25.
377 4562 414 4611 ed.
435 4563 522 4611 letter.
699 4559 787 4608 Strcm.
807 4557 831 4604 t.
850 4572 874 4620 p.
892 4555 950 4605 683.
970 4554 985 4603 l.
1006 4553 1044 4603 ts.

100 4633 115 4680 f.
134 4633 247 4684 Clemens
271 4629 317 4680 sibi
340 4629 414 4680 licere
438 4637 508 4690 neget
529 4629 602 4692 plone
624 4635 649 4676 et
732 4641 754 4688 g.
773 4625 861 4675 Strom.
882 4623 921 4673 ΙΙΙ.
940 4637 964 4687 p.
982 4620 1038 4672 5⁴8.
1057 4619 1074 4668 l.
1090 4619 1132 4670 28.

1025 4701 1081 4754 45*
