3114 5240
238 370 279 432 86
314 355 506 428 ursssararro
522 385 553 426 ru
569 384 616 435 ou.
633 373 816 456 saansaan.
833 379 1028 426 rsxrumnru
1042 364 1270 425 monbesrroou
1284 381 1370 426 carr.

237 535 429 614 compositos,
450 535 481 596 in
504 529 656 615 graecum,
678 539 855 612 procurante
876 530 1045 595 Ptolemaeo
1066 531 1257 612 Philadelpho
1285 549 1319 593 ao
1350 533 1462 594 blena-
1551 535 1552 546 *

237 621 324 681 demo
357 620 509 700 probante,
542 639 559 680 a
592 617 775 699 septuaginta
802 617 918 678 ludaeis
950 635 1063 678 summa
1085 616 1143 678 tide
1164 635 1326 678 conversos
1350 617 1461 679 luisse.
1551 645 1552 648 ¹

237 705 313 766 Tum
342 712 437 766 autem
466 704 561 766 adhuc
582 703 806 766 asservabantur
827 701 858 762 in
878 701 1039 763 Ptolemaei
1060 700 1236 762 bibliotheca
1257 700 1403 764 hebraicis
1428 711 1466 764 et

239 789 351 869 graecis
379 789 484 850 litteris
507 789 626 862 exarati,
659 805 733 866 quos
755 786 852 848 ludaei
875 785 998 866 singulis
1021 785 1185 865 quibusque
1206 785 1336 847 sabbatis
1359 786 1462 865 palam
1548 791 1552 830 i

237 874 413 936 lectitabant.
457 872 574 934 Nullum
603 891 672 952 ergo
695 871 732 933 de
753 871 1012 932 illorumtvaritate
1035 879 1121 950 atque
1144 871 1311 951 integritate
1334 870 1463 933 dubium

238 977 305 1021 esse
325 965 441 1038 poterat
463 959 538 1036 (cap.
561 960 635 1034 18.).

322 1042 474 1104 Maximam
506 1050 604 1106 autem
637 1041 755 1102 illorum
788 1039 989 1102 auctoritatem
1016 1038 1144 1100 vindieat
1170 1039 1337 1118 antiquitas.
1382 1039 1462 1101 llam

237 1127 324 1190 unius
353 1128 517 1206 Prophetae
545 1126 696 1198 scrinium,
719 1126 747 1186 id
772 1133 817 1186 est
837 1123 947 1204 lloysis
969 1123 1046 1196 libri,
1069 1124 1175 1185 ceteris
1201 1124 1353 1204 gentilium
1369 1143 1459 1186 eom-
1551 1201 1552 1212 ἵ

236 1211 474 1286 mutationibus,
497 1210 564 1283 diis,
586 1211 712 1290 templis,
736 1209 871 1283 oraculis,
893 1209 996 1281 sarria,
1018 1207 1077 1269 imo
1100 1209 1237 1270 omnibus
1249 1209 1362 1288 graecis
1385 1211 1462 1271 cha·
1551 1287 1552 1294 ἵ

236 1295 399 1358 rectoribus
432 1315 466 1357 ac
486 1295 634 1375 plerisque
657 1295 790 1375 gentibus
813 1303 844 1354 ct
865 1293 988 1354 urbibus
1010 1293 1187 1354 vetustiores
1210 1303 1288 1354 sunt
1332 1293 1407 1356 Nam
1431 1296 1461 1356 is

237 1381 362 1460 Moyses,
385 1381 492 1442 inacho
516 1399 655 1454 coaevus,
678 1398 738 1440 nou
761 1379 849 1440 modo
872 1379 1033 1440 Homerum
1062 1385 1091 1438 et
1123 1378 1230 1440 Priami
1253 1378 1380 1453 cladem,
1405 1381 1463 1440 sed
1549 1411 1550 1416 κ

237 1466 470 1527 vetustissimum
492 1483 608 1544 quoqne
630 1465 760 1526 Danaum
782 1471 874 1525 aetate
897 1463 984 1540 longe
1006 1471 1133 1541 superat.
1171 1463 1267 1524 Ceteri
1288 1481 1360 1523 vero
1383 1481 1462 1542 pro-

236 1551 352 1630 phetae,
376 1550 430 1611 etsi
452 1548 501 1611 illo
523 1549 717 1629 posteriores,
739 1567 801 1609 non
822 1548 903 1608 brevi
918 1556 1017 1608 umen
1031 1547 1174 1626 temporis
1189 1546 1344 1608 intervallo
1360 1547 1460 1610 Grae-

237 1653 288 1696 cos
312 1635 471 1712 sapientes,
494 1633 632 1712 legiferos
663 1643 692 1695 et
713 1633 872 1695 historicos
894 1631 1078 1693 antecedunt.
1123 1631 1200 1704 Quia
1222 1650 1292 1694 vero
1315 1631 1353 1704 id,
1375 1633 1460 1711 quod
1551 1651 1552 1690 i

238 1717 375 1779 omnibus
401 1719 526 1797 probatu
548 1718 715 1779 facillimum
738 1725 798 1790 est,
832 1735 969 1778 enarrare
991 1717 1108 1794 lougius
1131 1718 1224 1789 loret,
1259 1716 1457 1778 Tertullianus
1551 1735 1552 1776 i

238 1803 313 1864 hanc
339 1801 543 1881 probationem
571 1803 681 1863 idcirco
709 1802 828 1863 naissum
861 1803 943 1872 lecit,
978 1801 1016 1862 ita
1046 1809 1143 1861 tamen
1176 1809 1208 1862 ut
1230 1799 1329 1862 loutes'
1349 1801 1461 1862 indicet
1551 1823 1552 1860 i

238 1887 364 1965 citatque
392 1887 489 1948 varios
517 1887 693 1965 scriptores,
723 1905 758 1947 ex
788 1885 894 1964 quibus
916 1886 964 1946 illa
986 1885 1154 1964 Scripturae
1177 1903 1278 1948 sacrae
1300 1885 1460 1965 antiquitas

239 1971 397 2049 uuicuique
418 1971 657 2032 manifestissima
679 1971 743 2032 heri
765 1978 865 2050 potest
887 1974 961 2048 (cop.
987 1972 1060 2045 aa).

321 2055 422 2135 Neque
450 2073 539 2135 porro
570 2073 714 2117 summam
742 2055 820 2116 illius
848 2054 1049 2115 auctoritatem
1077 2053 1184 2132 repetit
1212 2071 1247 2114 ex
1269 2053 1463 2116 hortantum

238 2139 422 2219 antiquitate,
452 2141 503 2202 sed
533 2158 568 2200 eo
590 2142 724 2211 maxime,
748 2137 826 2218 quod
848 2138 933 2217 plane
955 2138 1051 2198 divina
1073 2138 1122 2199 sit.
1166 2138 1209 2198 hb
1231 2137 1308 2199 illius
1331 2157 1464 2218 namque
1551 2167 1552 2198 ι

141 2287 143 2294 ,
239 2225 407 2286 auctoribus
439 2224 537 2284 divino
561 2223 794 2304 spiritualitatis
817 2223 918 2283 mundi
942 2221 1038 2283 clades
1063 2221 1175 2302 aliaque
1198 2223 1281 2302 plura
1308 2223 1463 2302 praedicta
1551 2281 1552 2286 ,

239 2317 317 2382 sunt,
341 2327 413 2388 quae
436 2327 537 2370 revera
560 2308 702 2370 accidisse
725 2308 939 2387 cognoscimus.
983 2307 1122 2369 Dubitare
1146 2307 1270 2386 proinde
1292 2307 1330 2368 dc
1352 2309 1462 2370 ceteris
1551 2339 1552 2368 i

142 2425 144 2434 Α
239 2413 298 2456 nou
322 2393 473 2468 debemus,
496 2412 570 2472 qnae
592 2393 628 2454 ab
650 2393 687 2454 iis
709 2393 912 2472 praenuntiata
935 2410 1052 2472 quoque
1074 2393 1200 2452 suerunt
1232 2391 1338 2452 ilatum
1361 2391 1484 2472 itaque.
1551 2427 1552 2432 κ

238 2479 384 2557 fixumque
418 2497 485 2540 esse
516 2479 617 2551 debet,
650 2495 742 2538 unum
763 2477 912 2538 dumtaxat
944 2477 993 2556 qui
1016 2476 1051 2536 ab
1074 2477 1118 2537 eis
1140 2475 1252 2555 passim
1272 2477 1463 2555 praedicatur

237 2563 330 2624 Deum
353 2563 489 2634 existere,
511 2581 667 2641 veramque
689 2581 757 2624 esse
779 2561 967 2623 christianam
990 2560 1172 2640 religionem,
1195 2579 1270 2640 quae
1292 2561 1374 2623 bisce
1390 2561 1461 2624 illo-

239 2665 306 2710 rum
328 2647 409 2708 libris
432 2646 550 2708 sullulta
573 2649 713 2726 esttcap.
727 2650 790 2721 20.)

324 2732 382 2792 Sed
405 2733 468 2793 tum
490 2731 680 2810 insurgebant
702 2731 820 2804 ethnici,
843 2749 877 2791 ac
891 2729 1126 2791 vociferabuntur
1139 2729 1285 2791 novellam
1300 2749 1367 2792 esse
1383 2731 1463 2794 hanc
1513 2799 1517 2811 Ι
1551 2757 1552 2774 r

240 2817 412 2896 religionem
435 2816 682 2890 Christianorum,
711 2816 760 2894 qui
791 2834 808 2877 a
834 2815 947 2876 iudaioa
974 2823 1004 2876 et
1032 2813 1151 2874 nomine
1180 2822 1209 2875 et
1236 2813 1340 2876 ritibus
1372 2815 1462 2894 plane

236 2903 412 2982 penitusque
442 2900 656 2980 discrepabant.
701 2900 808 2961 Verum
837 2900 883 2960 bis
912 2899 1072 2978 respondet
1104 2898 1301 2960 Tertullianus
1333 2899 1461 2962 ludaeos

150 3053 151 3064 ,
238 3007 352 3048 summa
375 2985 510 3047 felicitate
534 2985 643 3047 tamdiu
664 2985 813 3058 floruisse,
840 2984 977 3063 quamdiu
999 2983 1107 3061 insigni
1129 3001 1182 3044 sua
1203 2983 1316 3045 iustitia
1347 3003 1379 3045 ao
1400 3003 1461 3062 pa·

238 3072 430 3134 triarcbarum
458 3071 515 3131 lide
552 3071 674 3149 gratiam
706 3069 759 3131 Ilei
783 3075 1018 3148 promeruerunt.
1064 3068 1223 3148 Postquam
1245 3085 1315 3130 raro
1336 3068 1459 3130 oonml-

238 3155 308 3216 catis
330 3154 407 3215 illius
430 3154 543 3231 legibus
566 3154 691 3224 maxima
714 3155 743 3213 in
765 3154 875 3214 scelera
896 3152 1025 3232 prolapsi
1049 3160 1127 3225 sunt,
1150 3153 1181 3214 in
1203 3171 1307 3214 eorum
1331 3170 1461 3231 poenam

238 3237 377 3316 dispersi,
410 3237 567 3316 palabundi
590 3257 624 3298 ae
645 3237 716 3298 caeli
739 3238 852 3316 solique
875 3246 1007 3298 extorres
1029 3237 1069 3297 ita
1090 3245 1242 3314 vagantur,
1265 3246 1299 3299 ut
1312 3237 1384 3316 ipsis
1401 3255 1459 3317 pa-

237 3323 323 3384 triam
354 3340 436 3383 suam
463 3322 590 3401 vestigio
619 3322 721 3382 saltem
751 3322 877 3382 salutare
907 3339 1080 3382 conoessum
1108 3339 1169 3382 non
1197 3322 1294 3383 luerit.
1338 3323 1461 3383 Atrion

237 3407 311 3468 haec
332 3413 441 3466 nutum
464 3423 480 3466 a
503 3405 594 3467 saeris
616 3405 732 3466 illorum
754 3405 867 3466 vatibus
888 3405 1036 3484 praedicta
1059 3413 1136 3479 suxit,
1160 3405 1213 3468 sed
1234 3408 1363 3468 futurum
1379 3426 1460 3487 quo-

238 3509 295 3570 que
317 3489 406 3552 alium
428 3491 579 3569 populum,
602 3491 633 3550 in
655 3507 742 3570 mem
758 3490 836 3551 Deus
858 3490 1000 3551 maiorem
1022 3509 1108 3569 qnam
1131 3489 1188 3551 illis
1210 3491 1331 3569 gratiam
1358 3499 1460 3554 usus-

237 3577 337 3637 lerret.
382 3574 517 3636 Christus
539 3593 609 3636 vero
632 3575 733 3636 selecti
754 3575 843 3636 buius
864 3575 965 3654 populi
987 3575 1096 3636 arbiter
1118 3576 1316 3655 magisterque
1342 3586 1399 3650 est,
1422 3577 1460 3638 ab

239 3661 344 3722 iisdem
367 3678 483 3739 quoque
504 3660 658 3738 prophetis
680 3659 911 3738 praenuntiatus.
947 3659 985 3720 Et
1005 3660 1030 3721 is
1052 3659 1170 3739 quidem
1190 3659 1379 3741 philosophis
1401 3661 1460 3722 Ze-

240 3746 311 3807 noni
334 3753 364 3808 et
380 3744 516 3806 Cleanthi·
531 3763 592 3804 non
614 3745 699 3823 plane
721 3743 898 3824 iareognitus,
920 3745 974 3806 Dei
996 3739 1092 3827 λόγος
1107 3763 1216 3819 sermo,
1239 3745 1324 3819 ratio,
1340 3747 1459 3826 sophia,

238 3831 382 3910 sapientia
413 3847 559 3908 verusque
587 3829 677 3890 Filius
705 3837 759 3890 est.
809 3829 875 3891 Non
903 3829 982 3890 enim
1012 3830 1165 3890 hominum
1198 3838 1248 3890 aut
1280 3831 1460 3892 laetitiarum

238 3915 362 3977 deorum
385 3933 477 3988 more,
501 3914 554 3975 sed
576 3913 651 3975 sient
672 3913 771 3975 radius
786 3933 822 3975 ex
837 3913 910 3986 sole,
932 3915 971 3974 ita
986 3914 1107 3994 spiritus
1122 3931 1158 3975 ex
1173 3913 1280 3994 spirito
1301 3922 1331 3976 et
1358 3915 1459 3976 lumen

239 4000 275 4061 de
307 3999 417 4061 lumine
444 3999 559 4079 genitus
590 4016 650 4059 non
672 3999 833 4060 necessita
855 3998 990 4072 matriae,
1024 3999 1075 4060 sed
1104 3999 1145 4059 ita
1167 4000 1309 4072 excessit,
1339 4009 1457 4061 utnon

239 4091 390 4161 separetur
417 4103 434 4145 a
463 4083 626 4146 substantia
649 4083 695 4144 sui
716 4083 827 4157 Patris,
860 4101 875 4144 a
898 4101 955 4162 quo
978 4083 1050 4144 alter
1070 4083 1204 4158 modulo,
1236 4102 1296 4145 non
1319 4103 1467 4160 numero,

238 4169 340 4247 gradu,
362 4177 521 4243 nonstatn‚
544 4187 619 4230 unus
642 4168 762 4230 omuino
785 4186 851 4230 oum
873 4167 922 4228 illo
946 4167 1091 4228 sstlleus.
1122 4168 1238 4230 Statuto
1253 4169 1454 4232 dehiuetem'·

238 4270 311 4332 pore
332 4251 487 4330 prolapsus
510 4254 540 4314 in
562 4253 704 4333 virginem
725 4253 814 4314 horno
838 4253 899 4314 [leo
921 4251 1025 4314 mistus
1047 4253 1140 4314 lactus
1162 4253 1226 4315 luit.

322 4335 365 4397 hd
387 4336 477 4398 aniles
499 4357 570 4399 vero
592 4338 703 4400 tabulas
725 4337 798 4399 haec
818 4337 940 4399 relicere
961 4355 1021 4396 non
1043 4346 1180 4416 poterant
1200 4355 1296 4416 nequa
1318 4338 1455 4417 gentiles,

239 4422 289 4500 qui
322 4420 435 4482 similes
468 4421 538 4483 alias
566 4423 719 4496 tinxerant,
754 4440 850 4501 neque
870 4421 980 4495 ludaei,
1013 4421 1062 4500 qui
1084 4431 1228 4483 noverant
1248 4422 1329 4483 illurn
1352 4443 1369 4484 a
1392 4424 1455 4486 suis

236 4506 398 4586 Prophetis
418 4505 598 4585 promissum
619 4508 722 4569 luisse.
767 4507 839 4568 Nam
862 4506 893 4568 hi
915 4505 944 4567 in
967 4525 1002 4567 ao
1026 4507 1176 4580 errabant,
1204 4506 1283 4585 quod
1306 4519 1362 4581 ea,
1380 4525 1457 4588 quae

237 4591 326 4654 iniis
351 4590 444 4654 sacris
462 4589 623 4671 Soripmris
645 4593 681 4654 de
703 4593 799 4672 primo
822 4599 851 4655 et
872 4591 1002 4654 secundo
1024 4591 1101 4654 illius
1124 4591 1250 4654 adventu
1272 4592 1350 4655 dicta
1373 4603 1454 4666 suut,
