3114 5240
488 361 621 408 sucrons
642 363 701 408 me.
724 363 760 408 rs
782 363 909 409 sooner.
1231 349 1299 420 '101

32 537 34 580 r
107 527 142 579 nt:
159 515 218 579 Hic
238 534 337 598 usqne
359 516 401 577 ud
421 515 546 578 mediam
567 527 692 578 oetatem
709 517 871 596 presbyter
892 515 1039 580 Ecclesiae
1060 519 1151 595 (idem
1174 521 1300 606 Catalog.

31 655 33 680 ,
105 603 188 681 Soipt
204 599 286 662 Ecel.
310 618 375 679 cap.
392 602 467 676 53.),
490 599 624 661 videlicet
646 601 813 674 catholicae,
833 607 1010 681 pennosos,
1034 605 1193 669 etidcirco
1215 615 1299 669 ante-

31 715 32 720 *
102 707 167 766 prm
189 685 325 748 Monuni
348 683 465 746 haeresi
487 684 612 746 inlectus
634 685 748 748 luisset.
792 686 867 747 Turn
889 705 960 748 sero
982 687 1030 748 ille
1050 687 1158 752 ibidem
1180 692 1300 754 adiecit:

100 773 195 834 latur
218 774 338 832 arsisse
360 789 455 852 usquc
477 771 516 831 ad
537 771 718 851 decrepitam
740 781 873 842 aetutem,
897 772 932 833 ad
955 791 1062 834 anuum
1085 775 1195 836 scilicet
1216 785 1299 839 octo-

98 859 247 936 gesimum,
283 861 334 916 aut
366 854 393 915 si
425 854 515 926 selis,
548 854 781 933 nonagesimum.
827 855 1017 919 0rtbodoxus
1040 857 1128 936 igitur
1148 860 1301 942 presbyter

97 941 247 1022 permansit
271 939 440 1001 adsunam
463 939 564 1000 aetatis
587 957 658 1000 suae
681 939 796 1002 circiter
818 941 1082 1020 quadragesimum.
1113 943 1218 1007 htriec
1231 955 1301 1008 tunc

95 1028 211 1106 primurn
241 1024 380 1104 quidem,
409 1043 466 1085 nec
488 1023 585 1084 statim
607 1032 678 1104 post
700 1024 838 1086 emissam
859 1027 1035 1089 christianae
1055 1027 1207 1106 religionis
1228 1049 1300 1110 pro-

94 1112 265 1182 fessionem,
298 1109 335 1170 ad
362 1109 443 1170 hrrno
471 1127 585 1170 sacrum
614 1109 747 1170 ordinem
776 1119 891 1172 evectus
913 1112 1037 1173 videtur.
1082 1113 1160 1194 Ergo
1182 1113 1301 1176 iuvenili

94 1197 228 1257 haetate
252 1213 290 1254 ex
312 1193 431 1256 ethnico
455 1193 638 1254 Christianus
661 1194 753 1255 lactus
775 1195 897 1257 videtur.
943 1197 1050 1269 Quanti
1071 1207 1168 1260 autem
1190 1199 1220 1260 in
1241 1206 1302 1260 tota

94 1281 136 1342 bac
158 1279 419 1360 argumentatione
442 1277 482 1339 sit
501 1278 653 1358 ponderis,
676 1279 763 1358 periti
786 1280 893 1360 quique
915 1281 1116 1362 pronuntient.

587 1465 754 1516 delCULiJS
773 1465 807 1515 li.

92 1573 116 1616 lie
135 1570 268 1616 Tertulliani
287 1568 392 1624 coniugio
412 1576 436 1611 ct
453 1579 537 1612 summo
556 1569 704 1613 continentiae
722 1581 806 1620 aurore,
834 1569 861 1612 dc
880 1570 927 1613 eius
945 1571 1083 1622 sacerdotio;
1101 1579 1172 1616 utrum
1190 1573 1302 1628 presbyter

92 1641 157 1683 hctus
181 1638 313 1683 namtarum
334 1647 395 1680 mors
415 1647 464 1679 cum
482 1647 549 1680 uxore
567 1635 648 1686 vixerit,
666 1649 709 1679 nec
727 1637 797 1680 sacris
815 1637 927 1680 ordinibus
944 1638 1037 1682 initiatos
1055 1638 1174 1684 distinxerit
1192 1653 1204 1684 ι
1223 1641 1299 1685 laicis:

91 1707 195 1762 modurn
213 1707 281 1748 merit
298 1703 360 1746 littus
378 1703 464 1746 rixandi
483 1715 566 1756 genus,
585 1715 650 1758 pram
669 1704 754 1759 asparis
772 1705 884 1757 mombar,
907 1706 1017 1760 momodo
1035 1715 1057 1751 et
1073 1707 1161 1762 quanda
1178 1707 1200 1751 in
1217 1707 1299 1754 bonu·
1372 1741 1377 1753 .

194 1774 303 1818 xistum
323 1771 428 1816 haeresin
445 1773 570 1828 prolapsus,
588 1783 615 1815 ιο
632 1783 676 1826 qua
695 1771 773 1816 acutis
791 1783 845 1816 suec
864 1779 886 1817 et
902 1773 981 1818 Christi
999 1786 1058 1818 euno
1075 1776 1198 1831 longiorem

613 1840 679 1884 vitam
696 1839 783 1884 linicrlt.

175 1955 297 2016 Urorern
323 1962 403 2015 certe
419 1953 614 2016 Tertullianus
639 1955 740 2016 habuit
761 1973 883 2035 eamque
897 1955 1094 2031 christianam,
1117 1957 1159 2019 uti
1175 1977 1209 2020 er
1224 1959 1299 2021 duo-

90 2041 153 2112 bus,
176 2059 250 2120 quos
274 2040 312 2101 ad
335 2039 414 2101 iilam
435 2039 560 2118 scripsit,
583 2039 665 2100 libris
689 2039 906 2103 evidentissime
929 2041 1153 2103 demonstratur.
1186 2042 1222 2105 At
1242 2062 1299 2105 uo-

90 2135 163 2188 strae
185 2126 290 2186 aetatis
315 2125 477 2204 scriptores
499 2124 529 2185 in
550 2125 782 2186 controversiam
802 2133 916 2198 vocant,
938 2134 1035 2188 utrum
1059 2127 1212 2189 illaadhuc
1226 2145 1299 2207 geo-

91 2211 155 2284 tiiis,
177 2219 229 2271 aut
244 2208 431 2271 Christianus
454 2208 531 2270 iham
554 2208 690 2287 gentilem
713 2216 762 2270 aut
776 2209 963 2272 christianam
979 2211 1103 2273 duxerit.
1146 2211 1218 2273 Nam
1234 2231 1299 2275 mos

91 2296 212 2374 quidem,
238 2302 273 2354 ut
295 2294 358 2374 ipse
381 2293 578 2354 Tertullianus
602 2301 736 2365 testatur,
760 2293 933 2357 Christianis
955 2303 1024 2357 tunc
1046 2305 1117 2370 erat,
1139 2305 1171 2358 ut
1191 2297 1300 2358 inirent

91 2380 270 2442 ethnicamm
303 2377 459 2440 mulierum
487 2378 632 2439 connubia
660 2379 828 2458 nullumque
852 2379 881 2440 iu
903 2379 980 2442 illius
1003 2380 1161 2442 aliorumve
1183 2381 1299 2462 scriptis

92 2474 164 2526 extat
189 2463 371 2542 vestigium,
402 2481 461 2541 quo
490 2463 668 2542 deprehendi
695 2463 808 2542 possit,
831 2473 929 2526 utrum
952 2463 1000 2525 ille
1022 2465 1105 2527 ducta
1128 2465 1185 2527 iam
1206 2485 1298 2528 uxore

93 2551 126 2610 ad
146 2549 255 2611 (bristi
277 2555 372 2609 eastra
395 2547 598 2608 convolaverit
642 2549 749 2609 Verum
772 2549 798 2610 si
822 2567 857 2609 ex
878 2549 915 2609 iis
938 2567 1011 2628 quae
1032 2550 1118 2629 paulo
1140 2560 1206 2613 ante
1222 2551 1298 2612 diri-

93 2653 164 2708 nrus,
184 2634 291 2696 inlerri
313 2633 411 2712 possit
427 2631 469 2692 ‘ab
491 2633 540 2693 illo
563 2633 656 2695 adhuc
668 2633 781 2694 -iuvene
797 2632 826 2693 in
838 2634 918 2712 leges
930 2633 1037 2694 Christi
1050 2634 1184 2707 iuratum,
1200 2653 1299 2696 noune

93 2729 120 2781 et
148 2721 216 2781 hinc
251 2736 368 2798 quoque
397 2717 530 2778 condudi
557 2726 657 2796 potest
677 2719 792 2778 ductam
814 2717 849 2778 ab
872 2737 908 2778 eo
925 2725 1034 2796 postea
1055 2718 1201 2780 uxorem?
1244 2719 1299 2778 Ubi
1383 2739 1386 2746 ’

93 2805 165 2866 euim
180 2803 368 2866 Christianus
390 2803 483 2863 lactus
506 2810 561 2874 est,
584 2801 687 2862 maiori
710 2800 911 2862 observandae
923 2801 1097 2862 christianae
1112 2801 1185 2879 legis
1201 2802 1298 2863 studio

94 2907 206 2970 semper
228 2887 370 2966 flagravit,
394 2905 479 2965 quam
502 2894 534 2947 ut
555 2885 620 2965 ipse
636 2885 819 2946 Christianus
842 2885 926 2946 aliam
948 2885 979 2945 in
1004 2885 1220 2946 matrimonium
1243 2885 1299 2947 nisi

93 2974 276 3035 christianam
300 2973 456 3050 acciperet.
499 2971 536 3031 Et
557 2987 627 3030 vero
649 2971 679 3030 in
702 2969 796 3029 citatis
819 2969 855 3029 ad
877 2969 1002 3030 Uxorem
1025 2969 1108 3030 libris
1131 2969 1157 3030 ei
1172 2989 1297 3050 persua-

93 3058 157 3119 dere
179 3067 319 3129 conatur,
342 3064 376 3118 ut
398 3055 423 3117 si
443 3055 509 3136 ipse
531 3054 615 3135 prior
636 3073 671 3114 ex
693 3053 748 3114 hac
768 3053 825 3114 vita
846 3053 1023 3132 migraverit,
1046 3053 1092 3114 illa
1114 3061 1163 3115 aut
1181 3073 1298 3134 perma-

95 3151 158 3203 neat
185 3145 214 3205 in
245 3140 395 3202 viduitatis
419 3149 509 3212 statu,
547 3147 596 3200 aut
618 3138 777 3200 christiano
799 3138 889 3199 nubat
910 3137 988 3211 viro,
1025 3139 1050 3200 si
1073 3138 1141 3200 velit
1163 3140 1299 3203 secundis

96 3227 197 3304 nuptiis
219 3227 336 3305 illigari.
382 3225 485 3286 Nonne
507 3233 604 3286 autem
626 3241 696 3284 vero
718 3241 842 3303 prorsus
865 3217 960 3284 simile
982 3232 1040 3296 est,
1062 3223 1143 3284 ilium
1164 3223 1298 3304 paruisse

96 3309 209 3388 legibus,
234 3329 309 3392 quas
331 3309 418 3380 uxori
440 3329 510 3372 suae
531 3306 746 3388 praescripsit?
791 3307 848 3368 Sed
871 3309 959 3368 hasce
981 3308 1162 3370 coniecturas
1176 3309 1298 3372 aliorum

94 3395 193 3458 iudicio
216 3395 427 3478 permittimus.

171 3483 245 3544 Cum
269 3500 322 3542 sua
345 3497 436 3560 porro
457 3497 548 3539 uxore
571 3478 782 3550 Tertullianus,
813 3475 901 3538 solito
924 3478 1079 3558 coniugum
1102 3496 1200 3549 more,
1222 3478 1297 3539 haud

92 3565 175 3628 dubie
196 3565 323 3639 vivebat,
346 3563 461 3644 quaudo
483 3562 532 3638 illi
545 3562 636 3623 libros
658 3563 791 3641 proxime
805 3562 938 3628 laudatos
954 3562 1068 3623 direxit.
1098 3561 1168 3622 Eam
1180 3562 1297 3640 quippe,

92 3652 115 3710 ri
137 3651 202 3732 ipse
224 3651 309 3731 prior
330 3647 481 3720 moriatur,
504 3639 539 3707 ad
562 3646 769 3708 continentiam
790 3647 820 3707 in
841 3646 979 3706 viduitate
1001 3646 1172 3708 servandam
1188 3645 1231 3704 sio
1245 3661 1298 3703 co·
1342 3661 1345 3672 ⁴

92 3735 243 3796 bortatur:
274 3735 313 3796 lit
335 3734 415 3815 guod
434 3737 466 3794 in
487 3736 687 3802 matrimonio,
709 3731 813 3809 iuquit,
836 3749 898 3793 noa
919 3730 1079 3798 valuimus,
1102 3733 1134 3791 in
1155 3729 1299 3789 viduitate

93 3833 247 3883 sectemur.
294 3817 504 3898 Amplectendo
528 3821 641 3878 occasio
664 3826 718 3886 est,
741 3835 815 3896 pauc
837 3816 939 3877 adimit
960 3816 1039 3896 quod
1059 3815 1218 3873 necessitas
1241 3813 1299 3870 lm-

92 3907 214 3984 pernbot
236 3903 374 3976 (Tertull.
404 3901 454 3962 lib.
476 3901 500 3962 l.
529 3899 565 3960 ad
587 3900 674 3961 Uxor.
704 3917 765 3978 cap.
790 3903 841 3976 7.).
892 3899 1041 3971 Quorsum
1071 3895 1148 3954 enim
1169 3894 1241 3955 haec
1261 3895 1297 3956 ad

96 3986 170 4050 iiiam
189 3990 256 4051 lecit
278 3987 379 4060 verita,
403 3986 427 4046 si
450 4005 465 4047 a
488 3993 631 4046 consueto
652 3983 829 4044 matrimonii
851 4001 908 4044 usu
929 3984 994 4063 ipse
1015 3997 1146 4058 uxorque
1162 3978 1225 4039 eius
1241 3979 1296 4042 sibi

100 4089 209 4153 semper
229 4069 501 4154 temperavissenti
551 4069 643 4130 Nemo
674 4077 770 4130 tamma
798 4077 860 4141 est,
893 4068 941 4146 qui
970 4066 1037 4127 inde
1059 4082 1118 4124 non
1140 4063 1294 4144 intellegat,
1373 4100 1376 4112 ·

99 4169 199 4235 quanto
220 4157 422 4221 Tertullianus
446 4153 641 4216 continentiae
664 4151 862 4230 castitatisque
886 4150 983 4211 studio
1006 4149 1198 4210 inflammatus
1215 4167 1295 4212 sem-

96 4259 154 4322 per
170 4245 272 4390 lpplrlrps
307 4332 405 4387 autem
437 4341 542 4385 mirum
571 4321 706 4384 omnibus
728 4319 819 4381 videri
842 4319 977 4390 deberet,
1009 4317 1086 4398 quod
1108 4317 1154 4379 ille
1175 4335 1297 4380 uxorem

95 4429 176 4474 suam
198 4413 234 4475 ad
258 4409 467 4474 continentiam
490 4408 536 4468 his
559 4406 692 4468 inlibris
715 4405 896 4476 adhortetur,
920 4401 946 4462 si
968 4420 1035 4463 vera
1050 4402 1089 4463 sit
1103 4402 1138 4465 dc
1153 4411 1294 4481 tempore,

93 4515 150 4576 quo
183 4497 286 4580 scripti
317 4503 401 4568 sunt,
432 4493 613 4574 quorundam
641 4510 705 4552 cum
733 4488 980 4550 heterodoxorum
1007 4496 1068 4550 tum
1090 4487 1298 4548 catholicorum

96 4583 204 4664 opinio.
255 4581 299 4643 hh
334 4580 384 4642 illo
419 4579 496 4642 enim
528 4578 623 4640 editos
659 4574 846 4657 suspicantur·
872 4577 931 4633 tam
959 4569 1175 4653 ingravescente
1202 4567 1296 4650 ipsius
