3132 5238
508 409 642 454 sucrons
665 411 769 452 secono
792 407 929 453 rausero.
1283 395 1324 458 t't

107 565 267 640 eniprare,
301 563 441 622 sarcinas
470 561 627 640 eaperlire,
660 559 751 640 lupae
777 563 895 638 arnapi
914 559 949 621 tle
970 561 1089 622 civitate
1110 563 1143 622 in
1166 562 1324 624 civitaten.

106 643 181 708 Novi
207 655 239 705 et
263 653 408 724 pastores
437 661 541 705 eornrn
568 648 601 704 in
620 661 694 724 poce
717 643 832 715 hones,
855 647 888 705 in
906 642 1026 724 proelio
1049 661 1164 706 cervos.
1208 646 1269 708 Seri
1290 648 1326 708 tle

106 728 332 810 quaestionibus
366 727 590 810 confessionum
622 728 697 789 alibi
725 728 901 790 docebimus.
944 727 1069 789 Benotat
1102 728 1180 790 enim
1209 729 1249 790 ibi
1277 739 1326 792 ant

107 813 211 874 librum
241 811 278 873 de
299 811 378 891 Fuga
406 811 436 871 in
470 811 695 884 Persecutione,
728 819 778 873 aut
809 812 888 890 quod
920 811 1013 890 magis
1045 812 1151 890 placet,
1184 813 1324 894 Scorpio-

107 917 157 958 eon
179 896 324 957 adeamus
348 895 516 956 Gnostioos.
549 895 666 974 (scorp.
689 913 751 976 cap.
777 899 829 972 1.),
861 912 969 974 nempe
996 897 1158 959 Prodicum
1180 898 1325 979 Scorpia-

107 1001 173 1042 nnne
205 990 237 1042 et
269 981 346 1042 alios
383 979 607 1041 Valentinianos
641 983 862 1060 martyriorum
889 981 1115 1059 resrapetores,
1144 982 1193 1060 qui
1215 984 1273 1044 iarn
1294 983 1324 1045 in

106 1065 228 1126 hlrioam
251 1065 416 1142 irrumpere
438 1071 605 1142 coeperant.
648 1063 797 1125 Fortassis
818 1064 906 1125 etiem
927 1063 1039 1126 Rornae
1060 1065 1211 1144 scripturn.
1240 1067 1273 1128 ln
1289 1085 1325 1130 eo

107 1151 180 1210 enim
204 1155 235 1208 et
258 1151 293 1210 tle
315 1149 540 1230 procationibus
564 1149 800 1224 confessionam,
835 1147 864 1208 id
887 1155 947 1220 est,
982 1149 1061 1227 quod
1083 1147 1215 1210 confiteri
1237 1151 1325 1212 Chri-

107 1241 178 1294 stom
200 1251 327 1294 necesse
348 1233 396 1306 sit,
418 1231 560 1294 latissime
581 1231 709 1303 deducit,
731 1241 761 1293 et
781 1232 1015 1310 persecutionem
1037 1233 1170 1294 omnium
1184 1235 1325 1312 gravissi·

108 1337 194 1391 mam,
226 1335 305 1395 quae
336 1315 413 1378 diota
440 1316 595 1377 occasione
617 1323 686 1394 post
705 1316 824 1394 longam
845 1333 946 1394 pacem
968 1319 1083 1397 (utpote
1104 1336 1194 1396 quum
1216 1318 1327 1380 hornae

108 1409 134 1462 et
153 1402 184 1462 in
204 1401 304 1462 hirica
325 1401 362 1462 ad
383 1396 414 1462 id
435 1400 578 1479 temporis
601 1400 685 1478 pauci
707 1399 845 1478 leguntur
866 1400 922 1462 sub
938 1401 1048 1461 Severo
1069 1402 1150 1479 passi
1173 1407 1327 1481 martyres)

109 1485 294 1546 recruduisse
315 1485 441 1557 videtur,
463 1481 509 1546 bis
531 1483 629 1544 verbis
652 1483 812 1545 describat:
835 1483 872 1545 ln
891 1489 1134 1564 praenuntiarunt
1155 1488 1327 1548 estmerls'rn

109 1570 213 1641 orior,
246 1573 316 1650 ipso
348 1567 486 1630 canicula
514 1572 734 1650 persecutionis
762 1569 799 1630 ob
827 1572 886 1631 isto
908 1569 1021 1631 seilicet
1042 1569 1242 1649 cynoeepbalo
1264 1569 1327 1644 (ubi

111 1663 155 1714 aut
175 1653 320 1715 Severum
344 1653 570 1733 imperatorem,
592 1660 642 1712 ant
663 1651 761 1730 potius
783 1651 865 1713 urhis
887 1651 998 1712 Rornae
1017 1655 1198 1730 praelectum
1219 1655 1250 1715 in
1272 1654 1326 1715 ab-

111 1737 197 1798 sentia
218 1737 300 1799 illius
322 1737 381 1798 iam
403 1737 434 1798 in
464 1736 644 1798 Britanniam
671 1735 795 1816 proiecti
821 1734 984 1815 intelligit);
1018 1735 1095 1799 alios
1123 1740 1214 1816 spuis,
1248 1738 1327 1802 alios

114 1821 229 1900 alodios
256 1822 336 1884 alios
359 1823 470 1884 bestiae
493 1821 682 1884 Christianos
700 1820 929 1900 probaverunt,
962 1820 1019 1882 olii
1043 1822 1178 1901 snsnhus
1199 1826 1328 1902 insuper

117 1915 142 1966 et
164 1906 280 1984 aspeh's
305 1906 463 1986 iepsssteto
483 1909 648 1984 nnrtprio,
680 1907 713 1965 in
734 1922 856 1966 earcere
876 1908 1026 1966 mouent.
1068 1905 1163 1966 Porro
1185 1907 1328 1968 Severum

117 1999 258 2068 propterea
281 1989 436 2052 absentem
458 1989 490 2050 in
510 1987 659 2050 Britannia
681 1987 819 2061 diximus,
841 1989 920 2068 quod
936 1987 1131 2070 expeditionis
1144 1989 1328 2052 Britannicae

116 2071 166 2134 bac
184 2093 270 2148 anno,
295 2072 340 2136 uti
362 2083 447 2135 antea
468 2073 667 2152 probavimus,
689 2074 781 2133 ianae
802 2072 991 2134 meminerint
1012 2073 1120 2134 Euseb.
1141 2074 1173 2134 in
1190 2074 1326 2137 Chronic

116 2157 194 2220 Oros.
224 2157 276 2220 lib.
301 2157 362 2218 vlt.
396 2176 459 2236 cap.
481 2160 511 2221 2.
544 2156 652 2218 Paulus
673 2156 822 2218 Diaconos
855 2156 905 2218 lib.
928 2157 1001 2217 Vlll.
1024 2175 1088 2239 cap.
1113 2161 1152 2230 l.,
1180 2167 1247 2219 ante
1274 2177 1327 2222 eos

116 2241 300 2320 Spartianus,
321 2241 527 2314 Herodianus,
550 2249 580 2302 et
601 2241 654 2302 Bio
673 2240 705 2302 in
727 2241 849 2302 Severo.
887 2239 1025 2302 Nondum
1044 2241 1126 2303 enirn
1148 2241 1328 2304 Britanniam

116 2323 245 2388 Romanis
268 2327 406 2406 paruisse
427 2327 464 2387 oo
484 2325 516 2386 id
537 2343 629 2404 usqne
661 2325 821 2404 temporis,
853 2326 941 2386 etiem
963 2325 1029 2404 ipse
1049 2325 1147 2388 verbis
1170 2325 1217 2388 his
1238 2345 1330 2407 snpra

115 2410 201 2472 anis
228 2411 357 2472 indicat:
386 2422 415 2472 et
436 2411 657 2472 Britannorum
677 2414 829 2472 inaccesso
850 2407 994 2472 hontonis
1016 2411 1090 2482 loeo,
1114 2411 1234 2473 canan
1254 2429 1330 2474 vera

116 2495 226 2556 subdito
254 2495 341 2565 (hdr.
363 2495 426 2556 lud.
447 2514 473 2555 c.
497 2497 550 2571 7.),
578 2501 680 2573 utpote
701 2493 793 2555 Lucio
814 2493 1028 2556 Britanniamm
1056 2511 1126 2574 rege
1152 2495 1330 2574 paniosate

116 2595 166 2656 ope
186 2577 217 2640 S.
239 2579 393 2640 Eleutheri
420 2597 513 2658 papae
533 2578 570 2638 nd
592 2578 679 2639 iidem
694 2595 848 2654 conversa,
869 2577 938 2640 item
953 2579 1042 2640 etiam
1056 2578 1130 2641 illis:
1153 2580 1330 2642 Britanniae

117 2665 192 2724 istra
212 2667 321 2727 oceani
338 2665 417 2746 fines
438 2661 597 2725 conclusae
617 2673 700 2724 sunt.

191 2833 277 2892 Anno
306 2829 426 2892 Domini
453 2828 536 2890 CCX.
582 2829 613 2889 S.
636 2827 791 2908 zephyrini
814 2829 963 2890 Bomanoe
985 2826 1133 2907 pontilicis
1156 2829 1205 2890 xt.
1228 2831 1330 2890 Severi

117 2913 211 2992 imper.
232 2913 324 2976 xvtr.
352 2915 390 2975 bl.
413 2912 533 2974 Aurelio
555 2912 676 2973 Claudio
698 2912 736 2972 bl.
759 2911 790 2972 t.
813 2911 992 2990 Pompeiano
1021 2921 1051 2971 et
1083 2911 1217 2972 Lolliano
1246 2912 1330 2974 heito

118 3017 188 3059 coss.
209 2999 323 3060 Rornae
345 2998 440 3059 adhuc
461 2998 590 3059 existens
606 2995 804 3056 Tertullianus
827 2995 983 3073 scripsisse
1009 2995 1080 3056 mihi
1095 2995 1210 3056 ridetur
1224 2995 1331 3057 librum

119 3079 155 3142 he
174 3083 311 3144 Velandis
328 3082 508 3161 Virginibus,
530 3097 618 3160 quem
634 3079 745 3140 Graece
766 3095 883 3157 qnoque
905 3079 1045 3158 scripturn
1068 3097 1135 3140 esse
1156 3079 1204 3142 his
1227 3082 1332 3142 iatetm

120 3165 222 3230 rabis:
246 3167 417 3246 Proprium
437 3171 497 3228 ianr
518 3167 668 3244 nepotiano
686 3181 798 3244 passas
812 3181 894 3225 neae
916 3166 1074 3243 opinionis,
1099 3163 1202 3226 botone
1217 3183 1333 3247 quoque

124 3253 264 3312 ostendam
288 3255 421 3330 viraines
443 3261 566 3312 nostros
588 3248 689 3309 velari
715 3258 856 3328 oportere
883 3247 937 3318 too
958 3247 1018 3308 Vel.
1042 3246 1121 3326 Virg.
1144 3267 1169 3308 c.
1196 3253 1245 3324 l.).
1289 3249 1332 3310 Ile

126 3351 174 3409 qno
196 3344 370 3415 argrrmento
393 3353 470 3394 anno
497 3331 632 3411 sequenti
657 3331 754 3392 latius.
800 3330 962 3410 Scripsisse
988 3330 1076 3392 etiam
1105 3331 1265 3394 verisimile
1287 3341 1334 3394 est

124 3417 300 3498 paulopost,
327 3419 386 3480 iarn
409 3417 613 3496 Carthaginem
634 3433 794 3488 reversum,
823 3413 931 3478 librum
953 3415 1101 3478 Adversus
1122 3415 1264 3490 Praxean,
1295 3417 1333 3479 tle

123 3519 173 3578 qno
192 3503 318 3565 hoctor:
348 3503 418 3572 lste,
440 3501 544 3580 inquit,
563 3505 684 3581 primus
706 3519 746 3562 en
767 3500 839 3561 Asia
861 3500 915 3562 boo
935 3517 1029 3580 penus
1048 3505 1261 3580 perversitatis
1284 3505 1333 3563 in-

122 3585 185 3650 talit
204 3587 332 3660 hornam
358 3587 443 3648 borno
466 3597 494 3647 et
516 3584 593 3647 olias
616 3588 782 3666 inquiente,
810 3587 938 3664 increper
959 3595 988 3645 et
1010 3585 1045 3646 le
1066 3590 1227 3647 laetatione
1248 3603 1352 3662 ntor-h

122 3675 190 3748 tyrii
207 3675 338 3752 inflatas
362 3671 397 3733 ob
419 3669 517 3731 solunt
539 3679 567 3730 et
588 3668 716 3749 simplen
737 3678 765 3730 et
787 3668 876 3730 breve
898 3673 1028 3730 aaronis
1044 3669 1181 3730 tecelinus.
1212 3667 1335 3730 Freteti·

121 3767 258 3818 manant
280 3773 393 3817 uveam
415 3753 592 3816 Proueanoe
611 3753 656 3814 hio
684 3771 797 3834 quoque
825 3753 944 3828 (nempe
965 3752 995 3814 in
1016 3753 1123 3827 hirioa)
1151 3755 1334 3828 supersemi-

121 3849 213 3910 sotae,
235 3842 396 3902 audactae
418 3839 521 3900 lebino
541 3855 598 3916 per
619 3855 705 3916 quens
717 3835 796 3898 Dens
818 3835 916 3898 voluit
936 3838 1091 3915 (quomam
1113 3841 1248 3910 apparet,
1277 3833 1333 3894 Ze-

123 3921 272 4000 phyrinum
299 3941 422 4004 papam,
455 3929 557 4000 utpote
579 3921 616 3981 de
637 3937 696 3999 qno
718 3920 774 3980 tale
790 3921 865 3998 ‚qnid
887 3920 983 3980 tradat
1001 3919 1034 3978 B.
1051 3917 1119 3994 Ops
1135 3915 1253 3977 bhilevit
1275 3916 1295 3980 l.
1311 3917 1333 3980 l.

125 4015 215 4068 canna
237 4007 447 4083 Parmenion),
479 4010 569 4068 etienr
591 4005 713 4067 evulsae
734 4004 924 4066 alebantur.
968 4002 1102 4080 Benr'prte
1124 4012 1247 4063 moeret
1264 4006 1335 4082 pri-

128 4095 228 4154 stinum
250 4095 359 4155 doctor
375 4093 410 4152 te
431 4091 634 4152 eneosolotione
655 4107 721 4160 suo,
745 4099 773 4150 et
793 4098 895 4150 monet
917 4085 1150 4165 clsiroprophuns
1163 4087 1245 4165 opud
1260 4086 1335 4166 Pep-

130 4171 222 4247 obieos,
244 4178 328 4257 apud
348 4193 423 4257 quos
445 4185 517 4236 tune
538 4191 588 4235 res
609 4183 695 4253 peste
716 4183 769 4242 est,
791 4173 898 4234 carinae
919 4169 1080 4232 ettennon.
1124 4174 1241 4232 nomae
1263 4188 1335 4233 vero

126 4255 189 4320 illae
213 4263 323 4344 ubique
353 4271 424 4321 torno
444 4277 544 4321 semen
566 4269 773 4320 evaseserunt.
817 4255 866 4317 lta
887 4254 1069 4336 alr'quentlin
1082 4272 1141 4334 per
1162 4253 1336 4334 bppoerisirt

124 4343 243 4406 cellola
265 4349 426 4406 oioantate
447 4343 580 4406 latitavit
604 4352 634 4403 et
666 4357 747 4402 ronne
769 4342 865 4402 denno
888 4342 989 4416 erupit
1020 4337 1103 4412 (hdr.
1125 4338 1209 4398 Pras.
1233 4358 1258 4400 c.
1284 4342 1334 4411 ¹·l·

125 4421 162 4484 Ex
191 4429 299 4505 quihus
332 4425 431 4488 serbis
462 4425 533 4486 setis
560 4432 641 4503 patet
671 4432 701 4485 et
732 4441 889 4484 revocesse
916 4437 999 4482 suom
1020 4421 1158 4484 haeresin
1180 4421 1335 4501 aliquando

125 4505 249 4573 Praxean
271 4508 613 4594 disputatione-alicuius
636 4507 837 4579 emendatum,
866 4505 1046 4568 seditermn
1068 4506 1216 4584 relapsum
1239 4506 1336 4566 denno

125 4595 268 4673 empisse,
289 4606 319 4658 et
340 4595 411 4658 dum
432 4593 480 4655 hic
500 4593 574 4655 liber
594 4593 782 4664 scriberetur,
804 4590 899 4652 adhuc
920 4589 1126 4670 supervixisse.
1162 4590 1336 4668 Quanquam
