<?xml version="1.0" encoding="UTF-8"?>
<!DOCTYPE html PUBLIC "-//W3C//DTD XHTML 1.0 Transitional//EN"
    "http://www.w3.org/TR/xhtml1/DTD/xhtml1-transitional.dtd">
<html xmlns="http://www.w3.org/1999/xhtml" xml:lang="en" lang="en">
 <head>
  <title>
</title>
<meta http-equiv="Content-Type" content="text/html;charset=utf-8" />
  <meta name='ocr-system' content='tesseract 3.04.00' />
  <meta name='ocr-capabilities' content='ocr_page ocr_carea ocr_par ocr_line ocrx_word'/>
</head>
<body>
  <div class='ocr_page' id='page_1' title='image "./quaesupersuntom01oehlgoog_0503.png"; bbox 0 0 3166 5250; ppageno 0'>
   <div class='ocr_carea' id='block_1_1' title="bbox 305 359 1404 456">
    <p class='ocr_par' dir='ltr' id='par_1_1' title="bbox 305 359 1404 462">
     <span class='ocr_line' id='line_1_1' title="bbox 305 359 1404 456; baseline -0.005 -3"><span class='ocrx_word' id='word_1_1' title='bbox 305 390 369 452; x_wconf 84' lang='grc'>496</span> <span class='ocrx_word' id='word_1_2' title='bbox 391 405 581 456; x_wconf 54' lang='grc' dir='ltr'>,υιεουιειτιο</span> <span class='ocrx_word' id='word_1_3' title='bbox 603 405 641 448; x_wconf 87' lang='lat' dir='ltr'>nc</span> <span class='ocrx_word' id='word_1_4' title='bbox 663 359 1197 454; x_wconf 71' lang='lat' dir='ltr'>mnsmaarsocrr,srouocsr1c1</span> <span class='ocrx_word' id='word_1_5' title='bbox 1219 403 1404 448; x_wconf 82' lang='lat' dir='ltr'>anonumum</span> 
     </span>
    </p>
   </div>
   <div class='ocr_carea' id='block_1_2' title="bbox 301 553 1513 1314">
    <p class='ocr_par' dir='ltr' id='par_1_2' title="bbox 301 553 1513 1314">
     <span class='ocr_line' id='line_1_2' title="bbox 301 553 1486 636; baseline -0.002 -18"><span class='ocrx_word' id='word_1_6' title='bbox 301 557 389 636; x_wconf 64' lang='lat' dir='ltr'>(Cap.</span> <span class='ocrx_word' id='word_1_7' title='bbox 412 557 446 617; x_wconf 77' lang='lat' dir='ltr'>V.</span> <span class='ocrx_word' id='word_1_8' title='bbox 468 576 498 635; x_wconf 91' lang='lat' dir='ltr'>p.</span> <span class='ocrx_word' id='word_1_9' title='bbox 521 557 601 632; x_wconf 75' lang='lat' dir='ltr'>bu),</span> <span class='ocrx_word' id='word_1_10' title='bbox 628 573 704 634; x_wconf 89' lang='lat' dir='ltr'>quos</span> <span class='ocrx_word' id='word_1_11' title='bbox 727 571 832 618; x_wconf 91' lang='lat' dir='ltr'>omnes</span> <span class='ocrx_word' id='word_1_12' title='bbox 855 553 1045 634; x_wconf 75' lang='lat' dir='ltr'>turpitudinis</span> <span class='ocrx_word' id='word_1_13' title='bbox 1068 555 1271 634; x_wconf 78' lang='lat' dir='ltr'><strong>scelerumque</strong></span> <span class='ocrx_word' id='word_1_14' title='bbox 1292 553 1401 616; x_wconf 78' lang='lat' dir='ltr'>infamis</span> <span class='ocrx_word' id='word_1_15' title='bbox 1420 564 1486 616; x_wconf 90' lang='lat' dir='ltr'>nota-</span> 
     </span>
     <span class='ocr_line' id='line_1_3' title="bbox 307 638 1485 719; baseline -0.003 -15"><span class='ocrx_word' id='word_1_16' title='bbox 307 652 356 704; x_wconf 90' lang='lat' dir='ltr'>tos</span> <span class='ocrx_word' id='word_1_17' title='bbox 378 640 564 719; x_wconf 90' lang='lat' dir='ltr'>Neronisque</span> <span class='ocrx_word' id='word_1_18' title='bbox 586 639 751 702; x_wconf 87' lang='lat' dir='ltr'>similbmos</span> <span class='ocrx_word' id='word_1_19' title='bbox 773 639 866 701; x_wconf 90' lang='lat' dir='ltr'>luisse</span> <span class='ocrx_word' id='word_1_20' title='bbox 897 639 1057 702; x_wconf 87' lang='lat' dir='ltr'>contendit.</span> <span class='ocrx_word' id='word_1_21' title='bbox 1103 640 1198 713; x_wconf 88' lang='lat' dir='ltr'>Quam</span> <span class='ocrx_word' id='word_1_22' title='bbox 1222 638 1280 700; x_wconf 91' lang='lat' dir='ltr'>late</span> <span class='ocrx_word' id='word_1_23' title='bbox 1301 638 1371 700; x_wconf 90' lang='lat' dir='ltr'>baec</span> <span class='ocrx_word' id='word_1_24' title='bbox 1389 638 1485 700; x_wconf 86' lang='lat' dir='ltr'>adsero-</span> 
     </span>
     <span class='ocr_line' id='line_1_4' title="bbox 306 723 1485 805; baseline -0.003 -18"><span class='ocrx_word' id='word_1_25' title='bbox 306 726 382 788; x_wconf 91' lang='lat' dir='ltr'>ratio</span> <span class='ocrx_word' id='word_1_26' title='bbox 410 733 523 805; x_wconf 88' lang='lat' dir='ltr'>pateat,</span> <span class='ocrx_word' id='word_1_27' title='bbox 556 743 617 786; x_wconf 91' lang='lat' dir='ltr'>non</span> <span class='ocrx_word' id='word_1_28' title='bbox 644 724 773 803; x_wconf 89' lang='lat' dir='ltr'>inquiro.</span> <span class='ocrx_word' id='word_1_29' title='bbox 816 724 893 789; x_wconf 90' lang='lat' dir='ltr'>Satis</span> <span class='ocrx_word' id='word_1_30' title='bbox 921 725 992 786; x_wconf 88' lang='lat' dir='ltr'>mibi</span> <span class='ocrx_word' id='word_1_31' title='bbox 1020 735 1080 799; x_wconf 87' lang='lat' dir='ltr'>est,</span> <span class='ocrx_word' id='word_1_32' title='bbox 1113 724 1193 804; x_wconf 94' lang='lat' dir='ltr'>quod</span> <span class='ocrx_word' id='word_1_33' title='bbox 1214 741 1249 786; x_wconf 86' lang='lat' dir='ltr'>ex</span> <span class='ocrx_word' id='word_1_34' title='bbox 1273 743 1306 785; x_wconf 89' lang='lat' dir='ltr'>ea</span> <span class='ocrx_word' id='word_1_35' title='bbox 1327 723 1451 786; x_wconf 81' lang='lat' dir='ltr'>Severum</span> <span class='ocrx_word' id='word_1_36' title='bbox 1466 726 1485 784; x_wconf 91' lang='lat' dir='ltr'>in</span> 
     </span>
     <span class='ocr_line' id='line_1_5' title="bbox 307 808 1486 889; baseline -0.003 -16"><span class='ocrx_word' id='word_1_37' title='bbox 307 829 410 874; x_wconf 90' lang='lat' dir='ltr'>eornm</span> <span class='ocrx_word' id='word_1_38' title='bbox 431 827 567 882; x_wconf 87' lang='lat' dir='ltr'>numero,</span> <span class='ocrx_word' id='word_1_39' title='bbox 590 809 639 889; x_wconf 92' lang='lat' dir='ltr'>qui</span> <span class='ocrx_word' id='word_1_40' title='bbox 661 809 691 870; x_wconf 95' lang='lat' dir='ltr'>in</span> <span class='ocrx_word' id='word_1_41' title='bbox 707 809 889 872; x_wconf 82' lang='lat' dir='ltr'>Christianos</span> <span class='ocrx_word' id='word_1_42' title='bbox 912 810 1029 872; x_wconf 80' lang='lat' dir='ltr'>demeta</span> <span class='ocrx_word' id='word_1_43' title='bbox 1050 809 1208 883; x_wconf 81' lang='lat' dir='ltr'>sanxerint,</span> <span class='ocrx_word' id='word_1_44' title='bbox 1232 808 1267 870; x_wconf 90' lang='lat' dir='ltr'>ab</span> <span class='ocrx_word' id='word_1_45' title='bbox 1290 827 1325 870; x_wconf 89' lang='lat' dir='ltr'>eo</span> <span class='ocrx_word' id='word_1_46' title='bbox 1346 826 1402 869; x_wconf 90' lang='lat' dir='ltr'>non</span> <span class='ocrx_word' id='word_1_47' title='bbox 1420 808 1486 869; x_wconf 86' lang='lat' dir='ltr'>luisse</span> 
     </span>
     <span class='ocr_line' id='line_1_6' title="bbox 306 892 1513 974; baseline -0.002 -17"><span class='ocrx_word' id='word_1_48' title='bbox 306 893 437 957; x_wconf 90' lang='lat' dir='ltr'>habitum</span> <span class='ocrx_word' id='word_1_49' title='bbox 465 902 572 974; x_wconf 80' lang='lat' dir='ltr'>pateat</span> <span class='ocrx_word' id='word_1_50' title='bbox 615 893 700 970; x_wconf 68' lang='lat' dir='ltr'>Ratio</span> <span class='ocrx_word' id='word_1_51' title='bbox 731 895 796 973; x_wconf 91' lang='lat' dir='ltr'>ipsa</span> <span class='ocrx_word' id='word_1_52' title='bbox 823 893 911 956; x_wconf 93' lang='lat' dir='ltr'>buius</span> <span class='ocrx_word' id='word_1_53' title='bbox 938 895 981 956; x_wconf 91' lang='lat' dir='ltr'>rei</span> <span class='ocrx_word' id='word_1_54' title='bbox 1010 895 1094 957; x_wconf 89' lang='lat' dir='ltr'>testis</span> <span class='ocrx_word' id='word_1_55' title='bbox 1126 901 1182 956; x_wconf 85' lang='lat' dir='ltr'>est</span> <span class='ocrx_word' id='word_1_56' title='bbox 1224 892 1331 972; x_wconf 82' lang='lat' dir='ltr'>Ecquis</span> <span class='ocrx_word' id='word_1_57' title='bbox 1359 892 1429 954; x_wconf 91' lang='lat' dir='ltr'>enim</span> <span class='ocrx_word' id='word_1_58' title='bbox 1445 903 1486 954; x_wconf 88' lang='lat' dir='ltr'>uu</span> <span class='ocrx_word' id='word_1_59' title='bbox 1512 939 1513 942; x_wconf 63' lang='lat'>,</span> 
     </span>
     <span class='ocr_line' id='line_1_7' title="bbox 306 976 1485 1058; baseline -0.003 -17"><span class='ocrx_word' id='word_1_60' title='bbox 306 999 424 1054; x_wconf 90' lang='lat' dir='ltr'>amens,</span> <span class='ocrx_word' id='word_1_61' title='bbox 457 989 489 1040; x_wconf 94' lang='lat' dir='ltr'>ut</span> <span class='ocrx_word' id='word_1_62' title='bbox 515 979 677 1058; x_wconf 80' lang='lat' dir='ltr'>sapientem</span> <span class='ocrx_word' id='word_1_63' title='bbox 698 978 792 1040; x_wconf 76' lang='lat' dir='ltr'>vnum</span> <span class='ocrx_word' id='word_1_64' title='bbox 814 978 871 1040; x_wconf 87' lang='lat' dir='ltr'>sibi</span> <span class='ocrx_word' id='word_1_65' title='bbox 893 979 1069 1058; x_wconf 88' lang='lat' dir='ltr'>persuadeat</span> <span class='ocrx_word' id='word_1_66' title='bbox 1088 980 1146 1040; x_wconf 90' lang='lat' dir='ltr'>hoc</span> <span class='ocrx_word' id='word_1_67' title='bbox 1166 985 1337 1057; x_wconf 78' lang='lat' dir='ltr'>argumento</span> <span class='ocrx_word' id='word_1_68' title='bbox 1358 976 1429 1056; x_wconf 78' lang='lat' dir='ltr'>leges</span> <span class='ocrx_word' id='word_1_69' title='bbox 1446 976 1485 1037; x_wconf 88' lang='lat' dir='ltr'>in-</span> 
     </span>
     <span class='ocr_line' id='line_1_8' title="bbox 305 1061 1486 1145; baseline -0.004 -19"><span class='ocrx_word' id='word_1_70' title='bbox 305 1073 500 1145; x_wconf 77' lang='lat' dir='ltr'>pugnatsuum</span> <span class='ocrx_word' id='word_1_71' title='bbox 521 1065 623 1136; x_wconf 89' lang='lat' dir='ltr'>fuisse,</span> <span class='ocrx_word' id='word_1_72' title='bbox 647 1063 672 1125; x_wconf 92' lang='lat' dir='ltr'>si</span> <span class='ocrx_word' id='word_1_73' title='bbox 694 1081 786 1142; x_wconf 89' lang='lat' dir='ltr'>penes</span> <span class='ocrx_word' id='word_1_74' title='bbox 807 1081 894 1143; x_wconf 92' lang='lat' dir='ltr'>quem</span> <span class='ocrx_word' id='word_1_75' title='bbox 916 1072 979 1126; x_wconf 88' lang='lat' dir='ltr'>tum</span> <span class='ocrx_word' id='word_1_76' title='bbox 999 1083 1112 1126; x_wconf 89' lang='lat' dir='ltr'>summa</span> <span class='ocrx_word' id='word_1_77' title='bbox 1133 1081 1232 1126; x_wconf 90' lang='lat' dir='ltr'>rerum</span> <span class='ocrx_word' id='word_1_78' title='bbox 1256 1069 1320 1124; x_wconf 91' lang='lat' dir='ltr'>erat</span> <span class='ocrx_word' id='word_1_79' title='bbox 1333 1061 1486 1122; x_wconf 87' lang='lat' dir='ltr'>eodemsese</span> 
     </span>
     <span class='ocr_line' id='line_1_9' title="bbox 305 1144 1485 1234; baseline -0.007 -22"><span class='ocrx_word' id='word_1_80' title='bbox 305 1149 428 1212; x_wconf 81' lang='lat' dir='ltr'>animiam</span> <span class='ocrx_word' id='word_1_81' title='bbox 450 1148 642 1234; x_wconf 84' lang='lat' dir='ltr'>obstrinxisse</span> <span class='ocrx_word' id='word_1_82' title='bbox 664 1147 866 1210; x_wconf 78' lang='lat' dir='ltr'>constitisset?</span> <span class='ocrx_word' id='word_1_83' title='bbox 909 1148 1057 1211; x_wconf 82' lang='lat' dir='ltr'>Festivom</span> <span class='ocrx_word' id='word_1_84' title='bbox 1078 1151 1210 1229; x_wconf 88' lang='lat' dir='ltr'>prolecto</span> <span class='ocrx_word' id='word_1_85' title='bbox 1233 1144 1426 1209; x_wconf 77' lang='lat' dir='ltr'>defensorem!</span> <span class='ocrx_word' id='word_1_86' title='bbox 1453 1146 1485 1224; x_wconf 90' lang='lat' dir='ltr'>qni</span> 
     </span>
     <span class='ocr_line' id='line_1_10' title="bbox 302 1231 1485 1314; baseline -0.005 -18"><span class='ocrx_word' id='word_1_87' title='bbox 302 1235 529 1314; x_wconf 81' lang='lat' dir='ltr'>imperatorem,</span> <span class='ocrx_word' id='word_1_88' title='bbox 561 1233 644 1296; x_wconf 88' lang='lat' dir='ltr'>euius</span> <span class='ocrx_word' id='word_1_89' title='bbox 667 1233 796 1294; x_wconf 91' lang='lat' dir='ltr'>animum</span> <span class='ocrx_word' id='word_1_90' title='bbox 818 1233 949 1296; x_wconf 90' lang='lat' dir='ltr'>emobire</span> <span class='ocrx_word' id='word_1_91' title='bbox 971 1233 1121 1313; x_wconf 88' lang='lat' dir='ltr'>cupiebat,</span> <span class='ocrx_word' id='word_1_92' title='bbox 1154 1233 1191 1294; x_wconf 92' lang='lat' dir='ltr'>iis</span> <span class='ocrx_word' id='word_1_93' title='bbox 1213 1231 1426 1304; x_wconf 76' lang='lat' dir='ltr'>adnumeraret,</span> <span class='ocrx_word' id='word_1_94' title='bbox 1452 1231 1485 1308; x_wconf 90' lang='lat' dir='ltr'>qni</span> 
     </span>
    </p>
   </div>
   <div class='ocr_carea' id='block_1_3' title="bbox 181 1316 1484 1396">
    <p class='ocr_par' dir='ltr' id='par_1_3' title="bbox 181 1316 1484 1396">
     <span class='ocr_line' id='line_1_11' title="bbox 181 1316 1484 1396; baseline -0.006 -14"><span class='ocrx_word' id='word_1_95' title='bbox 181 1335 186 1348; x_wconf 81' lang='lat'><strong>¹</strong></span> <span class='ocrx_word' id='word_1_96' title='bbox 305 1317 471 1382; x_wconf 84' lang='lat' dir='ltr'>mortalium</span> <span class='ocrx_word' id='word_1_97' title='bbox 493 1318 667 1396; x_wconf 89' lang='lat' dir='ltr'>nequissimi</span> <span class='ocrx_word' id='word_1_98' title='bbox 689 1318 819 1396; x_wconf 91' lang='lat' dir='ltr'>nullique</span> <span class='ocrx_word' id='word_1_99' title='bbox 841 1318 958 1396; x_wconf 82' lang='lat' dir='ltr'>llagitiis</span> <span class='ocrx_word' id='word_1_100' title='bbox 980 1319 1101 1380; x_wconf 86' lang='lat' dir='ltr'>secundi</span> <span class='ocrx_word' id='word_1_101' title='bbox 1122 1319 1248 1380; x_wconf 89' lang='lat' dir='ltr'>lucrant.</span> <span class='ocrx_word' id='word_1_102' title='bbox 1278 1316 1387 1378; x_wconf 89' lang='lat' dir='ltr'>Laudat</span> <span class='ocrx_word' id='word_1_103' title='bbox 1406 1333 1484 1375; x_wconf 90' lang='lat' dir='ltr'>econ·</span> 
     </span>
    </p>
   </div>
   <div class='ocr_carea' id='block_1_4' title="bbox 295 1400 1513 2496">
    <p class='ocr_par' dir='ltr' id='par_1_4' title="bbox 295 1400 1513 2496">
     <span class='ocr_line' id='line_1_12' title="bbox 304 1400 1486 1483; baseline -0.007 -17"><span class='ocrx_word' id='word_1_104' title='bbox 304 1404 395 1466; x_wconf 87' lang='lat' dir='ltr'>traria</span> <span class='ocrx_word' id='word_1_105' title='bbox 416 1403 572 1483; x_wconf 86' lang='lat' dir='ltr'>aliquoties</span> <span class='ocrx_word' id='word_1_106' title='bbox 593 1403 734 1482; x_wconf 83' lang='lat' dir='ltr'>Severum</span> <span class='ocrx_word' id='word_1_107' title='bbox 756 1402 865 1464; x_wconf 84' lang='lat' dir='ltr'>Noster</span> <span class='ocrx_word' id='word_1_108' title='bbox 890 1421 924 1464; x_wconf 88' lang='lat' dir='ltr'>aa</span> <span class='ocrx_word' id='word_1_109' title='bbox 951 1407 1226 1479; x_wconf 78' lang='lat' dir='ltr'>constantissimum</span> <span class='ocrx_word' id='word_1_110' title='bbox 1254 1400 1379 1481; x_wconf 88' lang='lat' dir='ltr'>appebat</span> <span class='ocrx_word' id='word_1_111' title='bbox 1394 1401 1486 1482; x_wconf 76' lang='lat' dir='ltr'>princi</span> 
     </span>
     <span class='ocr_line' id='line_1_13' title="bbox 303 1483 1485 1570; baseline -0.007 -19"><span class='ocrx_word' id='word_1_112' title='bbox 303 1509 378 1570; x_wconf 89' lang='lat' dir='ltr'>pum</span> <span class='ocrx_word' id='word_1_113' title='bbox 399 1489 480 1568; x_wconf 84' lang='lat' dir='ltr'>[Gap.</span> <span class='ocrx_word' id='word_1_114' title='bbox 503 1488 550 1549; x_wconf 88' lang='lat' dir='ltr'>tv.</span> <span class='ocrx_word' id='word_1_115' title='bbox 572 1505 601 1566; x_wconf 90' lang='lat' dir='ltr'>p.</span> <span class='ocrx_word' id='word_1_116' title='bbox 620 1491 695 1564; x_wconf 74' lang='lat'>52).</span> <span class='ocrx_word' id='word_1_117' title='bbox 738 1487 818 1550; x_wconf 81' lang='lat' dir='ltr'>Adeo</span> <span class='ocrx_word' id='word_1_118' title='bbox 841 1497 972 1550; x_wconf 91' lang='lat' dir='ltr'>remotus</span> <span class='ocrx_word' id='word_1_119' title='bbox 994 1496 1058 1549; x_wconf 90' lang='lat' dir='ltr'>erat</span> <span class='ocrx_word' id='word_1_120' title='bbox 1078 1487 1114 1550; x_wconf 88' lang='lat' dir='ltr'>ab</span> <span class='ocrx_word' id='word_1_121' title='bbox 1137 1506 1171 1548; x_wconf 94' lang='lat' dir='ltr'>ea</span> <span class='ocrx_word' id='word_1_122' title='bbox 1192 1487 1334 1566; x_wconf 89' lang='lat' dir='ltr'>opinione</span> <span class='ocrx_word' id='word_1_123' title='bbox 1355 1503 1387 1546; x_wconf 88' lang='lat' dir='ltr'>ac</span> <span class='ocrx_word' id='word_1_124' title='bbox 1405 1483 1427 1543; x_wconf 92' lang='lat' dir='ltr'>si</span> <span class='ocrx_word' id='word_1_125' title='bbox 1444 1483 1485 1560; x_wconf 79' lang='lat' dir='ltr'>gla-</span> 
     </span>
     <span class='ocr_line' id='line_1_14' title="bbox 304 1567 1484 1651; baseline -0.004 -15"><span class='ocrx_word' id='word_1_126' title='bbox 304 1573 386 1636; x_wconf 88' lang='lat' dir='ltr'>dium</span> <span class='ocrx_word' id='word_1_127' title='bbox 408 1573 440 1635; x_wconf 89' lang='lat' dir='ltr'>in</span> <span class='ocrx_word' id='word_1_128' title='bbox 461 1573 566 1634; x_wconf 76' lang='lat' dir='ltr'>irenes</span> <span class='ocrx_word' id='word_1_129' title='bbox 589 1572 693 1651; x_wconf 82' lang='lat' dir='ltr'>stringi</span> <span class='ocrx_word' id='word_1_130' title='bbox 715 1573 865 1634; x_wconf 88' lang='lat' dir='ltr'>iussisset.</span> <span class='ocrx_word' id='word_1_131' title='bbox 910 1572 969 1634; x_wconf 92' lang='lat' dir='ltr'>Sed</span> <span class='ocrx_word' id='word_1_132' title='bbox 992 1591 1025 1634; x_wconf 92' lang='lat' dir='ltr'>se</span> <span class='ocrx_word' id='word_1_133' title='bbox 1046 1572 1144 1651; x_wconf 88' lang='lat' dir='ltr'>ipsum</span> <span class='ocrx_word' id='word_1_134' title='bbox 1166 1571 1292 1650; x_wconf 87' lang='lat' dir='ltr'>explicet</span> <span class='ocrx_word' id='word_1_135' title='bbox 1313 1567 1484 1631; x_wconf 78' lang='lat' dir='ltr'>Tertullianus</span> 
     </span>
     <span class='ocr_line' id='line_1_15' title="bbox 305 1651 1485 1738; baseline -0.011 -16"><span class='ocrx_word' id='word_1_136' title='bbox 305 1659 355 1738; x_wconf 90' lang='lat' dir='ltr'>qui</span> <span class='ocrx_word' id='word_1_137' title='bbox 377 1658 528 1719; x_wconf 87' lang='lat' dir='ltr'>Romanos</span> <span class='ocrx_word' id='word_1_138' title='bbox 551 1657 594 1720; x_wconf 90' lang='lat' dir='ltr'>sic</span> <span class='ocrx_word' id='word_1_139' title='bbox 615 1656 771 1736; x_wconf 89' lang='lat' dir='ltr'>abequitur</span> <span class='ocrx_word' id='word_1_140' title='bbox 800 1657 881 1736; x_wconf 85' lang='lat' dir='ltr'>(Cap.</span> <span class='ocrx_word' id='word_1_141' title='bbox 900 1658 933 1718; x_wconf 84' lang='lat' dir='ltr'>V.</span> <span class='ocrx_word' id='word_1_142' title='bbox 956 1677 985 1736; x_wconf 91' lang='lat' dir='ltr'>p.</span> <span class='ocrx_word' id='word_1_143' title='bbox 1009 1659 1088 1733; x_wconf 68' lang='lat' dir='ltr'>aas:</span> <span class='ocrx_word' id='word_1_144' title='bbox 1135 1657 1271 1720; x_wconf 78' lang='lat' dir='ltr'>Ceterum</span> <span class='ocrx_word' id='word_1_145' title='bbox 1293 1655 1329 1716; x_wconf 84' lang='lat' dir='ltr'>de</span> <span class='ocrx_word' id='word_1_146' title='bbox 1349 1662 1391 1718; x_wconf 94' lang='lat' dir='ltr'>tot</span> <span class='ocrx_word' id='word_1_147' title='bbox 1410 1651 1485 1713; x_wconf 84' lang='lat' dir='ltr'>eainb</span> 
     </span>
     <span class='ocr_line' id='line_1_16' title="bbox 301 1735 1513 1824; baseline -0.008 -18"><span class='ocrx_word' id='word_1_148' title='bbox 301 1743 492 1824; x_wconf 86' lang='lat' dir='ltr'>principibus</span> <span class='ocrx_word' id='word_1_149' title='bbox 515 1743 553 1804; x_wconf 88' lang='lat' dir='ltr'>ad</span> <span class='ocrx_word' id='word_1_150' title='bbox 576 1743 752 1805; x_wconf 78' lang='lat' dir='ltr'>hodiernum</span> <span class='ocrx_word' id='word_1_151' title='bbox 774 1743 907 1804; x_wconf 85' lang='lat' dir='ltr'>diuinum</span> <span class='ocrx_word' id='word_1_152' title='bbox 928 1743 1146 1824; x_wconf 75' lang='lat' dir='ltr'>humanumque</span> <span class='ocrx_word' id='word_1_153' title='bbox 1167 1741 1355 1820; x_wconf 79' lang='lat' dir='ltr'>sapientibus</span> <span class='ocrx_word' id='word_1_154' title='bbox 1372 1735 1486 1800; x_wconf 78' lang='lat' dir='ltr'>stiterit</span> <span class='ocrx_word' id='word_1_155' title='bbox 1512 1743 1513 1764; x_wconf 67' lang='lat'>¹</span> 
     </span>
     <span class='ocr_line' id='line_1_17' title="bbox 295 1821 1484 1908; baseline -0.009 -18"><span class='ocrx_word' id='word_1_156' title='bbox 295 1825 391 1908; x_wconf 82' lang='lat' dir='ltr'>&#39;qnam</span> <span class='ocrx_word' id='word_1_157' title='bbox 418 1825 627 1891; x_wconf 81' lang='lat' dir='ltr'>debellatorem</span> <span class='ocrx_word' id='word_1_158' title='bbox 661 1825 926 1890; x_wconf 73' lang='lat' dir='ltr'>Christianorum?</span> <span class='ocrx_word' id='word_1_159' title='bbox 969 1827 1044 1898; x_wconf 85' lang='lat' dir='ltr'>Quis</span> <span class='ocrx_word' id='word_1_160' title='bbox 1076 1827 1241 1889; x_wconf 88' lang='lat' dir='ltr'>bodiernus</span> <span class='ocrx_word' id='word_1_161' title='bbox 1268 1821 1340 1886; x_wconf 84' lang='lat' dir='ltr'>ille?</span> <span class='ocrx_word' id='word_1_162' title='bbox 1381 1822 1484 1888; x_wconf 81' lang='lat' dir='ltr'>Severus,</span> 
     </span>
     <span class='ocr_line' id='line_1_18' title="bbox 305 1907 1485 1993; baseline -0.01 -19"><span class='ocrx_word' id='word_1_163' title='bbox 305 1921 388 1993; x_wconf 88' lang='lat' dir='ltr'>puto.</span> <span class='ocrx_word' id='word_1_164' title='bbox 430 1912 515 1973; x_wconf 89' lang='lat' dir='ltr'>Hunc</span> <span class='ocrx_word' id='word_1_165' title='bbox 542 1930 613 1972; x_wconf 85' lang='lat' dir='ltr'>sero</span> <span class='ocrx_word' id='word_1_166' title='bbox 638 1911 672 1980; x_wconf 88' lang='lat' dir='ltr'>in</span> <span class='ocrx_word' id='word_1_167' title='bbox 706 1911 934 1974; x_wconf 89' lang='lat' dir='ltr'>debellatoribus</span> <span class='ocrx_word' id='word_1_168' title='bbox 957 1911 1189 1974; x_wconf 82' lang='lat' dir='ltr'>Christianorum</span> <span class='ocrx_word' id='word_1_169' title='bbox 1216 1907 1423 1971; x_wconf 90' lang='lat' dir='ltr'>numerandum</span> <span class='ocrx_word' id='word_1_170' title='bbox 1442 1919 1485 1964; x_wconf 85' lang='lat' dir='ltr'>esse</span> 
     </span>
     <span class='ocr_line' id='line_1_19' title="bbox 305 1987 1483 2076; baseline -0.012 -17"><span class='ocrx_word' id='word_1_171' title='bbox 305 2006 401 2076; x_wconf 82' lang='lat' dir='ltr'>negat.</span> <span class='ocrx_word' id='word_1_172' title='bbox 446 1995 524 2068; x_wconf 81' lang='lat' dir='ltr'>Quid</span> <span class='ocrx_word' id='word_1_173' title='bbox 546 1994 677 2058; x_wconf 79' lang='lat' dir='ltr'>elarius?</span> <span class='ocrx_word' id='word_1_174' title='bbox 713 1995 870 2058; x_wconf 90' lang='lat' dir='ltr'>Praetereo</span> <span class='ocrx_word' id='word_1_175' title='bbox 897 1996 1041 2057; x_wconf 81' lang='lat' dir='ltr'>celebrem</span> <span class='ocrx_word' id='word_1_176' title='bbox 1063 2014 1097 2057; x_wconf 86' lang='lat' dir='ltr'>ex</span> <span class='ocrx_word' id='word_1_177' title='bbox 1120 1995 1221 2060; x_wconf 91' lang='lat' dir='ltr'>eadem</span> <span class='ocrx_word' id='word_1_178' title='bbox 1242 1991 1442 2056; x_wconf 87' lang='lat' dir='ltr'>dissertatione</span> <span class='ocrx_word' id='word_1_179' title='bbox 1456 1987 1483 2046; x_wconf 90' lang='lat' dir='ltr'>la·</span> 
     </span>
     <span class='ocr_line' id='line_1_20' title="bbox 305 2076 1485 2161; baseline -0.01 -17"><span class='ocrx_word' id='word_1_180' title='bbox 305 2101 373 2144; x_wconf 89' lang='lat' dir='ltr'>cum</span> <span class='ocrx_word' id='word_1_181' title='bbox 406 2081 488 2160; x_wconf 78' lang='lat' dir='ltr'>(Cap.</span> <span class='ocrx_word' id='word_1_182' title='bbox 511 2081 544 2141; x_wconf 90' lang='lat' dir='ltr'>V.</span> <span class='ocrx_word' id='word_1_183' title='bbox 566 2101 596 2160; x_wconf 91' lang='lat' dir='ltr'>p.</span> <span class='ocrx_word' id='word_1_184' title='bbox 620 2083 671 2145; x_wconf 84' lang='lat'>63.</span> <span class='ocrx_word' id='word_1_185' title='bbox 695 2082 775 2158; x_wconf 85' lang='lat'>65.):</span> <span class='ocrx_word' id='word_1_186' title='bbox 823 2081 935 2154; x_wconf 80' lang='lat' dir='ltr'>Quales</span> <span class='ocrx_word' id='word_1_187' title='bbox 961 2097 1032 2160; x_wconf 80' lang='lat' dir='ltr'>erpo</span> <span class='ocrx_word' id='word_1_188' title='bbox 1056 2080 1132 2161; x_wconf 76' lang='lat' dir='ltr'>lepos</span> <span class='ocrx_word' id='word_1_189' title='bbox 1153 2085 1244 2150; x_wconf 87' lang='lat' dir='ltr'>istae,</span> <span class='ocrx_word' id='word_1_190' title='bbox 1278 2095 1352 2160; x_wconf 88' lang='lat' dir='ltr'>quas</span> <span class='ocrx_word' id='word_1_191' title='bbox 1374 2076 1485 2136; x_wconf 83' lang='lat' dir='ltr'>aduersu</span> 
     </span>
     <span class='ocr_line' id='line_1_21' title="bbox 304 2159 1484 2247; baseline -0.012 -19"><span class='ocrx_word' id='word_1_192' title='bbox 304 2184 361 2229; x_wconf 89' lang='lat' dir='ltr'>nos</span> <span class='ocrx_word' id='word_1_193' title='bbox 384 2165 445 2228; x_wconf 89' lang='lat' dir='ltr'>soli</span> <span class='ocrx_word' id='word_1_194' title='bbox 466 2175 655 2247; x_wconf 75' lang='lat' dir='ltr'>coequentur</span> <span class='ocrx_word' id='word_1_195' title='bbox 676 2169 770 2246; x_wconf 89' lang='lat' dir='ltr'>impii,</span> <span class='ocrx_word' id='word_1_196' title='bbox 793 2184 865 2245; x_wconf 90' lang='lat' dir='ltr'>qaas</span> <span class='ocrx_word' id='word_1_197' title='bbox 886 2165 991 2227; x_wconf 85' lang='lat' dir='ltr'>nullas</span> <span class='ocrx_word' id='word_1_198' title='bbox 1013 2165 1206 2235; x_wconf 71' lang='lat' dir='ltr'>Hadrianus,</span> <span class='ocrx_word' id='word_1_199' title='bbox 1240 2163 1346 2227; x_wconf 88' lang='lat' dir='ltr'>nullas</span> <span class='ocrx_word' id='word_1_200' title='bbox 1367 2159 1484 2238; x_wconf 79' lang='lat' dir='ltr'>Vespasia</span> 
     </span>
     <span class='ocr_line' id='line_1_22' title="bbox 306 2243 1484 2329; baseline -0.008 -19"><span class='ocrx_word' id='word_1_201' title='bbox 306 2267 374 2320; x_wconf 91' lang='lat' dir='ltr'>nus,</span> <span class='ocrx_word' id='word_1_202' title='bbox 397 2249 502 2311; x_wconf 91' lang='lat' dir='ltr'>nullus</span> <span class='ocrx_word' id='word_1_203' title='bbox 524 2250 607 2320; x_wconf 86' lang='lat' dir='ltr'>Pius,</span> <span class='ocrx_word' id='word_1_204' title='bbox 630 2249 735 2312; x_wconf 90' lang='lat' dir='ltr'>nullus</span> <span class='ocrx_word' id='word_1_205' title='bbox 756 2249 849 2312; x_wconf 84' lang='lat' dir='ltr'>Verus</span> <span class='ocrx_word' id='word_1_206' title='bbox 869 2251 1032 2329; x_wconf 78' lang='lat' dir='ltr'>impressit.</span> <span class='ocrx_word' id='word_1_207' title='bbox 1071 2250 1147 2311; x_wconf 89' lang='lat' dir='ltr'>Sunt</span> <span class='ocrx_word' id='word_1_208' title='bbox 1168 2248 1297 2320; x_wconf 89' lang='lat' dir='ltr'>codices,</span> <span class='ocrx_word' id='word_1_209' title='bbox 1320 2245 1366 2324; x_wconf 94' lang='lat' dir='ltr'>qui</span> <span class='ocrx_word' id='word_1_210' title='bbox 1388 2243 1484 2304; x_wconf 83' lang='lat' dir='ltr'>Senem</span> 
     </span>
     <span class='ocr_line' id='line_1_23' title="bbox 306 2326 1485 2476; baseline -0.008 -81"><span class='ocrx_word' id='word_1_211' title='bbox 306 2333 355 2395; x_wconf 89' lang='lat' dir='ltr'>hie</span> <span class='ocrx_word' id='word_1_212' title='bbox 375 2333 484 2412; x_wconf 83' lang='lat' dir='ltr'>legunt.</span> <span class='ocrx_word' id='word_1_213' title='bbox 527 2332 589 2476; x_wconf 67' lang='lat' dir='ltr'>Epo</span> <span class='ocrx_word' id='word_1_214' title='bbox 612 2351 682 2392; x_wconf 87' lang='lat' dir='ltr'>vero</span> <span class='ocrx_word' id='word_1_215' title='bbox 704 2333 787 2405; x_wconf 85' lang='lat' dir='ltr'>Tibi,</span> <span class='ocrx_word' id='word_1_216' title='bbox 809 2334 998 2414; x_wconf 85' lang='lat' dir='ltr'>liarercampi</span> <span class='ocrx_word' id='word_1_217' title='bbox 1021 2333 1201 2406; x_wconf 83' lang='lat' dir='ltr'>doctissime,</span> <span class='ocrx_word' id='word_1_218' title='bbox 1225 2331 1374 2394; x_wconf 86' lang='lat' dir='ltr'>assentior</span> <span class='ocrx_word' id='word_1_219' title='bbox 1393 2326 1485 2416; x_wconf 77' lang='lat' dir='ltr'>virisqm</span> 
     </span>
     <span class='ocr_line' id='line_1_24' title="bbox 307 2413 1484 2496; baseline -0.009 -18"><span class='ocrx_word' id='word_1_220' title='bbox 307 2417 448 2496; x_wconf 80' lang='lat' dir='ltr'>egregiis,</span> <span class='ocrx_word' id='word_1_221' title='bbox 477 2415 526 2494; x_wconf 92' lang='lat' dir='ltr'>qui</span> <span class='ocrx_word' id='word_1_222' title='bbox 575 2435 659 2478; x_wconf 90' lang='lat' dir='ltr'>ecum</span> <span class='ocrx_word' id='word_1_223' title='bbox 680 2416 835 2478; x_wconf 90' lang='lat' dir='ltr'>meliorum</span> <span class='ocrx_word' id='word_1_224' title='bbox 862 2417 1002 2479; x_wconf 89' lang='lat' dir='ltr'>librorum</span> <span class='ocrx_word' id='word_1_225' title='bbox 1028 2418 1171 2480; x_wconf 85' lang='lat' dir='ltr'>beneficio</span> <span class='ocrx_word' id='word_1_226' title='bbox 1193 2419 1303 2479; x_wconf 89' lang='lat' dir='ltr'>Verum</span> <span class='ocrx_word' id='word_1_227' title='bbox 1325 2413 1407 2476; x_wconf 90' lang='lat' dir='ltr'>nobis</span> <span class='ocrx_word' id='word_1_228' title='bbox 1424 2415 1484 2471; x_wconf 86' lang='lat' dir='ltr'>rest·</span> 
     </span>
    </p>
   </div>
   <div class='ocr_carea' id='block_1_5' title="bbox 241 2493 1484 2666">
    <p class='ocr_par' dir='ltr' id='par_1_5' title="bbox 241 2493 1513 2700">
     <span class='ocr_line' id='line_1_25' title="bbox 241 2493 1484 2606; baseline -0.011 -41"><span class='ocrx_word' id='word_1_229' title='bbox 241 2577 254 2606; x_wconf 52' lang='lat'><strong>·</strong></span> <span class='ocrx_word' id='word_1_230' title='bbox 307 2514 398 2582; x_wconf 84' lang='lat' dir='ltr'>tuere.</span> <span class='ocrx_word' id='word_1_231' title='bbox 443 2500 538 2573; x_wconf 83' lang='lat' dir='ltr'>Quam</span> <span class='ocrx_word' id='word_1_232' title='bbox 565 2501 722 2564; x_wconf 87' lang='lat' dir='ltr'>lectionem</span> <span class='ocrx_word' id='word_1_233' title='bbox 750 2501 805 2562; x_wconf 87' lang='lat' dir='ltr'>etsi</span> <span class='ocrx_word' id='word_1_234' title='bbox 832 2500 930 2563; x_wconf 91' lang='lat' dir='ltr'>minus</span> <span class='ocrx_word' id='word_1_235' title='bbox 951 2502 1057 2581; x_wconf 90' lang='lat' dir='ltr'>probat</span> <span class='ocrx_word' id='word_1_236' title='bbox 1077 2501 1244 2566; x_wconf 79' lang='lat' dir='ltr'>Dodwebus</span> <span class='ocrx_word' id='word_1_237' title='bbox 1277 2499 1368 2576; x_wconf 87' lang='lat' dir='ltr'>(Diss.</span> <span class='ocrx_word' id='word_1_238' title='bbox 1389 2493 1484 2592; x_wconf 61' lang='lat' dir='ltr'>aspin.</span> 
     </span>
     <span class='ocr_line' id='line_1_26' title="bbox 308 2579 1484 2666; baseline -0.011 -16"><span class='ocrx_word' id='word_1_239' title='bbox 308 2588 357 2650; x_wconf 90' lang='lat' dir='ltr'>Xl.</span> <span class='ocrx_word' id='word_1_240' title='bbox 380 2590 410 2664; x_wconf 67' lang='grc' dir='ltr'>δ.</span> <span class='ocrx_word' id='word_1_241' title='bbox 425 2589 477 2649; x_wconf 89' lang='grc'>44.</span> <span class='ocrx_word' id='word_1_242' title='bbox 500 2603 529 2664; x_wconf 86' lang='lat' dir='ltr'>p.</span> <span class='ocrx_word' id='word_1_243' title='bbox 546 2588 620 2662; x_wconf 67' lang='lat' dir='ltr'>bb),</span> <span class='ocrx_word' id='word_1_244' title='bbox 643 2579 880 2648; x_wconf 84' lang='lat' dir='ltr'>diffiteri¹tamen</span> <span class='ocrx_word' id='word_1_245' title='bbox 901 2605 962 2648; x_wconf 90' lang='lat' dir='ltr'>non</span> <span class='ocrx_word' id='word_1_246' title='bbox 984 2585 1090 2666; x_wconf 88' lang='lat' dir='ltr'>potuit,</span> <span class='ocrx_word' id='word_1_247' title='bbox 1112 2587 1229 2666; x_wconf 91' lang='lat' dir='ltr'>saepius</span> <span class='ocrx_word' id='word_1_248' title='bbox 1253 2586 1285 2648; x_wconf 92' lang='lat' dir='ltr'>in</span> <span class='ocrx_word' id='word_1_249' title='bbox 1307 2583 1426 2662; x_wconf 77' lang='lat' dir='ltr'>antiquis</span> <span class='ocrx_word' id='word_1_250' title='bbox 1443 2593 1484 2637; x_wconf 89' lang='lat' dir='ltr'>no·</span> 
     </span>
    </p>
   </div>
   <div class='ocr_carea' id='block_1_6' title="bbox 227 2670 1513 4699">
    <p class='ocr_par' dir='ltr' id='par_1_6' title="bbox 227 2670 1513 4699">
     <span class='ocr_line' id='line_1_27' title="bbox 307 2670 1513 2764; baseline -0.001 -30"><span class='ocrx_word' id='word_1_251' title='bbox 307 2671 457 2734; x_wconf 89' lang='lat' dir='ltr'>numentis</span> <span class='ocrx_word' id='word_1_252' title='bbox 479 2671 579 2733; x_wconf 82' lang='lat' dir='ltr'>Severi</span> <span class='ocrx_word' id='word_1_253' title='bbox 602 2679 632 2732; x_wconf 91' lang='lat' dir='ltr'>et</span> <span class='ocrx_word' id='word_1_254' title='bbox 652 2670 720 2732; x_wconf 84' lang='lat' dir='ltr'>Veri</span> <span class='ocrx_word' id='word_1_255' title='bbox 741 2671 861 2732; x_wconf 89' lang='lat' dir='ltr'>nomina</span> <span class='ocrx_word' id='word_1_256' title='bbox 884 2671 1035 2733; x_wconf 88' lang='lat' dir='ltr'>conlundi.</span> <span class='ocrx_word' id='word_1_257' title='bbox 1450 2741 1474 2756; x_wconf 33' lang='grc' dir='ltr'>Ι,</span> <span class='ocrx_word' id='word_1_258' title='bbox 1512 2733 1513 2764; x_wconf 25' lang='lat'>¹</span> 
     </span>
     <span class='ocr_line' id='line_1_28' title="bbox 392 2748 1513 2839; baseline -0.008 -24"><span class='ocrx_word' id='word_1_259' title='bbox 392 2759 421 2833; x_wconf 60' lang='grc' dir='ltr'>ἦ.</span> <span class='ocrx_word' id='word_1_260' title='bbox 444 2756 477 2816; x_wconf 90' lang='lat' dir='ltr'>V.</span> <span class='ocrx_word' id='word_1_261' title='bbox 507 2756 587 2817; x_wconf 90' lang='lat' dir='ltr'>llaec</span> <span class='ocrx_word' id='word_1_262' title='bbox 607 2763 691 2829; x_wconf 87' lang='lat' dir='ltr'>sunt,</span> <span class='ocrx_word' id='word_1_263' title='bbox 718 2773 792 2834; x_wconf 86' lang='lat' dir='ltr'>quae</span> <span class='ocrx_word' id='word_1_264' title='bbox 813 2774 868 2835; x_wconf 91' lang='lat' dir='ltr'>pro</span> <span class='ocrx_word' id='word_1_265' title='bbox 892 2764 993 2816; x_wconf 89' lang='lat' dir='ltr'>nostra</span> <span class='ocrx_word' id='word_1_266' title='bbox 1014 2755 1159 2818; x_wconf 92' lang='lat' dir='ltr'>sententia</span> <span class='ocrx_word' id='word_1_267' title='bbox 1180 2754 1246 2834; x_wconf 92' lang='lat' dir='ltr'>ipse</span> <span class='ocrx_word' id='word_1_268' title='bbox 1270 2753 1356 2816; x_wconf 92' lang='lat' dir='ltr'>nobis</span> <span class='ocrx_word' id='word_1_269' title='bbox 1376 2748 1484 2839; x_wconf 74' lang='lat' dir='ltr'>submrn·</span> <span class='ocrx_word' id='word_1_270' title='bbox 1512 2773 1513 2786; x_wconf 67' lang='lat'><em>2</em></span> 
     </span>
     <span class='ocr_line' id='line_1_29' title="bbox 306 2834 1484 2921; baseline -0.007 -17"><span class='ocrx_word' id='word_1_271' title='bbox 306 2849 382 2904; x_wconf 91' lang='lat' dir='ltr'>strat</span> <span class='ocrx_word' id='word_1_272' title='bbox 402 2840 626 2919; x_wconf 82' lang='lat' dir='ltr'>Apologeticus,</span> <span class='ocrx_word' id='word_1_273' title='bbox 655 2840 761 2919; x_wconf 92' lang='lat' dir='ltr'>quibus</span> <span class='ocrx_word' id='word_1_274' title='bbox 783 2841 853 2919; x_wconf 89' lang='lat' dir='ltr'>qnid</span> <span class='ocrx_word' id='word_1_275' title='bbox 874 2840 978 2919; x_wconf 91' lang='lat' dir='ltr'>reponi</span> <span class='ocrx_word' id='word_1_276' title='bbox 1000 2840 1110 2921; x_wconf 85' lang='lat' dir='ltr'>possit,</span> <span class='ocrx_word' id='word_1_277' title='bbox 1140 2857 1201 2900; x_wconf 92' lang='lat' dir='ltr'>non</span> <span class='ocrx_word' id='word_1_278' title='bbox 1223 2839 1321 2902; x_wconf 84' lang='lat' dir='ltr'>video.</span> <span class='ocrx_word' id='word_1_279' title='bbox 1362 2834 1434 2896; x_wconf 77' lang='lat' dir='ltr'>nius</span> <span class='ocrx_word' id='word_1_280' title='bbox 1450 2841 1484 2889; x_wconf 75' lang='lat' dir='ltr'>ttffl</span> 
     </span>
     <span class='ocr_line' id='line_1_30' title="bbox 307 2907 1484 2998; baseline -0.008 -8"><span class='ocrx_word' id='word_1_281' title='bbox 307 2926 445 2990; x_wconf 89' lang='lat' dir='ltr'>succedat</span> <span class='ocrx_word' id='word_1_282' title='bbox 466 2925 636 2987; x_wconf 85' lang='lat' dir='ltr'>Tertulliani</span> <span class='ocrx_word' id='word_1_283' title='bbox 662 2926 745 2986; x_wconf 85' lang='lat' dir='ltr'>loeus</span> <span class='ocrx_word' id='word_1_284' title='bbox 779 2944 815 2986; x_wconf 86' lang='lat' dir='ltr'>ex</span> <span class='ocrx_word' id='word_1_285' title='bbox 842 2925 898 2986; x_wconf 92' lang='lat' dir='ltr'>alio</span> <span class='ocrx_word' id='word_1_286' title='bbox 928 2924 991 2987; x_wconf 87' lang='lat' dir='ltr'>eius</span> <span class='ocrx_word' id='word_1_287' title='bbox 1019 2925 1111 2998; x_wconf 89' lang='lat' dir='ltr'>libro,</span> <span class='ocrx_word' id='word_1_288' title='bbox 1145 2943 1181 2986; x_wconf 92' lang='lat' dir='ltr'>eo</span> <span class='ocrx_word' id='word_1_289' title='bbox 1209 2924 1345 2986; x_wconf 90' lang='lat' dir='ltr'>videlicet</span> <span class='ocrx_word' id='word_1_290' title='bbox 1371 2933 1445 2998; x_wconf 89' lang='lat' dir='ltr'>quen</span> <span class='ocrx_word' id='word_1_291' title='bbox 1463 2907 1484 2968; x_wconf 70' lang='lat' dir='ltr'>tl</span> 
     </span>
     <span class='ocr_line' id='line_1_31' title="bbox 306 3003 1485 3091; baseline -0.014 -18"><span class='ocrx_word' id='word_1_292' title='bbox 306 3013 448 3091; x_wconf 77' lang='lat' dir='ltr'>blartyres</span> <span class='ocrx_word' id='word_1_293' title='bbox 470 3010 639 3072; x_wconf 88' lang='lat' dir='ltr'>incarcere</span> <span class='ocrx_word' id='word_1_294' title='bbox 661 3009 837 3072; x_wconf 88' lang='lat' dir='ltr'>constitutos</span> <span class='ocrx_word' id='word_1_295' title='bbox 859 3009 955 3082; x_wconf 91' lang='lat' dir='ltr'>misit,</span> <span class='ocrx_word' id='word_1_296' title='bbox 977 3009 1096 3089; x_wconf 91' lang='lat' dir='ltr'>petitus.</span> <span class='ocrx_word' id='word_1_297' title='bbox 1140 3008 1200 3070; x_wconf 85' lang='lat' dir='ltr'>Eos</span> <span class='ocrx_word' id='word_1_298' title='bbox 1229 3006 1351 3087; x_wconf 79' lang='lat' dir='ltr'>intelligi</span> <span class='ocrx_word' id='word_1_299' title='bbox 1372 3003 1416 3064; x_wconf 90' lang='lat' dir='ltr'>bia</span> <span class='ocrx_word' id='word_1_300' title='bbox 1432 3011 1485 3060; x_wconf 86' lang='lat' dir='ltr'>nar·</span> 
     </span>
     <span class='ocr_line' id='line_1_32' title="bbox 307 3085 1484 3176; baseline -0.008 -20"><span class='ocrx_word' id='word_1_301' title='bbox 307 3104 386 3176; x_wconf 77' lang='lat' dir='ltr'>tyras</span> <span class='ocrx_word' id='word_1_302' title='bbox 409 3095 534 3167; x_wconf 90' lang='lat' dir='ltr'>debere,</span> <span class='ocrx_word' id='word_1_303' title='bbox 558 3095 608 3173; x_wconf 94' lang='lat' dir='ltr'>qui</span> <span class='ocrx_word' id='word_1_304' title='bbox 631 3095 740 3158; x_wconf 84' lang='lat' dir='ltr'>Severo</span> <span class='ocrx_word' id='word_1_305' title='bbox 764 3095 926 3174; x_wconf 88' lang='lat' dir='ltr'>imperante</span> <span class='ocrx_word' id='word_1_306' title='bbox 948 3094 1075 3173; x_wconf 79' lang='lat' dir='ltr'>correpti</span> <span class='ocrx_word' id='word_1_307' title='bbox 1098 3099 1196 3168; x_wconf 88' lang='lat' dir='ltr'>erant,</span> <span class='ocrx_word' id='word_1_308' title='bbox 1220 3085 1484 3176; x_wconf 70' lang='lat' dir='ltr'>camdenianae</span> 
     </span>
     <span class='ocr_line' id='line_1_33' title="bbox 307 3164 1484 3256; baseline -0.008 -15"><span class='ocrx_word' id='word_1_309' title='bbox 307 3181 352 3242; x_wconf 79' lang='lat' dir='ltr'>Ad</span> <span class='ocrx_word' id='word_1_310' title='bbox 379 3180 436 3241; x_wconf 90' lang='lat' dir='ltr'>hos</span> <span class='ocrx_word' id='word_1_311' title='bbox 463 3198 535 3240; x_wconf 81' lang='lat' dir='ltr'>vero</span> <span class='ocrx_word' id='word_1_312' title='bbox 564 3178 804 3240; x_wconf 87' lang='lat' dir='ltr'>corroborandos</span> <span class='ocrx_word' id='word_1_313' title='bbox 826 3179 921 3240; x_wconf 92' lang='lat' dir='ltr'>ultimi</span> <span class='ocrx_word' id='word_1_314' title='bbox 943 3178 1104 3256; x_wconf 82' lang='lat' dir='ltr'>argumenti</span> <span class='ocrx_word' id='word_1_315' title='bbox 1126 3177 1192 3240; x_wconf 86' lang='lat' dir='ltr'>loeo</span> <span class='ocrx_word' id='word_1_316' title='bbox 1214 3178 1289 3240; x_wconf 89' lang='lat' dir='ltr'>haec</span> <span class='ocrx_word' id='word_1_317' title='bbox 1309 3175 1391 3256; x_wconf 91' lang='lat' dir='ltr'>ponit</span> <span class='ocrx_word' id='word_1_318' title='bbox 1414 3164 1484 3244; x_wconf 72' lang='lat' dir='ltr'>(Libii</span> 
     </span>
     <span class='ocr_line' id='line_1_34' title="bbox 308 3261 1486 3342; baseline -0.007 -16"><span class='ocrx_word' id='word_1_319' title='bbox 308 3264 345 3326; x_wconf 92' lang='lat' dir='ltr'>ad</span> <span class='ocrx_word' id='word_1_320' title='bbox 366 3264 507 3342; x_wconf 81' lang='lat' dir='ltr'>Martyres</span> <span class='ocrx_word' id='word_1_321' title='bbox 529 3281 592 3342; x_wconf 89' lang='lat' dir='ltr'>cap.</span> <span class='ocrx_word' id='word_1_322' title='bbox 614 3263 661 3324; x_wconf 84' lang='lat' dir='ltr'>lv.</span> <span class='ocrx_word' id='word_1_323' title='bbox 684 3281 713 3342; x_wconf 91' lang='lat' dir='ltr'>p.</span> <span class='ocrx_word' id='word_1_324' title='bbox 736 3265 808 3328; x_wconf 87' lang='grc'><strong>468.</strong></span> <span class='ocrx_word' id='word_1_325' title='bbox 840 3263 944 3342; x_wconf 88' lang='lat' dir='ltr'>Opp.):</span> <span class='ocrx_word' id='word_1_326' title='bbox 974 3263 1065 3326; x_wconf 86' lang='lat' dir='ltr'>Nemo</span> <span class='ocrx_word' id='word_1_327' title='bbox 1087 3279 1150 3324; x_wconf 92' lang='lat' dir='ltr'>non</span> <span class='ocrx_word' id='word_1_328' title='bbox 1172 3267 1261 3326; x_wconf 83' lang='lat' dir='ltr'>etiam</span> <span class='ocrx_word' id='word_1_329' title='bbox 1282 3262 1405 3325; x_wconf 81' lang='lat' dir='ltr'>bominis</span> <span class='ocrx_word' id='word_1_330' title='bbox 1425 3261 1486 3314; x_wconf 70' lang='lat' dir='ltr'>ursa</span> 
     </span>
     <span class='ocr_line' id='line_1_35' title="bbox 304 3341 1486 3434; baseline -0.005 -24"><span class='ocrx_word' id='word_1_331' title='bbox 304 3351 374 3429; x_wconf 88' lang='lat' dir='ltr'>pati</span> <span class='ocrx_word' id='word_1_332' title='bbox 389 3359 491 3428; x_wconf 87' lang='lat' dir='ltr'>potest</span> <span class='ocrx_word' id='word_1_333' title='bbox 512 3349 591 3427; x_wconf 91' lang='lat' dir='ltr'>quod</span> <span class='ocrx_word' id='word_1_334' title='bbox 609 3352 643 3410; x_wconf 90' lang='lat' dir='ltr'>in</span> <span class='ocrx_word' id='word_1_335' title='bbox 665 3366 757 3410; x_wconf 85' lang='lat' dir='ltr'>eausa</span> <span class='ocrx_word' id='word_1_336' title='bbox 778 3348 836 3410; x_wconf 85' lang='lat' dir='ltr'>Dei</span> <span class='ocrx_word' id='word_1_337' title='bbox 851 3353 921 3428; x_wconf 85' lang='lat' dir='ltr'>pati</span> <span class='ocrx_word' id='word_1_338' title='bbox 940 3349 1064 3410; x_wconf 88' lang='lat' dir='ltr'>dubitat.</span> <span class='ocrx_word' id='word_1_339' title='bbox 1094 3349 1139 3410; x_wconf 76' lang='lat' dir='ltr'>Ab</span> <span class='ocrx_word' id='word_1_340' title='bbox 1157 3347 1212 3410; x_wconf 90' lang='lat' dir='ltr'>boc</span> <span class='ocrx_word' id='word_1_341' title='bbox 1233 3341 1486 3434; x_wconf 67' lang='lat' dir='ltr'>quodomnium</span> 
     </span>
     <span class='ocr_line' id='line_1_36' title="bbox 307 3429 1513 3514; baseline -0.003 -21"><span class='ocrx_word' id='word_1_342' title='bbox 307 3435 407 3494; x_wconf 86' lang='lat' dir='ltr'>sentia</span> <span class='ocrx_word' id='word_1_343' title='bbox 427 3432 513 3493; x_wconf 87' lang='lat' dir='ltr'>nobis</span> <span class='ocrx_word' id='word_1_344' title='bbox 536 3443 670 3512; x_wconf 87' lang='lat' dir='ltr'>tempora</span> <span class='ocrx_word' id='word_1_345' title='bbox 691 3434 866 3495; x_wconf 84' lang='lat' dir='ltr'>dommenta</span> <span class='ocrx_word' id='word_1_346' title='bbox 881 3437 951 3503; x_wconf 88' lang='lat' dir='ltr'>sint,</span> <span class='ocrx_word' id='word_1_347' title='bbox 974 3445 1102 3514; x_wconf 86' lang='lat' dir='ltr'>quantae</span> <span class='ocrx_word' id='word_1_348' title='bbox 1117 3429 1278 3512; x_wconf 81' lang='lat' dir='ltr'>qualesque</span> <span class='ocrx_word' id='word_1_349' title='bbox 1289 3442 1431 3514; x_wconf 80' lang='lat' dir='ltr'>personat</span> <span class='ocrx_word' id='word_1_350' title='bbox 1443 3431 1486 3510; x_wconf 65' lang='lat' dir='ltr'>ills</span> <span class='ocrx_word' id='word_1_351' title='bbox 1512 3475 1513 3478; x_wconf 63' lang='lat'>,</span> 
     </span>
     <span class='ocr_line' id='line_1_37' title="bbox 305 3513 1486 3600; baseline -0.009 -22"><span class='ocrx_word' id='word_1_352' title='bbox 305 3521 427 3597; x_wconf 89' lang='lat' dir='ltr'>pinatos</span> <span class='ocrx_word' id='word_1_353' title='bbox 449 3515 601 3578; x_wconf 90' lang='lat' dir='ltr'>natalibus</span> <span class='ocrx_word' id='word_1_354' title='bbox 623 3529 653 3579; x_wconf 88' lang='lat' dir='ltr'>et</span> <span class='ocrx_word' id='word_1_355' title='bbox 674 3518 867 3596; x_wconf 83' lang='lat' dir='ltr'>diqnitatibus</span> <span class='ocrx_word' id='word_1_356' title='bbox 897 3527 926 3578; x_wconf 88' lang='lat' dir='ltr'>et</span> <span class='ocrx_word' id='word_1_357' title='bbox 952 3517 1129 3596; x_wconf 84' lang='lat' dir='ltr'>corporibus</span> <span class='ocrx_word' id='word_1_358' title='bbox 1152 3527 1180 3578; x_wconf 87' lang='lat' dir='ltr'>et</span> <span class='ocrx_word' id='word_1_359' title='bbox 1201 3519 1349 3580; x_wconf 83' lang='lat' dir='ltr'>aetatibus</span> <span class='ocrx_word' id='word_1_360' title='bbox 1369 3513 1426 3574; x_wconf 88' lang='lat' dir='ltr'>suis</span> <span class='ocrx_word' id='word_1_361' title='bbox 1443 3517 1486 3600; x_wconf 65' lang='lat' dir='ltr'>rat·</span> 
     </span>
     <span class='ocr_line' id='line_1_38' title="bbox 227 3589 1485 3682; baseline -0.001 -22"><span class='ocrx_word' id='word_1_362' title='bbox 227 3652 230 3660; x_wconf 89' lang='lat'><em>.</em></span> <span class='ocrx_word' id='word_1_363' title='bbox 308 3613 357 3666; x_wconf 88' lang='lat' dir='ltr'>tus</span> <span class='ocrx_word' id='word_1_364' title='bbox 385 3598 539 3679; x_wconf 76' lang='lat' dir='ltr'>reserant,</span> <span class='ocrx_word' id='word_1_365' title='bbox 568 3600 695 3662; x_wconf 88' lang='lat' dir='ltr'>bominis</span> <span class='ocrx_word' id='word_1_366' title='bbox 723 3619 832 3662; x_wconf 85' lang='lat' dir='ltr'>causa:</span> <span class='ocrx_word' id='word_1_367' title='bbox 861 3613 915 3662; x_wconf 91' lang='lat' dir='ltr'>ant</span> <span class='ocrx_word' id='word_1_368' title='bbox 941 3601 977 3663; x_wconf 92' lang='lat' dir='ltr'>ab</span> <span class='ocrx_word' id='word_1_369' title='bbox 1005 3605 1087 3682; x_wconf 91' lang='lat' dir='ltr'>ipso,</span> <span class='ocrx_word' id='word_1_370' title='bbox 1114 3604 1146 3662; x_wconf 83' lang='lat' dir='ltr'>si</span> <span class='ocrx_word' id='word_1_371' title='bbox 1167 3612 1274 3668; x_wconf 88' lang='lat' dir='ltr'>contra</span> <span class='ocrx_word' id='word_1_372' title='bbox 1297 3617 1362 3664; x_wconf 82' lang='lat' dir='ltr'>mm</span> <span class='ocrx_word' id='word_1_373' title='bbox 1380 3589 1485 3674; x_wconf 61' lang='lat' dir='ltr'>faama</span> 
     </span>
     <span class='ocr_line' id='line_1_39' title="bbox 306 3683 1485 3765; baseline -0.012 -15"><span class='ocrx_word' id='word_1_374' title='bbox 306 3697 361 3750; x_wconf 88' lang='lat' dir='ltr'>aut</span> <span class='ocrx_word' id='word_1_375' title='bbox 382 3686 419 3748; x_wconf 91' lang='lat' dir='ltr'>ab</span> <span class='ocrx_word' id='word_1_376' title='bbox 442 3685 629 3747; x_wconf 87' lang='lat' dir='ltr'>adversariis</span> <span class='ocrx_word' id='word_1_377' title='bbox 650 3689 723 3756; x_wconf 84' lang='lat' dir='ltr'>eins.</span> <span class='ocrx_word' id='word_1_378' title='bbox 747 3690 852 3765; x_wconf 79' lang='lat' dir='ltr'>cipro</span> <span class='ocrx_word' id='word_1_379' title='bbox 875 3703 908 3748; x_wconf 88' lang='lat' dir='ltr'>eo</span> <span class='ocrx_word' id='word_1_380' title='bbox 931 3691 1078 3751; x_wconf 84' lang='lat' dir='ltr'>steterint.</span> <span class='ocrx_word' id='word_1_381' title='bbox 1111 3685 1214 3748; x_wconf 89' lang='lat' dir='ltr'>Statim</span> <span class='ocrx_word' id='word_1_382' title='bbox 1235 3685 1284 3747; x_wconf 91' lang='lat' dir='ltr'>hic</span> <span class='ocrx_word' id='word_1_383' title='bbox 1304 3696 1420 3746; x_wconf 91' lang='lat' dir='ltr'>monere</span> <span class='ocrx_word' id='word_1_384' title='bbox 1437 3683 1485 3750; x_wconf 85' lang='lat' dir='ltr'>pos·</span> 
     </span>
     <span class='ocr_line' id='line_1_40' title="bbox 307 3762 1484 3850; baseline 0 -18"><span class='ocrx_word' id='word_1_385' title='bbox 307 3787 546 3849; x_wconf 77' lang='lat' dir='ltr'>sem„apparere</span> <span class='ocrx_word' id='word_1_386' title='bbox 569 3768 652 3842; x_wconf 88' lang='lat' dir='ltr'>satis,</span> <span class='ocrx_word' id='word_1_387' title='bbox 675 3770 754 3848; x_wconf 91' lang='lat' dir='ltr'>quod</span> <span class='ocrx_word' id='word_1_388' title='bbox 776 3769 995 3849; x_wconf 91' lang='lat' dir='ltr'>imperatorem,</span> <span class='ocrx_word' id='word_1_389' title='bbox 1018 3789 1105 3850; x_wconf 67' lang='lat' dir='ltr'>mem</span> <span class='ocrx_word' id='word_1_390' title='bbox 1127 3770 1277 3831; x_wconf 90' lang='lat' dir='ltr'>bominem</span> <span class='ocrx_word' id='word_1_391' title='bbox 1292 3769 1341 3830; x_wconf 89' lang='lat' dir='ltr'>hio</span> <span class='ocrx_word' id='word_1_392' title='bbox 1354 3762 1425 3831; x_wconf 85' lang='lat' dir='ltr'>aicit</span> <span class='ocrx_word' id='word_1_393' title='bbox 1443 3768 1484 3843; x_wconf 58' lang='grc' dir='ltr'>ΠΨ·</span> 
     </span>
     <span class='ocr_line' id='line_1_41' title="bbox 305 3839 1485 3933; baseline -0.016 -15"><span class='ocrx_word' id='word_1_394' title='bbox 305 3856 404 3918; x_wconf 90' lang='lat' dir='ltr'>lorum</span> <span class='ocrx_word' id='word_1_395' title='bbox 431 3853 607 3933; x_wconf 81' lang='lat' dir='ltr'>martyribus</span> <span class='ocrx_word' id='word_1_396' title='bbox 636 3854 693 3915; x_wconf 91' lang='lat' dir='ltr'>iilis</span> <span class='ocrx_word' id='word_1_397' title='bbox 720 3854 868 3916; x_wconf 91' lang='lat' dir='ltr'>ibatorum</span> <span class='ocrx_word' id='word_1_398' title='bbox 895 3863 1045 3917; x_wconf 86' lang='lat' dir='ltr'>auctorem</span> <span class='ocrx_word' id='word_1_399' title='bbox 1068 3854 1264 3916; x_wconf 83' lang='lat' dir='ltr'>Tertullianus</span> <span class='ocrx_word' id='word_1_400' title='bbox 1293 3839 1485 3916; x_wconf 79' lang='lat' dir='ltr'>esseminant</span> 
     </span>
     <span class='ocr_line' id='line_1_42' title="bbox 305 3933 1513 4020; baseline -0.003 -18"><span class='ocrx_word' id='word_1_401' title='bbox 305 3940 422 4020; x_wconf 77' lang='lat' dir='ltr'>Alioqui</span> <span class='ocrx_word' id='word_1_402' title='bbox 452 3939 531 4000; x_wconf 90' lang='lat' dir='ltr'>enim</span> <span class='ocrx_word' id='word_1_403' title='bbox 559 3938 743 4017; x_wconf 87' lang='lat' dir='ltr'>scripsisset:</span> <span class='ocrx_word' id='word_1_404' title='bbox 777 3941 904 4002; x_wconf 90' lang='lat' dir='ltr'>bominis</span> <span class='ocrx_word' id='word_1_405' title='bbox 926 3945 1030 4012; x_wconf 85' lang='lat' dir='ltr'>istius,</span> <span class='ocrx_word' id='word_1_406' title='bbox 1064 3943 1116 4020; x_wconf 89' lang='lat' dir='ltr'>qni</span> <span class='ocrx_word' id='word_1_407' title='bbox 1136 3958 1189 4002; x_wconf 91' lang='lat' dir='ltr'>oos</span> <span class='ocrx_word' id='word_1_408' title='bbox 1212 3941 1379 4005; x_wconf 71' lang='lat' dir='ltr'>maneat,</span> <span class='ocrx_word' id='word_1_409' title='bbox 1413 3933 1485 3990; x_wconf 67' lang='lat' dir='ltr'>eausa</span> <span class='ocrx_word' id='word_1_410' title='bbox 1512 3973 1513 3982; x_wconf 27' lang='grc' dir='ltr'><strong>κ</strong></span> 
     </span>
     <span class='ocr_line' id='line_1_43' title="bbox 306 4008 1485 4103; baseline -0.012 -15"><span class='ocrx_word' id='word_1_411' title='bbox 306 4026 390 4088; x_wconf 86' lang='lat' dir='ltr'>blitto</span> <span class='ocrx_word' id='word_1_412' title='bbox 419 4043 489 4088; x_wconf 87' lang='lat' dir='ltr'>vero</span> <span class='ocrx_word' id='word_1_413' title='bbox 517 4024 593 4086; x_wconf 92' lang='lat' dir='ltr'>banc</span> <span class='ocrx_word' id='word_1_414' title='bbox 619 4023 870 4086; x_wconf 87' lang='lat' dir='ltr'>ratiocinationem</span> <span class='ocrx_word' id='word_1_415' title='bbox 899 4043 933 4086; x_wconf 87' lang='lat' dir='ltr'>ac</span> <span class='ocrx_word' id='word_1_416' title='bbox 958 4042 1022 4086; x_wconf 90' lang='lat' dir='ltr'>rem</span> <span class='ocrx_word' id='word_1_417' title='bbox 1050 4023 1145 4103; x_wconf 89' lang='lat' dir='ltr'>ipsam</span> <span class='ocrx_word' id='word_1_418' title='bbox 1173 4024 1209 4085; x_wconf 90' lang='lat' dir='ltr'>ad</span> <span class='ocrx_word' id='word_1_419' title='bbox 1232 4041 1319 4103; x_wconf 68' lang='lat' dir='ltr'>mam</span> <span class='ocrx_word' id='word_1_420' title='bbox 1339 4015 1421 4081; x_wconf 87' lang='lat' dir='ltr'>rerba</span> <span class='ocrx_word' id='word_1_421' title='bbox 1439 4008 1485 4098; x_wconf 63' lang='lat' dir='ltr'>biti</span> 
     </span>
     <span class='ocr_line' id='line_1_44' title="bbox 307 4095 1485 4189; baseline -0.005 -19"><span class='ocrx_word' id='word_1_422' title='bbox 307 4109 468 4189; x_wconf 89' lang='lat' dir='ltr'>respiciunt</span> <span class='ocrx_word' id='word_1_423' title='bbox 501 4109 627 4170; x_wconf 89' lang='lat' dir='ltr'>intueor.</span> <span class='ocrx_word' id='word_1_424' title='bbox 672 4109 783 4171; x_wconf 86' lang='lat' dir='ltr'>Caedes</span> <span class='ocrx_word' id='word_1_425' title='bbox 811 4109 969 4172; x_wconf 90' lang='lat' dir='ltr'>multorum</span> <span class='ocrx_word' id='word_1_426' title='bbox 999 4108 1151 4171; x_wconf 90' lang='lat' dir='ltr'>bominum</span> <span class='ocrx_word' id='word_1_427' title='bbox 1179 4108 1319 4188; x_wconf 79' lang='lat' dir='ltr'>dignitate</span> <span class='ocrx_word' id='word_1_428' title='bbox 1345 4123 1378 4166; x_wconf 89' lang='lat' dir='ltr'>aa</span> <span class='ocrx_word' id='word_1_429' title='bbox 1401 4095 1485 4180; x_wconf 70' lang='lat' dir='ltr'>menti</span> 
     </span>
     <span class='ocr_line' id='line_1_45' title="bbox 307 4172 1486 4274; baseline 0.001 -19"><span class='ocrx_word' id='word_1_430' title='bbox 307 4193 464 4256; x_wconf 84' lang='lat' dir='ltr'>illustrium</span> <span class='ocrx_word' id='word_1_431' title='bbox 493 4203 733 4256; x_wconf 82' lang='lat' dir='ltr'>commemorans.</span> <span class='ocrx_word' id='word_1_432' title='bbox 776 4193 889 4273; x_wconf 84' lang='lat' dir='ltr'>Expers</span> <span class='ocrx_word' id='word_1_433' title='bbox 919 4193 1061 4256; x_wconf 87' lang='lat' dir='ltr'>historiae</span> <span class='ocrx_word' id='word_1_434' title='bbox 1083 4194 1184 4256; x_wconf 83' lang='lat' dir='ltr'>Severi</span> <span class='ocrx_word' id='word_1_435' title='bbox 1206 4193 1258 4268; x_wconf 89' lang='lat' dir='ltr'>sit,</span> <span class='ocrx_word' id='word_1_436' title='bbox 1287 4193 1336 4274; x_wconf 92' lang='lat' dir='ltr'>qui</span> <span class='ocrx_word' id='word_1_437' title='bbox 1357 4189 1423 4250; x_wconf 73' lang='lat' dir='ltr'>baec</span> <span class='ocrx_word' id='word_1_438' title='bbox 1440 4172 1486 4256; x_wconf 61' lang='lat'>³¹¹⁰?</span> 
     </span>
     <span class='ocr_line' id='line_1_46' title="bbox 308 4257 1486 4358; baseline 0.003 -21"><span class='ocrx_word' id='word_1_439' title='bbox 308 4296 395 4356; x_wconf 91' lang='lat' dir='ltr'>quam</span> <span class='ocrx_word' id='word_1_440' title='bbox 423 4278 459 4340; x_wconf 91' lang='lat' dir='ltr'>ad</span> <span class='ocrx_word' id='word_1_441' title='bbox 487 4297 590 4340; x_wconf 89' lang='lat' dir='ltr'>necem</span> <span class='ocrx_word' id='word_1_442' title='bbox 618 4297 737 4352; x_wconf 91' lang='lat' dir='ltr'>eorum,</span> <span class='ocrx_word' id='word_1_443' title='bbox 765 4297 840 4358; x_wconf 93' lang='lat' dir='ltr'>quos</span> <span class='ocrx_word' id='word_1_444' title='bbox 869 4279 1023 4340; x_wconf 89' lang='lat' dir='ltr'>occasione</span> <span class='ocrx_word' id='word_1_445' title='bbox 1051 4278 1118 4340; x_wconf 91' lang='lat' dir='ltr'>bebi</span> <span class='ocrx_word' id='word_1_446' title='bbox 1142 4277 1242 4340; x_wconf 88' lang='lat' dir='ltr'>Gallici</span> <span class='ocrx_word' id='word_1_447' title='bbox 1263 4277 1299 4340; x_wconf 90' lang='lat' dir='ltr'>ab</span> <span class='ocrx_word' id='word_1_448' title='bbox 1320 4271 1417 4337; x_wconf 82' lang='lat' dir='ltr'>atomo</span> <span class='ocrx_word' id='word_1_449' title='bbox 1436 4257 1486 4341; x_wconf 72' lang='lat' dir='ltr'>aa</span> 
     </span>
     <span class='ocr_line' id='line_1_47' title="bbox 307 4350 1485 4444; baseline -0.008 -22"><span class='ocrx_word' id='word_1_450' title='bbox 307 4361 484 4437; x_wconf 85' lang='lat' dir='ltr'>uucidabat,</span> <span class='ocrx_word' id='word_1_451' title='bbox 517 4363 591 4424; x_wconf 77' lang='lat' dir='ltr'>uabi</span> <span class='ocrx_word' id='word_1_452' title='bbox 613 4382 705 4443; x_wconf 86' lang='lat' dir='ltr'>posse</span> <span class='ocrx_word' id='word_1_453' title='bbox 726 4371 827 4443; x_wconf 72' lang='lat' dir='ltr'>putet,</span> <span class='ocrx_word' id='word_1_454' title='bbox 860 4364 1063 4444; x_wconf 71' lang='lat' dir='ltr'>liaeusmpus</span> <span class='ocrx_word' id='word_1_455' title='bbox 1086 4363 1257 4434; x_wconf 86' lang='lat' dir='ltr'>illuderet,</span> <span class='ocrx_word' id='word_1_456' title='bbox 1291 4380 1347 4443; x_wconf 90' lang='lat' dir='ltr'>quo</span> <span class='ocrx_word' id='word_1_457' title='bbox 1369 4350 1485 4437; x_wconf 69' lang='lat' dir='ltr'>innonat</span> 
     </span>
     <span class='ocr_line' id='line_1_48' title="bbox 308 4433 1486 4528; baseline -0.025 -14"><span class='ocrx_word' id='word_1_458' title='bbox 308 4445 387 4525; x_wconf 86' lang='lat' dir='ltr'>iique</span> <span class='ocrx_word' id='word_1_459' title='bbox 413 4447 554 4526; x_wconf 88' lang='lat' dir='ltr'>praeclari</span> <span class='ocrx_word' id='word_1_460' title='bbox 586 4449 722 4511; x_wconf 89' lang='lat' dir='ltr'>homines</span> <span class='ocrx_word' id='word_1_461' title='bbox 750 4455 867 4528; x_wconf 89' lang='lat' dir='ltr'>praeter</span> <span class='ocrx_word' id='word_1_462' title='bbox 894 4465 1013 4510; x_wconf 90' lang='lat' dir='ltr'>omnem</span> <span class='ocrx_word' id='word_1_463' title='bbox 1046 4459 1144 4528; x_wconf 82' lang='lat' dir='ltr'>spem,</span> <span class='ocrx_word' id='word_1_464' title='bbox 1178 4448 1257 4527; x_wconf 93' lang='lat' dir='ltr'>quod</span> <span class='ocrx_word' id='word_1_465' title='bbox 1278 4446 1379 4508; x_wconf 78' lang='lat' dir='ltr'>Albino</span> <span class='ocrx_word' id='word_1_466' title='bbox 1406 4433 1486 4510; x_wconf 66' lang='lat' dir='ltr'>iassssq</span> 
     </span>
     <span class='ocr_line' id='line_1_49' title="bbox 305 4517 1486 4612; baseline -0.003 -20"><span class='ocrx_word' id='word_1_467' title='bbox 305 4538 493 4611; x_wconf 88' lang='lat' dir='ltr'>putarentur,</span> <span class='ocrx_word' id='word_1_468' title='bbox 528 4531 565 4593; x_wconf 93' lang='lat' dir='ltr'>ad</span> <span class='ocrx_word' id='word_1_469' title='bbox 597 4541 723 4596; x_wconf 88' lang='lat' dir='ltr'>mortem</span> <span class='ocrx_word' id='word_1_470' title='bbox 750 4532 947 4611; x_wconf 84' lang='lat' dir='ltr'>rapiebantur.</span> <span class='ocrx_word' id='word_1_471' title='bbox 989 4532 1064 4594; x_wconf 82' lang='lat' dir='ltr'>dudi</span> <span class='ocrx_word' id='word_1_472' title='bbox 1094 4533 1282 4612; x_wconf 80' lang='lat' dir='ltr'>spartianum</span> <span class='ocrx_word' id='word_1_473' title='bbox 1314 4529 1385 4606; x_wconf 82' lang='lat' dir='ltr'>(Vita</span> <span class='ocrx_word' id='word_1_474' title='bbox 1411 4517 1486 4610; x_wconf 55' lang='lat' dir='ltr'>Sibil</span> 
     </span>
     <span class='ocr_line' id='line_1_50' title="bbox 305 4599 1487 4699; baseline -0.003 -19"><span class='ocrx_word' id='word_1_475' title='bbox 305 4633 370 4697; x_wconf 86' lang='lat' dir='ltr'>cap.</span> <span class='ocrx_word' id='word_1_476' title='bbox 393 4615 456 4678; x_wconf 83' lang='lat' dir='ltr'>xit.</span> <span class='ocrx_word' id='word_1_477' title='bbox 478 4635 508 4697; x_wconf 89' lang='lat' dir='ltr'>p.</span> <span class='ocrx_word' id='word_1_478' title='bbox 533 4619 601 4682; x_wconf 80' lang='lat' dir='ltr'>tit.</span> <span class='ocrx_word' id='word_1_479' title='bbox 625 4618 671 4680; x_wconf 90' lang='lat' dir='ltr'>ed.</span> <span class='ocrx_word' id='word_1_480' title='bbox 694 4617 861 4698; x_wconf 73' lang='lat' dir='ltr'>Obrechtitz</span> <span class='ocrx_word' id='word_1_481' title='bbox 883 4617 1056 4699; x_wconf 74' lang='lat' dir='ltr'>Interfectis</span> <span class='ocrx_word' id='word_1_482' title='bbox 1077 4621 1244 4684; x_wconf 85' lang='lat' dir='ltr'>innumeris</span> <span class='ocrx_word' id='word_1_483' title='bbox 1265 4617 1365 4682; x_wconf 78' lang='lat' dir='ltr'>bibini</span> <span class='ocrx_word' id='word_1_484' title='bbox 1377 4599 1487 4690; x_wconf 59' lang='lat' dir='ltr'>parat*</span> 
     </span>
    </p>
   </div>
   <div class='ocr_carea' id='block_1_7' title="bbox 0 0 1588 5250">
    <p class='ocr_par' dir='ltr' id='par_1_7' title="bbox 0 0 1588 5250">
     <span class='ocr_line' id='line_1_51' title="bbox 0 0 1588 5250; baseline 0 0"><span class='ocrx_word' id='word_1_485' title='bbox 0 0 1588 5250; x_wconf 95' lang='lat' dir='ltr'> </span> 
     </span>
    </p>
   </div>
  </div>
 </body>
</html>
