3082 5238
442 401 577 446 suescas
599 401 640 445 ro.
663 403 730 446 aus.
752 401 915 447 norsum.
1227 387 1285 451 591

63 548 243 620 detenderet,
279 550 320 610 ita
350 557 384 612 ιιι
411 550 537 628 omgitet
568 569 631 624 eos,
668 551 718 630 qui
746 551 803 613 sibi
825 552 980 614 sumebant
1001 559 1178 632 potestatam
1199 553 1289 616 dandi

62 633 183 694 reniam
203 631 390 706 delictorum,
428 651 502 712 quae
523 634 574 694 uui
602 642 701 695 tamen
728 635 791 696 lieo
820 644 1010 715 competeret.
1063 635 1152 699 Cuius
1174 637 1229 710 rei,
1249 637 1289 698 ni

62 717 157 788 fallor,
181 715 426 794 significationem
448 717 479 778 iu
501 716 559 778 illis
581 718 680 778 verbis
701 718 825 796 reperit:
854 739 948 799 neque
972 731 1128 800 peccatam
1155 721 1287 793 diuuttit,

63 818 159 879 nepus
185 804 328 880 spiritum
356 800 493 881 indulpct
520 805 583 862 nisi
602 801 685 863 Meas
711 803 812 874 scium
848 821 923 880 quae
950 804 1098 881 quomodo
1126 803 1288 874 nonnisia

63 883 209 961 scriptore
243 883 413 963 disciplinae
435 885 565 945 Montani
598 885 698 945 dedito
725 886 913 964 pronuntiari
934 886 1099 965 potuerint,
1131 903 1193 947 nou
1215 905 1285 964 per·

63 966 168 1045 spicio.
203 966 279 1028 Nam
299 985 397 1046 neque
418 967 488 1028 illud
511 967 630 1029 sodales
652 969 834 1030 orthodoxae
849 969 998 1032 Ecclesiae
1011 971 1167 1048 negabant,
1190 987 1287 1049 usque

62 1051 99 1110 de
122 1067 157 1110 ea
177 1069 211 1110 rc
233 1058 297 1111 erat
317 1069 370 1113 eos
393 1051 470 1112 iuter
492 1058 522 1111 et
542 1051 734 1113 Montanistas
756 1053 934 1132 disputati03
966 1054 1019 1114 sed
1046 1054 1087 1114 illi
1111 1053 1287 1129 orthodoxi,

62 1133 196 1211 quamvis
224 1133 345 1195 nonnisi
366 1135 429 1196 lieo
457 1142 636 1213 potestatem
664 1137 909 1198 remittendorum
931 1145 1116 1216 peccatorum
1145 1137 1285 1216 adsigna-

62 1225 140 1290 rent,
173 1217 338 1294 negandam
373 1227 472 1279 tamen
508 1235 610 1295 pacem
647 1218 696 1292 iis,
731 1220 780 1298 qni
810 1229 932 1299 propter
968 1230 1087 1299 peccata
1121 1222 1238 1281 lucrant
1269 1239 1288 1282 e

62 1300 204 1362 societate
233 1317 317 1362 sacra
344 1301 439 1376 eiecti,
467 1319 529 1362 uon
559 1301 709 1381 putabant,
738 1303 884 1382 siqnidem
913 1304 953 1364 illi
982 1319 1016 1364 se
1036 1304 1124 1364 vitam
1147 1305 1288 1365 amendia

62 1392 147 1445 turos
169 1383 388 1461 pollicerentur.
431 1385 541 1446 Postea
561 1385 641 1446 hunc
661 1385 769 1447 librum
798 1387 843 1448 vir
869 1388 975 1450 doctus
1004 1387 1046 1448 ait
1072 1388 1108 1448 ad
1136 1388 1286 1448 maurita·

61 1475 126 1527 tum
148 1466 324 1528 Christianis
347 1487 363 1529 a
385 1469 509 1530 deorum
530 1469 692 1530 cultoribus
714 1470 915 1532 immissarum
941 1471 1028 1550 plena
1060 1479 1194 1556 tempora
1215 1489 1287 1549 per·

60 1551 174 1624 tinere;
209 1569 284 1630 quae
311 1561 358 1614 est
384 1553 457 1613 ieris
485 1554 619 1630 prolecto
646 1553 824 1614 coniectura.
866 1554 940 1615 Nam
968 1574 993 1615 c.
1019 1557 1067 1618 16.
1091 1555 1158 1615 iibri
1179 1555 1286 1627 nocui,

62 1653 151 1713 quem
172 1634 270 1696 locum
292 1634 342 1696 ille
363 1643 542 1698 antestatur:
566 1647 610 1698 est
631 1637 717 1698 nohis
740 1641 831 1699 etium
844 1639 1007 1699 secuudum
1023 1638 1188 1709 innocuam,
1212 1658 1287 1701 auu-

59 1722 162 1796 puinis
185 1718 307 1788 scilicet,
340 1719 421 1781 nullo
449 1720 538 1780 modo
567 1728 629 1780 tum
657 1737 799 1797 praesens
829 1721 990 1800 periculum
1014 1722 1154 1783 ostendit.
1199 1722 1287 1794 Quod

2 1848 4 1860 .
63 1801 91 1862 si
113 1810 375 1863 commemoratum
398 1803 486 1864 etiarn
507 1802 721 1864 aTertulliano
744 1805 860 1877 luisset,
883 1823 944 1866 nou
964 1813 1122 1884 propterea
1142 1804 1192 1865 hic
1212 1805 1288 1868 liber

2 1931 4 1942 ,
62 1884 101 1944 ad
124 1884 234 1963 scripta
256 1885 388 1946 Montani
413 1887 566 1948 erroribus
594 1888 703 1948 referta
730 1887 817 1948 abiici
844 1896 959 1967 posset,
992 1896 1064 1950 sunt
1090 1888 1169 1950 enim
1196 1889 1289 1951 multa

62 1967 238 2028 Tertulliani
260 1969 369 2048 sumpta
391 1973 437 2042 (ut
456 1969 534 2030 Dies.
557 1971 580 2030 l.
603 1969 806 2048 docebamus),
834 1973 964 2050 aequalis
991 1973 1038 2034 his
1063 1973 1287 2046 calamitatibus,

62 2059 133 2112 aute
155 2051 328 2114 Tertulliani
350 2053 545 2115 delectionem
567 2054 741 2132 composita.
787 2055 846 2116 Sed
880 2075 977 2134 neque
1002 2056 1068 2135 ipse
1096 2057 1144 2118 ille
1170 2055 1288 2136 dicendi

61 2135 184 2207 modus,
206 2154 265 2214 quo
288 2123 486 2198 Tertullianus
508 2137 654 2199 cruciatus
682 2137 808 2216 aliquem
840 2139 929 2200 veluti
950 2139 1129 2218 baptismum
1151 2141 1288 2219 appellat,

2 2274 3 2302 ἢ
62 2218 165 2279 stetim
192 2219 398 2282 Moutauistam
425 2222 542 2300 prodit,
576 2222 635 2282 nisi
662 2221 787 2283 velimus
814 2222 912 2284 dicere
934 2223 1093 2301 Origenem
1120 2231 1290 2303 quoquest

61 2301 149 2374 aiios,
172 2321 300 2382 quorum
320 2305 385 2366 loca
406 2305 495 2366 hahet
515 2304 695 2368 [loduellusi
717 2306 768 2384 qui
790 2324 940 2384 uunquam
955 2307 1082 2368 accusati
1097 2308 1287 2370 montanismi

2 2388 3 2391 ’
61 2387 158 2458 fuere,
188 2396 311 2464 propter
339 2407 402 2450 earn
430 2407 494 2449 rem
522 2390 655 2450 societati
677 2389 920 2452 Montunistarnm
948 2389 1081 2452 addictos
1108 2390 1210 2452 haberi
1233 2392 1287 2452 de-

61 2468 167 2530 herel.
225 2470 358 2550 lienique
394 2473 472 2551 quod
508 2491 568 2534 non
606 2472 732 2533 obscure
769 2474 979 2535 Tertullianum
1017 2475 1122 2535 eodem
1156 2476 1185 2535 in
1221 2475 1287 2536 loco

100 2640 116 2686 i.
140 2638 241 2688 llissert.
260 2639 372 2703 cyprian.
390 2641 452 2690 liill.
478 2656 539 2704 qaas
562 2647 600 2690 est
623 2641 653 2690 ds
703 2640 850 2704 baptismum
875 2640 994 2703 triplicem
1022 2641 1228 2700 confirmandum,
1264 2651 1290 2693 nt

59 2705 173 2754 secundo
193 2707 297 2768 martyrii
315 2706 445 2772 baptismo,
464 2708 584 2770 inprimis
595 2703 618 2770 5.
629 2706 652 2756 2.
704 2715 788 2771 postea
809 2709 907 2770 patebit,
926 2707 993 2756 nulio
1007 2709 1079 2756 modo
1092 2709 1226 2766 consentit,
1245 2722 1289 2758 ue-

100 2772 122 2818 Ιι.
142 2774 170 2820 lt
189 2771 268 2821 dicero
287 2773 326 2836 qni
340 2781 438 2838 posset,
457 2773 522 2834 illos,
541 2775 581 2838 qui
598 2783 654 2838 post
701 2789 751 2836 pue
769 2779 849 2822 tameo
868 2773 1222 2838 hocllpiphaniitestimouium
1235 2775 1289 2822 uni-

60 2838 242 2888 Tertulliauum
255 2839 361 2898 vixerint,
381 2841 532 2890 Christianos
548 2841 653 2904 scripto·
704 2853 772 2888 verse
790 2841 992 2890 contemnendum
1012 2839 1124 2888 arbitror.
1149 2839 1201 2888 Erit
1219 2839 1290 2902 igitur

61 2919 115 2964 res,
141 2919 195 2955 cnm
222 2919 316 2956 summa
335 2907 478 2956 existimatio
498 2921 582 2956 eorum
601 2915 653 2956 crta
704 2921 794 2970 operae
812 2908 925 2970 pretium,
943 2913 969 2955 ut
987 2908 1097 2970 quisnam
1117 2907 1137 2955 is
1156 2906 1227 2955 luerit
1245 2907 1290 2956 tri·

61 2980 140 3031 esset,
164 2973 203 3038 qui
228 2973 264 3022 rel
283 2982 361 3024 morta
378 2974 414 3051 rel
433 2974 579 3024 cruciatibus
597 2989 653 3024 sus·
704 2975 760 3037 pler
778 2965 1179 3051 Marcionis'haptiamus'breviter
1206 2981 1289 3050 osten-

62 3039 656 3172 25t¹¹tilzss⁵tiitttttzstlitibus}
707 3040 1290 3172 itm...illimitationisliti

2 3217 5 3250 ,Ι
62 3175 148 3224 dinem
180 3190 192 3222 a
217 3173 367 3223 Montanistis
397 3175 547 3239 sumpsisse,
577 3189 655 3238 neque
707 3173 825 3223 Menatem
854 3181 947 3224 cunstat
974 3187 1032 3223 suos
1059 3175 1082 3222 io
1114 3174 1240 3224 inditores
1269 3183 1292 3225 ct

62 3255 126 3303 ergo
144 3242 231 3290 horum
250 3241 303 3290 loca
322 3255 378 3291 assa
395 3241 481 3290 idonea
500 3243 530 3290 ad
549 3241 655 3290 liberau-
707 3241 803 3292 Eiectos
830 3239 982 3302 distinxissa;
1006 3255 1080 3305 quare
1105 3241 1168 3290 hand
1191 3243 1242 3292 scio
1261 3255 1292 3292 au

61 3311 126 3360 duur
149 3309 214 3360 huuc
235 3323 373 3360 sermonem
397 3323 410 3358 ι
435 3309 586 3360 Montauismi
613 3323 656 3358 su·
707 3309 853 3359 Marcionitis
877 3323 925 3358 nou
951 3309 1134 3374 possitpeadem
1153 3309 1291 3360 distributio

2 3381 5 3421 ’.
61 3376 186 3439 spinione,
205 3377 348 3440 praesertim
362 3391 416 3426 cum
426 3377 447 3426 is
458 3377 551 3440 primus
564 3377 656 3426 inTer-
709 3376 838 3438 adsignari,
857 3391 911 3426 com
923 3376 1086 3428 Tertullianus
1104 3377 1291 3426 aduersusilar-

2 3469 4 3479 ν
60 3443 168 3492 ιιιΙΙίιιιο
180 3442 653 3506 aliorumqueMontauistarumscriptis,
706 3443 800 3494 cionem
820 3441 860 3491 lib.
879 3443 903 3492 V.
923 3459 943 3493 c.
963 3443 985 3491 i.
1007 3459 1031 3508 p.
1052 3458 1083 3491 m.
1102 3441 1151 3494 588
1166 3443 1191 3493 C.
1210 3445 1290 3493 videa-

60 3509 138 3560 reluti
158 3511 181 3558 iu
194 3511 258 3559 ictis
271 3509 538 3574 Perpetuaeetl'elisit.
550 3507 653 3575 (522),
705 3519 745 3560 ιιι
763 3511 878 3571 indicare,
897 3511 992 3560 nonnisi
1010 3511 1171 3560 sanctioribus
1192 3525 1220 3560 aa
1241 3511 1291 3560 suis

2 3559 8 3591 Τ
61 3586 192 3641 appareat.
227 3577 304 3636 ouem
332 3579 394 3627 turta
418 3579 581 3643 suspicionem
601 3575 654 3642 pel·
706 3577 850 3628 Marcionem
876 3579 1013 3641 nuptiarum
1038 3578 1158 3627 licentiam
1182 3590 1291 3638 tragisse,

2 3640 5 3680 ='
62 3643 115 3694 l'am
135 3645 182 3693 alia
199 3645 348 3707 suspicione,
373 3647 393 3694 si
412 3647 550 3705 ostendero,
576 3647 654 3708 ipsum
707 3647 744 3695 his
756 3645 849 3694 uerbis:
867 3647 969 3695 Marcion
979 3652 1051 3695 totum
1063 3647 1292 3706 concubitemuusert

10 3721 23 3730 '
62 3715 115 3762 iam
130 3711 276 3760 Marcionem
294 3711 395 3762 eandem
414 3713 508 3762 dicendi
525 3719 655 3762 consuatu-
705 3714 835 3775 ,fidelibuu
861 3713 961 3760 uiderint
980 3714 1040 3760 euim
1057 3712 1212 3760 catechumeni
1226 3712 1291 3758 eius:

2 3816 3 3831 ι
62 3779 149 3829 dinem
169 3777 290 3828 hahuisse.
325 3779 417 3843 Nempe
429 3779 579 3843 Epiphanius
597 3779 655 3826 hae·
706 3781 731 3828 iu
756 3779 843 3842 quihus
867 3779 945 3840 potuit
963 3777 1149 3828 catechumenos
1168 3775 1311 3838 appellare.

2 3839 11 3915 '4
63 3860 116 3896 res.
135 3845 204 3893 lihil.
225 3840 250 3907 5.
269 3844 292 3894 3.
317 3845 373 3894 edit.
392 3845 469 3896 Colon
488 3861 511 3909 p.
531 3845 588 3894 sot.
607 3852 657 3893 tras
708 3847 788 3894 minus
806 3845 929 3907 periectos
948 3846 1069 3904 modoeo,
1087 3842 1306 3905 quolipiphauiua.

2 3902 11 3936 ¹'
65 3913 102 3963 ait
120 3911 255 3974 baptismos
278 3912 392 3962 defensos
411 3929 423 3961 a
442 3912 563 3961 Marcione
582 3912 657 3960 inisse
709 3913 797 3974 aliique
817 3913 862 3959 hoc
880 3925 967 3959 nomeu
986 3913 1057 3959 etiarn
1076 3909 1189 3958 adhihent
1207 3909 1237 3956 ds
1250 3923 1292 3957 au-

65 3970 112 4040 (ci
135 3970 225 4043 μόνον
246 3969 310 4042 παρ’
337 3971 411 4044 αὐτῷ
435 3972 466 4028 ἓν
484 3971 601 4042 λουτρὸν
618 3972 657 4025 δι’·
680 4027 688 4040 ,
709 3977 827 4027 ditorihus
846 3978 1054 4038 Manichaeorum
1080 3989 1157 4038 neque
1178 3975 1293 4028 credibile

66 4040 160 4100 dorcet,
187 4035 254 4092 itta
276 4038 323 4092 aci
345 4037 397 4099 ἕως
413 4045 500 4110 τριῶν
516 4043 657 4113 λουτρῶν).
708 4053 754 4105 est,
765 4045 909 4094 Marcionem
922 4045 944 4094 iu
955 4045 1092 4103 uniuersum
1102 4057 1186 4090 omnes
1196 4045 1292 4106 nuptias

2 4157 10 4175 ‚
66 4115 96 4164 ln
123 4127 171 4176 quc
196 4112 316 4162 narrando
341 4114 387 4163 etsi
413 4115 498 4164 damus
522 4127 577 4164 rora
602 4126 657 4163 essa
708 4113 837 4163 sustulisse
850 4112 913 4175 apud
926 4125 993 4172 suos,
1008 4123 1072 4168 cum,
1090 4110 1293 4172 quamadmodum

2 4177 11 4194 l
67 4181 139 4231 falsis
165 4180 194 4228 ab
219 4180 353 4244 Epiphanio
376 4182 509 4245 permista,
535 4189 657 4244 tamquam
709 4186 817 4240 constat,
842 4180 979 4244 nuptiarum
1003 4184 1126 4227 auctorem
1150 4189 1198 4226 nou
1221 4177 1293 4226 deum

7 4241 12 4263 '
68 4261 125 4299 com
159 4247 223 4298 dicat
245 4247 391 4298 Marcionem
422 4248 543 4312 triplicem
566 4249 659 4312 baptis·
710 4246 802 4296 malum
825 4247 869 4296 sed
887 4245 992 4296 medium
1012 4245 1080 4293 illum
1098 4245 1195 4307 putarit,
1222 4257 1294 4309 qoam

4 4344 11 4366 ι
68 4329 136 4366 mum
155 4315 313 4377 cruentasse,
332 4323 403 4366 utsa
421 4317 660 4378 aharitiocnmrir·
711 4315 801 4364 iustum
827 4313 988 4376 nuncupabat.
1025 4313 1057 4362 iix
1076 4326 1123 4375 quo
1147 4311 1172 4372 2)
1190 4327 1238 4361 non
1256 4313 1294 4361 iu·

2 4398 11 4455 3·
67 4385 125 4446 gine
157 4383 289 4433 commisso
321 4392 436 4448 purgarat
462 4384 536 4447 (quod
561 4391 606 4444 est,
635 4389 661 4431 ut
711 4389 765 4444 epte
789 4387 870 4443 potest
888 4393 941 4430 cum
959 4379 1110 4430 liellosohrio
1129 4379 1294 4436 coniicitlli*

68 4451 139 4500 multi
158 4450 325 4510 ostenderunt,
344 4465 410 4500 mera
425 4450 569 4511 calumnia),
588 4451 660 4500 etiarn
710 4448 785 4498 stoirs
802 4449 832 4496 du
851 4447 1021 4497 Manicheisme
1039 4447 1107 4498 Toni.
1128 4447 1155 4496 ll.
1175 4462 1198 4509 p.
1219 4445 1294 4508 1²2),

5 4568 9 4578 ,
70 4533 125 4566 cum
150 4519 215 4568 dicat
245 4519 342 4567 dedisse
370 4517 514 4568 Marcionem
539 4519 658 4581 triplicem
711 4515 922 4564 unnmllarcionis
940 4516 1086 4578 baptismum
1104 4515 1128 4563 in
1146 4513 1293 4562 omnsseol·

5 4584 12 4622 t
69 4585 228 4648 baptismum,
248 4585 313 4650 qnod
331 4599 385 4636 cum
401 4591 542 4648 argumento
556 4586 585 4635 ad
596 4586 660 4634 huns
711 4583 794 4644 latum,
813 4582 889 4634 altero
907 4583 1011 4632 initiatos
1028 4584 1104 4632 inisse
1116 4580 1292 4633 interiorissd·
