3114 5240
493 389 627 434 annaeus
649 389 708 434 rara.
731 391 767 434 aa
788 391 915 436 nonnas.
1269 375 1308 440 dl

102 537 252 612 sedarunt,
274 556 371 618 neque
393 539 414 600 ii
439 539 571 614 taudem,
593 541 642 620 qui
664 541 767 603 barum
790 543 982 604 scelestarum
1002 542 1129 622 partium
1152 543 1226 605 socii
1247 551 1311 606 tunt

102 623 224 703 quotidie
254 623 498 702 agnoscebantur.
540 625 577 685 ht
604 626 653 686 isti
681 635 777 688 tamur
806 645 861 707 pro
883 629 1092 706 imperatorum
1113 628 1207 690 saluto
1228 645 1312 692 sacra

100 707 248 780 laeiebant,
280 725 335 787 per
356 727 459 770 eorum
481 709 650 771 deierabant
671 711 787 788 gauium
810 731 844 774 ac
865 712 1008 774 solemnia
1029 713 1116 774 sicuti
1137 713 1185 774 alii
1207 731 1311 776 omnes

100 791 289 854 celebrabant
333 792 443 854 Eadem
472 811 587 874 quoqne
614 795 820 873 dependebant
845 797 940 859 officia
968 797 1126 876 astrologi,
1148 798 1309 876 aruspices,

98 895 230 956 munes,
254 877 341 956 magi,
364 879 415 957 qui
436 878 611 940 daemonum
633 879 744 942 artibus
767 881 803 942 de
824 880 980 942 Caesarum
1002 882 1098 943 lutura
1118 889 1215 944 morta
1235 901 1311 944 cons

98 961 241 1024 stltabant
264 963 498 1042 exoptabantque
520 983 588 1024 ease
608 965 772 1043 proximam
795 969 868 1044 (cap.
884 969 959 1044 35.).

176 1045 284 1107 Debita
306 1051 376 1124 ergo
398 1047 623 1126 imperatoribus
644 1049 729 1123 fides,
750 1051 845 1129 pietas
866 1059 896 1112 et
916 1051 1019 1128 religio
1040 1067 1101 1112 non
1122 1050 1154 1112 in
1175 1050 1222 1112 bis
1241 1053 1310 1114 offi-

97 1131 145 1193 ciis
167 1131 319 1204 consistit,
341 1149 416 1210 quac
437 1132 473 1192 ab
496 1151 598 1194 eorum
620 1133 757 1196 hostibus
779 1135 896 1214 saepius
918 1135 1049 1198 exhiberi
1071 1135 1133 1197 visa
1154 1142 1234 1209 sunt,
1257 1135 1309 1198 aad

97 1217 183 1278 iniis
205 1215 341 1276 moribus
363 1216 512 1278 arbonae
533 1218 639 1280 mentis
662 1219 818 1296 operibus,
849 1237 924 1298 quae
945 1220 1172 1298 imperatoribus
1195 1220 1310 1302 stallis

96 1301 234 1362 omnihus
267 1300 522 1363 indiscriminatim
549 1302 685 1382 nullaque
713 1303 770 1364 uisi
793 1323 809 1365 a
831 1303 892 1364 llao
914 1311 1062 1382 expectata
1083 1304 1217 1366 mercede
1239 1323 1309 1383 per-

95 1386 201 1448 solvas.
245 1387 283 1445 llt
304 1385 377 1448 haec
397 1386 586 1464 praestabant
601 1387 769 1460 Christiani,
792 1387 841 1468 qui
863 1388 1001 1450 iubentur
1017 1389 1128 1450 uenuui
1149 1388 1311 1450 malavalle

95 1479 142 1531 aut
162 1472 273 1543 lacere,
295 1470 332 1530 de
354 1470 434 1531 nullo
456 1471 530 1535 male
552 1472 690 1548 cogitare,
712 1472 858 1534 neminem
882 1473 998 1545 odisse,
1021 1471 1141 1550 diligere
1162 1473 1309 1546 inimicos,

94 1575 126 1616 ac
153 1573 221 1616 cum
248 1553 421 1629 laeduntur,
449 1574 503 1634 par
528 1557 592 1634 pari
614 1575 675 1616 non
698 1559 818 1618 relerra.
864 1557 950 1629 Quod
972 1556 1089 1636 quidem
1111 1557 1147 1616 ab
1169 1557 1226 1618 illis
1250 1565 1310 1618 tam

95 1639 199 1702 sedulo
223 1639 412 1702 observatum
435 1649 496 1710 est,
520 1649 553 1702 ut
573 1641 610 1701 ab
632 1641 716 1718 uulgo
739 1641 885 1720 lapidibus
907 1641 1039 1720 appetiti,
1061 1640 1106 1701 vel
1121 1641 1245 1702 aliorum
1260 1643 1310 1704 lu·

94 1743 162 1786 rore
191 1723 312 1801 ignibus
341 1725 454 1797 exusti,
483 1725 527 1786 vel
555 1725 773 1787 bacchanalium
795 1725 879 1788 luriis
903 1743 939 1787 ex
959 1725 1094 1804 sepulcro
1117 1726 1234 1799 elloasi,
1266 1733 1312 1788 tut

96 1817 249 1888 natasque
270 1807 328 1876 sibi
351 1817 402 1870 aut
423 1810 486 1870 auis
509 1809 648 1871 iratribus
670 1809 763 1872 illatas
784 1810 906 1872 iniurias
927 1827 1075 1889 nunqnam
1090 1809 1192 1873 ulcisci
1206 1810 1310 1872 volue-

95 1894 167 1954 riut.
209 1893 348 1954 Poterant
368 1900 466 1954 tamen
488 1894 525 1956 de
546 1895 584 1956 iis
605 1913 716 1974 poenas
729 1913 845 1956 sumere
856 1903 906 1956 aut
915 1893 1047 1974 pauculis
1058 1894 1159 1956 lanulis
1171 1895 1310 1968 ocurltas,

96 1985 148 2039 aut
168 1977 338 2051 moribus,
361 1997 448 2056 quam
471 1979 590 2053 ethuim,
612 1979 736 2041 rnilitum
758 1979 850 2058 copiis
872 1987 1001 2059 apertas.
1033 1979 1091 2040 Per
1105 1987 1199 2040 totum
1216 1979 1310 2058 siqui-

96 2063 162 2124 dem
184 2062 327 2124 mundum
350 2063 487 2142 dispersi.
509 2063 608 2134 umes,
628 2064 795 2144 municipia,
819 2073 924 2138 castra,
946 2064 1133 2143 exceptisque
1148 2064 1221 2125 solia
1235 2065 1310 2125 deo-

95 2165 157 2208 mm
182 2147 315 2226 templis,
339 2149 438 2208 omnia
459 2148 660 2226 impleverant
705 2149 844 2221 Quamvis
866 2158 964 2210 autem
986 2149 1116 2210 minores
1137 2149 1238 2228 copias
1260 2149 1310 2209 in-

96 2243 211 2293 struere
240 2232 422 2310 potuissent,
457 2233 502 2293 cui
531 2239 629 2294 tamen
651 2233 727 2294 bello
749 2233 879 2313 prompti
901 2243 930 2294 et
951 2233 1051 2294 idonei
1072 2251 1134 2293 non
1156 2241 1239 2294 erant
1259 2233 1310 2311 qui

71 2327 75 2334 '
96 2317 222 2378 libenter
244 2335 299 2394 pro
322 2335 394 2378 suae
416 2316 568 2394 roligionis
591 2318 778 2380 consessione
799 2337 830 2379 se
852 2318 992 2380 trucidari
1013 2316 1222 2396 patiebantur?
1253 2316 1311 2378 Fac

96 2403 191 2475 etiam,
216 2401 244 2461 si
265 2400 348 2475 uelis,
371 2419 426 2462 eos
446 2402 538 2471 luisse
561 2401 700 2464 inermes.
742 2402 779 2463 lt
799 2421 852 2464 sua
867 2401 1124 2481 solaagentilibus
1147 2401 1311 2463 delectione

97 2496 142 2546 aut
174 2487 366 2565 separatione
395 2505 463 2547 sese
491 2487 638 2548 vindicare
660 2486 793 2548 facillime
815 2495 960 2567 poterant.
1005 2486 1227 2566 Tauta'quippe
1247 2493 1312 2548 erat

99 2571 210 2632 illorum
235 2569 407 2642 multitudo,
430 2579 463 2630 nt
484 2571 592 2632 ethnici
614 2571 671 2632 sibi
693 2571 764 2632 solis
786 2572 896 2645 relicti,
923 2589 1006 2633 suant
1029 2570 1253 2650 obstupuissent
1273 2569 1311 2632 ad

97 2655 287 2716 solitudinem
326 2673 360 2715 ac
393 2654 494 2734 plures
522 2656 625 2717 hostes
654 2655 825 2718 habuissent
858 2673 944 2734 quam
971 2656 1061 2717 cives.
1116 2654 1247 2733 Denique
1274 2655 1311 2716 ad

96 2739 331 2802 Christianorum
353 2739 509 2800 vindictam
531 2741 603 2801 satis
625 2739 725 2818 utique
747 2741 861 2811 luisset,
885 2739 912 2800 ai
934 2739 1094 2801 daemonas
1107 2739 1311 2817 nundapulis-

96 2835 156 2886 seut
185 2825 222 2885 ab
245 2824 381 2886 obsessis
404 2823 588 2885 ethnicorum
610 2823 793 2902 corporibus.
837 2825 931 2886 Tanto
952 2823 1042 2902 igitur
1064 2823 1121 2884 huc
1141 2841 1200 2883 uno
1223 2839 1310 2900 prae·
1409 2876 1412 2886 .

95 2911 165 2971 sidio
201 2908 361 2987 gentilibus
396 2909 501 2970 collato
536 2891 730 2970 ostendebant
756 2927 790 2970 se
820 2926 881 2969 non
903 2908 1022 2969 humani
1044 2906 1161 2984 quidem
1184 2906 1311 2982 generis,
1394 2976 1396 2982 ¹

96 2997 142 3056 sed
163 2995 297 3066 erroris,
319 2993 363 3054 uti
386 2994 527 3055 hactenus
549 2993 748 3072 probavimus,
771 3011 839 3054 csse
861 2992 996 3053 iuimicus
1017 2993 1092 3069 (cap.
1116 2993 1166 3054 36.
1190 2993 1265 3065 37.).

175 3079 304 3140 Transit
325 3077 395 3138 inde
409 3079 516 3139 ductor
538 3083 642 3156 poster
663 3077 699 3138 ad
722 3075 842 3136 alteram
864 3095 920 3142 nco
933 3075 1032 3136 minus
1046 3074 1247 3153 impudentem
1262 3091 1311 3136 oa·
1337 3097 1345 3113 ·

101 3163 249 3236 lumniam,
272 3181 331 3242 qua
347 3161 503 3224 Christiani
525 3163 561 3223 de
583 3161 657 3223 salso
680 3161 795 3222 illicitae
817 3160 952 3222 lectionis
975 3159 1097 3221 crimine
1119 3158 1312 3240 postulaban-

102 3257 153 3308 tur.
192 3249 283 3321 Quae
305 3247 402 3318 enim,
436 3248 476 3308 ait
496 3247 554 3320 ille,
578 3254 625 3308 est
645 3247 731 3314 lactio
753 3245 867 3318 illicita,
889 3243 948 3306 nisi
970 3244 1122 3306 homiuum
1144 3244 1193 3323 qui
1215 3243 1313 3323 digui-

103 3341 182 3394 utun
206 3341 263 3394 aut
285 3331 398 3410 gloriae
419 3331 576 3392 ambitione
598 3331 729 3392 civitates
752 3350 785 3391 ac
799 3348 888 3408 regna
903 3328 1082 3392 turbabant?
1124 3329 1210 3408 Atqui
1225 3328 1312 3390 Chri·

103 3418 197 3492 stimi,
231 3416 313 3478 nulla
336 3415 496 3477 ambitione
517 3416 612 3488 ducti,
634 3416 769 3477 nuntium
793 3433 911 3494 semper
931 3413 1108 3476 remiserant
1130 3413 1313 3476 ethnicorum

100 3504 231 3564 mehbus
255 3499 395 3562 strabus
417 3501 564 3580 publicis,
598 3501 843 3579 quomadmodum
866 3500 949 3572 circi,
972 3499 1089 3572 theatri,
1112 3517 1217 3560 arenae
1239 3498 1313 3559 alio-

99 3607 218 3667 rumque
242 3585 479 3666 spectaculorum
499 3585 709 3663 voluptatibus.
752 3584 788 3646 at
809 3593 888 3646 certe
910 3584 947 3644 iis
969 3584 1087 3645 reiectis
1109 3583 1222 3644 nullum
1246 3582 1315 3642 iude

99 3671 222 3734 ethnicis
253 3671 394 3732 damnum
421 3671 557 3750 nullaque
588 3669 712 3741 iniuria,
743 3669 828 3730 sicuti
851 3687 946 3747 neque
968 3669 994 3728 si
1017 3667 1132 3747 quando
1156 3664 1315 3727 Christiani

100 3757 164 3817 alias
174 3761 425 3816 consectarentur
435 3755 608 3834 voluptates,
620 3773 693 3832 quas
705 3754 813 3815 ethnici
824 3753 955 3814 vicissim
966 3752 1147 3831 respuebant
1157 3751 1314 3827 (capilii).

178 3839 385 3902 Tertullianus
418 3858 508 3918 porro
537 3847 570 3900 ut
596 3838 709 3900 cunctis
736 3838 852 3918 planius
881 3838 974 3899 adhuc
1001 3835 1173 3897 ostenderet
1199 3831 1271 3892 nihil
1298 3851 1315 3894 a

103 3925 276 3988 (hristianis
299 3923 469 3984 turbulento
491 3923 606 3984 illicitae
629 3921 774 3996 lectionis,
799 3922 852 3983 sad
873 3921 970 3983 omnia
986 3921 1052 3981 solo
1067 3935 1152 3978 verae
1163 3915 1316 3994 religionis

106 4017 134 4068 et
150 4011 271 4088 pictatis
294 4009 394 4070 animo
415 4009 489 4081 lieri,
511 4008 640 4070 hrenum
660 4025 695 4068 ac
716 4006 831 4103 sinpere
854 4027 888 4068 ea
909 4005 1049 4080 describit
1069 4019 1145 4081 quae
1165 4001 1195 4062 iu
1213 4019 1317 4063 eorum

108 4095 232 4156 metibus
256 4093 429 4174 agebantur.
472 4093 507 4154 ln
528 4093 596 4166 illis,
619 4090 723 4171 inquit,
745 4109 803 4153 ram
818 4092 880 4152 lleo
902 4089 1055 4160 ludebant,
1078 4086 1153 4148 lusis
1168 4086 1316 4166 precatio-

109 4175 187 4239 nibus
213 4198 272 4260 pro
301 4179 481 4257 imperatore
515 4185 545 4240 et
572 4175 786 4256 potestatibus,
819 4195 874 4256 pro
904 4181 983 4236 statu
1012 4171 1121 4233 sacculi
1153 4191 1187 4234 ao
1217 4189 1318 4232 renim

107 4263 208 4340 quiete,
231 4281 290 4344 pro
311 4280 396 4324 mora
419 4262 469 4323 fini
491 4262 593 4327 tdtimo
617 4259 718 4322 mundi
739 4261 896 4322 allereuda.
941 4256 1134 4319 Tumdebino
1147 4256 1319 4334 legebantur

105 4346 213 4410 divinae
238 4349 419 4426 Scripturae,
443 4347 549 4426 quibus
572 4345 748 4409 adstantium
771 4351 928 4424 pascerent
941 4342 1039 4414 tidem,
1062 4359 1146 4421 spem
1171 4340 1319 4419 erigerent

105 4447 135 4492 ac
153 4433 281 4511 ligarent
302 4431 449 4494 fiduciam.
493 4431 697 4510 Sequebantur
718 4436 823 4509 postea
845 4426 1075 4500 exhortationes,
1098 4425 1317 4505 castigationes,

106 4524 133 4575 et
153 4517 252 4579 divina
273 4517 315 4578 ob
337 4533 423 4596 grave
445 4515 561 4595 aliquod
581 4524 732 4596 peccatum
754 4531 889 4576 cenatus.
933 4511 1143 4573 Praesidebant
1158 4517 1255 4572 autem
1269 4509 1317 4570 bis

108 4601 241 4664 meh'bus
260 4601 380 4684 probati
402 4600 547 4675 seniores,
569 4617 630 4662 nou
651 4598 758 4682 pretio,
780 4596 1195 4662 aedmeritobuncbouorem
1209 4592 1318 4672 adepti.
