3020 5230
435 392 570 438 onerans
591 395 633 438 ιο.
656 394 718 440 ssa.
741 393 866 438 semna.
955 365 963 379 ’

192 541 309 592 tironus
326 540 479 594 Marcionem.
504 513 510 524 '

613 780 616 788 v

70 1375 180 1436 lesum
213 1386 312 1438 autem
345 1374 383 1435 ab
415 1376 545 1438 nominis
574 1377 621 1438 sui

15 1462 141 1538 [acturi
175 1467 401 1520 sacramentum.
457 1460 623 1524 Identidem

17 1561 146 1604 nomen
184 1561 272 1603 suum
304 1543 505 1616 confirmavit,
542 1546 622 1623 quod

18 1628 100 1705 ipse
123 1625 152 1688 ei
173 1625 330 1700 indiderat,
354 1627 504 1706 quianon
527 1647 619 1708 ange-

18 1711 106 1783 lum,
128 1727 185 1772 nec
210 1709 310 1771 lasea
345 1710 399 1772 sod
425 1710 524 1774 lesum
552 1731 621 1774 eum

20 1795 167 1854 iusserat
188 1793 293 1854 exindo
315 1799 454 1856 vocitari.
492 1795 571 1876 lirqo
594 1801 624 1859 si

19 1889 197 1958 utrumque
211 1895 320 1938 nomen
336 1879 519 1957 competitio
533 1881 623 1943 Cleri-

24 1973 118 2023 stum
141 1967 289 2025 creatoris
313 1971 367 2023 etc.
422 2002 428 2017 s

235 2112 269 2161 Ex
287 2113 363 2176 capite
384 2113 423 2162 l'l.

75 2211 115 2272 Si
134 2216 212 2272 enom
237 2211 396 2291 plenitudo
418 2217 451 2274 ia
477 2213 532 2276 illo
556 2220 621 2296 api-

26 2301 117 2358 ritus
134 2300 278 2368 constitit,
302 2315 431 2374 aquosco
447 2302 564 2377 oirqam
584 2299 622 2360 de

24 2379 134 2441 radice
149 2379 240 2440 lesse.
279 2379 349 2440 Flos
372 2384 435 2444 eius
457 2401 540 2444 meus
563 2387 623 2445 etit

29 2465 187 2534 Ctrtstus,
213 2467 246 2524 ia
268 2482 324 2544 qua
347 2468 492 2542 requievit
513 2485 622 2528 secun-

28 2551 106 2609 dum
121 2547 243 2631 Esaiam
264 2546 387 2625 spiritus
409 2549 570 2626 sapientiae
593 2558 623 2611 et

27 2629 361 2710 intellectus„spiritus
384 2631 500 2692 consilii
523 2641 553 2692 et
574 2638 621 2694 oi-

26 2720 130 2794 qoris,
154 2712 276 2792 spiritus
299 2713 458 2792 agnitionis
481 2716 620 2794 etpieta-

28 2801 81 2869 tis,
116 2797 240 2875 spiritus
263 2801 380 2859 timoris
409 2797 472 2858 Dei.
516 2798 618 2878 Neque

29 2884 115 2944 enim
131 2881 180 2942 ulli
195 2881 357 2954 hominum,
381 2881 540 2944 diversitas
556 2883 620 2961 spi-

28 2965 163 3028 ritalium
191 2965 437 3027 documentorum
465 2964 618 3045 compete-

29 3051 100 3122 bat,
131 3048 189 3111 nisi
211 3049 241 3108 in
264 3048 430 3122 Christum
463 3049 528 3110 llon'
551 3050 619 3128 qui-

30 3135 101 3196 dem
125 3133 163 3194 ob
185 3133 308 3212 gratiam
323 3136 452 3212 spiritua
472 3134 619 3211 adaequa-

1195 381 1261 478 aaa¹

788 542 791 550 “
841 544 960 594 litarem
978 543 1088 596 ludaeos.

674 644 742 688 ram
763 630 1012 706 repromissionis
1041 647 1104 690 oon
1127 628 1257 708 Mopaea,

670 709 814 789 Angelum
850 709 969 788 quidem
1006 712 1083 772 dimit
1119 731 1186 774 eum
1218 711 1257 774 ab

674 793 905 872 magnitudinem
927 794 1076 868 virtutum,
1099 814 1173 873 quas
1196 805 1259 860 erat

674 877 805 938 editurus
827 881 914 958 (quus
937 881 1067 939 uirtutes
1082 879 1155 961 fecit
1170 879 1257 943 lesus

675 960 759 1022 Naue
774 972 804 1023 et
817 965 879 1041 ipsi
892 962 1001 1039 legitis)
1024 971 1053 1022 et
1074 961 1112 1022 ab
1128 963 1257 1026 officium

672 1044 851 1122 prophetae,
879 1045 1046 1107 nunciantis
1075 1045 1188 1110 scilicet
1209 1047 1257 1108 di-

670 1127 768 1188 vinam
789 1127 978 1190 voluntalem.

669 1272 672 1278 ,
717 1211 831 1283 (Pauca
853 1213 899 1272 loia
920 1216 1040 1274 ineerta
1061 1224 1134 1274 aurat
1149 1232 1258 1293 quaec

675 1293 725 1358 tto.
747 1295 815 1357 ada.
840 1295 934 1357 Marc.
958 1295 1090 1372 eluunt.)

716 1377 766 1439 Sic
788 1389 817 1440 et
832 1379 917 1441 lesua
940 1378 979 1439 ob
994 1379 1124 1441 nominis
1140 1380 1186 1440 sui
1201 1383 1257 1459 fu-

673 1471 776 1523 turum
799 1471 1029 1526 sacramentum:
1052 1465 1083 1525 id
1105 1467 1182 1526 enim
1197 1483 1255 1524 no-

671 1563 836 1606 mensuum
848 1546 1039 1615 confirmavit,
1054 1546 1134 1626 'quod
1151 1548 1215 1627 ipse
1228 1548 1256 1609 ei

671 1628 825 1702 indiderat,
851 1630 995 1708 quianon
1018 1631 1171 1709 angelum,
1201 1650 1257 1692 neo

670 1711 782 1785 Ausen,
798 1713 851 1775 sed
862 1714 961 1775 lesum
976 1731 1043 1774 eum
1059 1715 1187 1776 iusserat
1201 1734 1255 1776 ex-

671 1795 740 1856 inde
761 1801 875 1858 uocari.
920 1797 970 1858 Sic
989 1798 1078 1874 igitur
1099 1808 1256 1878 utrumque

671 1897 781 1941 nomen
795 1881 936 1959 competit
952 1882 1069 1944 Cirrata
1085 1882 1149 1944 liei.

714 2046 832 2120 (Denuo
868 2033 1012 2128 quaedam
1056 2019 1102 2111 liic
1146 2053 1258 2112 omissa

663 2134 769 2206 sam.)

714 2215 878 2277 Evidenter
893 2214 1044 2295 Propheta
1058 2219 1092 2276 iu
1105 2219 1256 2296 sequeuti—
1343 2216 1347 2228 '

673 2297 727 2360 lua
743 2300 829 2360 dicit:
848 2298 885 2358 Et
899 2310 1051 2371 nascetur,
1068 2299 1173 2378 inquit,
1190 2304 1257 2361 oir-

672 2401 709 2460 qa
723 2382 760 2443 de
775 2382 873 2444 radice
888 2383 980 2452 lesse,
996 2385 1075 2464 quod
1089 2394 1135 2446 est
1145 2383 1255 2454 Maria,
1283 2419 1289 2440 ,

673 2477 700 2528 et
715 2467 771 2527 llos
787 2466 823 2526 de
838 2466 940 2534 radice
952 2466 1016 2527 cius
1031 2468 1181 2528 ascendet.
1218 2467 1257 2528 lit

672 2555 838 2630 requiescet
852 2569 945 2629 super
960 2549 1046 2612 illum
1061 2556 1190 2630 spiritus
1201 2550 1258 2612 Dei

672 2645 700 2694 et
715 2632 838 2712 spiritus
852 2633 1013 2711 sapientiae
1030 2641 1060 2692 et
1079 2633 1255 2706 intellectus,

672 2715 793 2793 spiritus
809 2715 925 2776 consilii
941 2725 970 2776 et
981 2721 1115 2786 uirtutis,
1132 2716 1255 2794 spiritus

671 2799 830 2876 agnitionis
855 2807 883 2859 et
904 2799 1032 2877 pietatis,
1064 2800 1185 2875 spiritus
1201 2798 1259 2860 Dei

673 2885 791 2944 timoris
806 2881 938 2961 implebit
949 2882 1046 2943 illum.
1069 2882 1170 2960 Neque
1177 2882 1255 2943 enim

671 2965 721 3027 ulli
749 2965 901 3026 hominum
926 2970 1112 3028 universitas
1134 2966 1255 3044 spirita·

671 3048 744 3110 lium
775 3049 1021 3110 documentorum
1058 3049 1254 3128 competebat,

671 3132 730 3193 nisi
752 3132 782 3193 in
803 3133 968 3205 Christum,
994 3133 1060 3194 llori
1082 3133 1199 3212 quidem
1216 3133 1255 3194 ob

32 3230 110 3292 tum,
132 3237 167 3278 ex
190 3216 283 3296 stirpe
305 3225 402 3278 autem
418 3216 502 3277 lesse
523 3218 618 3296 depu-
671 3217 792 3294 gratiam
808 3217 1017 3296 adaequatum,
1040 3237 1075 3278 ex
1091 3216 1184 3296 stirpe
1199 3236 1255 3278 au·

30 3312 137 3374 tatum,
149 3319 204 3379 per
213 3301 334 3362 Mariam
347 3300 415 3360 inde
427 3301 619 3364 censendum.
672 3310 731 3363 tent
752 3301 836 3362 lesse
862 3301 1033 3379 deputatum
1058 3320 1114 3381 per
1134 3301 1256 3364 Mariam

30 3385 197 3466 Expostulo
221 3395 320 3446 autem
343 3385 378 3447 de
396 3389 571 3466 proposita,
594 3390 624 3450 si
672 3385 786 3448 seilicet
800 3384 1072 3447 indecensendam.
1096 3385 1256 3449 Fuiteaim

33 3473 89 3532 das
108 3473 135 3530 ei
147 3474 242 3531 omnis
258 3468 436 3532 humilitatis
458 3481 488 3532 et
498 3475 621 3550 patien—
673 3472 707 3532 de
734 3476 837 3551 patria
860 3469 1028 3532 Betlleltem
1055 3481 1084 3531 et
1108 3471 1143 3532 cle
1162 3469 1255 3532 dama

34 3559 95 3617 tiae
118 3564 144 3615 et
166 3552 399 3632 tranquillitatis
426 3559 622 3616 intentionem
673 3553 787 3626 Dauid,
824 3559 903 3617 sicut
932 3556 1014 3632 apud
1041 3541 1193 3615 ilo‘rioaooo
1223 3547 1259 3615 ia'

35 3652 65 3701 et
99 3655 136 3698 eo
169 3637 215 3701 la's
244 3636 352 3698 Esaiae
381 3643 439 3700 erit
471 3637 620 3710 Gloriatua,
673 3657 764 3700 ceusu
780 3641 931 3718 descripta
946 3649 990 3699 est
1007 3637 1120 3706 Mario,
1143 3655 1183 3698 ec
1197 3656 1257 3715 qua

36 3723 127 3782 homo
150 3721 179 3780 in
199 3718 293 3798 plaga,
317 3729 347 3780 et
368 3720 465 3780 sciens
484 3722 546 3780 lere
562 3721 619 3780 im·
671 3722 969 3782 naseiturChriatus.
992 3719 1155 3799 Expostulo
1168 3723 1257 3780 etiam

3 3805 4 3878 Ϊ
37 3803 238 3864 beaillitatem:
265 3803 315 3880 qui
339 3811 475 3879 tanquam
499 3803 562 3862 ovis
584 3803 621 3863 ad
673 3815 702 3865 et
722 3809 792 3884 quia
807 3824 825 3864 o
840 3803 999 3882 Prophetis
1018 3803 1257 3883 praedicabatur

3 3899 4 3904 ’
37 3885 182 3946 victimam
198 3885 345 3946 adductus
368 3891 415 3945 est
436 3893 465 3944 et
480 3897 623 3964 tauquam
673 3905 712 3947 em
735 3887 815 3948 lesse
834 3905 943 3964 qaaere
965 3897 1125 3956 uenturus,
1148 3897 1176 3948 et
1192 3903 1256 3946 oot-

3 3983 4 3992 ’
38 3987 130 4047 agnus
151 3979 221 4030 aule
243 3968 411 4030 tondentem
432 3985 491 4028 uon
507 3967 624 4045 aperuit
672 3987 741 4030 uem
755 3969 960 4041 humilitatem,
984 3980 1012 4031 et
1029 3964 1207 4048 patientiam
1229 3979 1258 4030 et

42 4071 88 4114 os.
133 4051 197 4124 Qut
220 4071 316 4130 neque
346 4050 499 4112 contendit
526 4069 622 4138 neque
674 4052 927 4133 tranquillitatem
950 4048 1029 4114 esse't
1052 4053 1256 4126 etaliliturus,

41 4135 181 4208 clamavit,
203 4154 256 4197 aee
277 4135 375 4196 audita
403 4143 450 4196 est
470 4135 544 4196 loris
566 4154 622 4198 vox
673 4155 714 4198 aa
729 4135 871 4200 uenerit?
887 4140 980 4216 Atque
995 4141 1038 4196 ito
1053 4140 1078 4198 ie
1095 4136 1190 4206 lamo,
1206 4141 1261 4216 qui
1325 4189 1332 4198 .

3 4211 4 4230 ¹
43 4219 117 4292 eius,
139 4219 188 4297 qui
210 4219 383 4280 arundinem
406 4228 570 4292 contusam,
593 4221 622 4282 id
674 4219 744 4282 tolie
762 4222 941 4290 ostenditur,
965 4225 1027 4298 ipse
1042 4224 1101 4281 erit
1118 4220 1256 4282 Cltrr'atua

7 4345 11 4351 -
42 4313 88 4366 est
100 4321 234 4382 quassam
247 4304 429 4366 ludaeorum
438 4303 535 4376 iidem,
559 4323 620 4367 non
671 4309 723 4385 qui
744 4309 833 4366 veuit.
878 4305 922 4366 De
944 4303 997 4365 ltoa
1013 4307 1090 4366 euim
1105 4303 1258 4383 Propheta

43 4388 237 4458 comminuitz,
262 4387 311 4466 qui
332 4387 424 4448 linum
447 4388 566 4460 ardens,
590 4389 619 4451 id
672 4390 760 4450 dicit:
798 4388 887 4449 homo
918 4387 948 4448 in
973 4386 1056 4466 plaga
1079 4392 1199 4466 positus
1227 4396 1257 4449 et

44 4481 90 4534 est
115 4481 351 4534 momentaneum
381 4473 517 4532 ardorem
545 4491 619 4550 gen-
672 4472 771 4534 scieris
785 4474 846 4532 lere
862 4471 1105 4552 imbecillitatem:
1122 4473 1172 4549 qui
1188 4480 1254 4533 taa-

46 4555 131 4634 tium,
153 4576 223 4638 'non
251 4555 383 4617 extinxit.
411 4555 493 4616 -rton
520 4564 622 4636 potest
671 4575 760 4636 quam
775 4556 839 4617 ovis
861 4557 898 4618 ad
912 4556 1058 4618 victimam
1075 4557 1181 4620 ductae
1198 4563 1255 4628 est,
