3082 5238
442 385 577 432 sacrare
598 389 641 432 ro.
662 387 730 432 aaa.
753 387 916 434 namma.
1224 375 1288 445 585

63 536 175 599 storiae
195 543 386 600 montanam
408 535 482 598 nibil
501 550 627 614 prorsus
648 533 848 614 prodiderint,
883 556 920 598 ex
945 555 1003 618 qua
1033 539 1089 602 ista
1117 542 1289 620 responait

63 619 280 701 quadammodo
308 617 448 698 intelligi,
482 619 625 698 numquid
646 619 705 682 ista
724 620 834 698 fingere
855 620 972 696 bearet,
1012 631 1045 684 ut
1073 623 1286 702 opitulareruur

64 703 207 784 apiniani,
230 721 306 783 quae
327 721 422 781 paene
443 703 560 764 ridetur
580 703 616 764 ad
639 702 746 764 animm
769 702 919 766 adducat
940 705 1063 768 Fuerint
1076 707 1194 768 interim
1210 709 1286 772 istae

62 787 242 850 calamitates
264 786 300 847 ad
323 795 438 863 tempus
460 787 624 864 dispersae,
647 796 784 849 tamenne
798 806 929 850 summas
945 789 1086 851 adversus
1102 791 1285 854 Christianae

62 871 186 932 iniurias
218 870 307 931 etiam
341 869 526 931 intermissas
557 868 713 930 dieamus?
767 870 863 932 Etiam
896 873 994 947 dinem
1030 892 1174 952 prospera
1205 876 1285 938 enirn

61 964 196 1034 tempora
224 954 274 1032 qui
302 953 473 1031 patuissent
499 952 649 1024 extitisse,
686 953 746 1014 nisi
774 961 804 1014 et
828 955 884 1016 bae
913 956 1092 1034 aliquantum
1116 957 1284 1020 desiissent.

60 1040 98 1100 m
120 1056 175 1117 ego
198 1037 248 1116 qui
270 1036 483 1098 Tertullianum
506 1035 596 1096 didici
617 1037 719 1098 hostes
741 1037 771 1098 in
795 1056 898 1100 amnes
922 1039 1006 1117 quasi
1027 1039 1154 1102 latebras
1176 1059 1283 1120 persa-

60 1131 161 1184 autum
198 1138 346 1198 usumque
379 1119 425 1180 rel
457 1119 607 1182 levissima
635 1120 726 1181 read
748 1121 966 1184 convincendos
995 1123 1106 1184 erraris
1128 1143 1162 1186 aa
1183 1125 1285 1204 llagitii

61 1225 134 1276 eas,
168 1205 218 1284 qui
240 1211 325 1264 erant
345 1201 435 1264 rebus
458 1203 692 1264 Christianorum
721 1204 850 1280 adversi,
886 1207 965 1267 bunc
993 1226 1047 1286 ego
1070 1206 1285 1272 Tertullianum

59 1297 234 1368 putaremne
262 1287 402 1349 adversus
431 1305 484 1348 eas
513 1286 727 1366 disputaturum
750 1288 839 1350 mado
869 1308 922 1364 ea,
954 1299 1003 1364 ut,
1036 1293 1284 1369 quemadmodum

59 1372 186 1434 iruiurias
208 1370 445 1432 adversariorum
467 1371 497 1431 iu
513 1368 698 1432 Christianos
720 1379 837 1434 secutae
859 1372 986 1436 luissent
1006 1393 1140 1436 summae
1162 1375 1282 1438 calami-

59 1463 147 1526 tates,
171 1455 208 1516 ita
231 1453 362 1516 vicissim
383 1453 552 1515 felicissima
570 1462 704 1533 tempora
727 1456 879 1535 excepisse
901 1475 1004 1518 earum
1026 1457 1055 1518 in
1078 1458 1135 1520 bos
1149 1457 1282 1520 benero-

59 1539 183 1600 lentiam
205 1536 339 1600 diceret?
372 1537 465 1616 Atque
486 1537 564 1598 aliud
587 1538 681 1600 adbuc
708 1538 898 1620 inpromptu
921 1550 976 1600 est.
1021 1541 1095 1602 Nam
1116 1561 1183 1604 aum
1205 1543 1282 1603 Ter-

10 1681 11 1692 ,
60 1622 200 1684 tullianus
222 1621 312 1684 istum
335 1621 372 1682 de
394 1619 485 1682 Pallia
506 1620 637 1682 libellum
659 1630 866 1699 componeret,
894 1628 979 1704 pacis
1004 1629 1065 1686 otia
1087 1636 1176 1687 erant
1198 1638 1227 1690 et
1249 1645 1284 1688 re

10 1703 11 1780 J
61 1725 137 1768 aera
159 1707 243 1768 ordis
267 1705 465 1767 cultissimum
487 1723 543 1765 ros
564 1709 693 1784 imperii,
718 1705 874 1768 canantius
897 1717 925 1768 et
946 1727 1090 1770 amoenas
1114 1728 1206 1790 saper
1229 1709 1283 1770 tt-

10 1795 11 1802 ’
61 1794 143 1851 einai
160 1801 314 1868 pometum
337 1800 366 1850 et
388 1787 486 1850 Midae
508 1800 644 1850 rosetum
666 1789 741 1866 (cap.
765 1793 820 1864 2.).
864 1790 896 1850 ld
924 1809 994 1851 vero
1017 1809 1145 1870 quianam
1169 1791 1283 1854 modo?

10 1935 11 1958 ,
59 1873 223 1936 Bradiaota
246 1876 327 1934 omni
347 1877 466 1934 aconita
490 1871 673 1933 hostilitatis.
705 1873 750 1933 Sit
771 1873 869 1952 itaque
890 1873 939 1934 bie
958 1874 1034 1935 liber
1055 1876 1182 1956 scriptus
1198 1875 1283 1937 initia

10 1969 11 1972 ’
61 1975 88 2018 a.
112 1955 226 2030 texte
261 1974 328 2016 uam
351 1955 406 2016 sub
428 1954 579 2016 Februarii
606 1955 722 2016 initium
744 1956 926 2018 interrivos
955 1977 1024 2019 esse
1045 1958 1172 2020 Severus
1194 1959 1284 2022 desiit

10 2107 11 2132 ¹
62 2051 93 2102 et
115 2039 203 2101 desiit
224 2039 310 2101 etiam
334 2040 438 2116 triplex
459 2037 576 2118 imperii
598 2039 700 2100 virtus.
744 2040 781 2099 m
802 2039 861 2100 ista
889 2048 1023 2120 tempore
1045 2041 1154 2104 bobum
1176 2043 1281 2104 adver-

10 2135 11 2206 ,
59 2143 112 2186 aus
134 2122 291 2184 Britannos
314 2122 444 2184 nandum
466 2131 527 2184 erat
549 2121 733 2196 absolutum,
761 2142 817 2184 neo
837 2142 964 2202 unquam
992 2133 1096 2203 pastea
1130 2127 1185 2187 luit
1215 2126 1304 2186 riva*

59 2208 182 2278 Severa,
204 2207 257 2268 sed
279 2226 314 2268 eo
337 2214 454 2270 mortuo
477 2205 595 2268 demum
616 2207 784 2267 Antoninus
806 2226 907 2285 pacem
930 2228 995 2269 aum
1017 2209 1166 2270 Britannis
1189 2207 1281 2270 iniitt.

59 2292 121 2354 lsto
143 2291 233 2370 igitur
254 2308 332 2352 anna
355 2309 422 2352 aum
444 2297 524 2353 certe
547 2308 602 2350 aea
623 2290 733 2352 luerint
751 2296 837 2370 pacis
861 2297 923 2353 otia
953 2311 1009 2353 nea
1041 2294 1123 2355 orbis
1147 2293 1282 2356 cultissi-

10 2443 12 2464 .
58 2394 141 2436 mam
163 2393 218 2436 ras
241 2378 376 2456 imperii,
413 2373 597 2436 eammdliar
619 2373 702 2436 loeas
726 2375 840 2436 videtur
867 2375 935 2438 buia
955 2375 1032 2437 libra
1055 2376 1203 2454 adsignari
1226 2377 1280 2435 de-

10 2467 12 2540 }
59 2459 131 2520 bere
154 2469 184 2519 et
205 2476 299 2518 annus
321 2457 438 2536 quidem
454 2456 575 2518 ctvtlt.
598 2457 627 2518 in
651 2459 740 2519 linem
762 2458 928 2530 inclinatus,
950 2461 1126 2537 praesertim
1142 2459 1282 2538 quoniam

10 2553 11 2628 j
58 2561 128 2604 aum
150 2560 186 2603 eo
210 2541 321 2622 optime
349 2541 531 2602 aanaordant
552 2559 586 2602 ea
608 2542 723 2612 omnia,
757 2560 832 2620 quae
855 2541 1052 2604 Tertullianus
1081 2543 1130 2603 bia
1150 2541 1281 2604 tradidit.

56 2627 191 2704 Namque
221 2625 247 2687 si
274 2623 401 2704 requiris
425 2625 574 2704 triplicem
592 2629 763 2704 praesentis
786 2628 906 2704 imperii
925 2631 1083 2696 virtutem,
1122 2643 1193 2686 saue
1222 2626 1281 2685 iam

56 2709 149 2770 ruodo
172 2709 243 2772 Geta
265 2709 389 2787 Augusti
417 2706 587 2786 dignitatem
610 2713 775 2778 sumserat;
811 2705 837 2767 si
862 2707 1125 2788 Cartboqiniensas
1148 2713 1282 2769 nouitate

10 2811 11 2814 ’
55 2795 172 2872 salices,
200 2811 253 2854 eos
276 2793 446 2853 iamdudum
468 2789 550 2851 numi
571 2789 801 2869 prodiderunt⁵3
838 2791 864 2852 si
887 2803 1003 2852 cartam
1024 2803 1053 2855 et
1076 2792 1186 2851 rabam
1208 2791 1281 2852 aab·

56 2879 146 2940 datae
167 2875 408 2956 familiaritatis,
441 2873 627 2944 Plautianus,
657 2871 903 2934 familiarissimus
927 2874 1055 2946 Severa,
1089 2873 1147 2933 iarn
1170 2880 1232 2934 arat
1254 2892 1280 2933 a.

10 3039 11 3042 Ἴ
57 2961 153 3022 actv.
176 2979 192 3020 e
214 2958 312 3020 medio
335 2957 499 3028 sublatus¹3
523 2957 548 3017 si
564 2965 650 3036 spent
663 2957 842 3036 Campaniae
864 2959 986 3018 dotatae
1001 2959 1035 3018 de
1049 2957 1199 3018 montibus
1216 2960 1280 3017 sais

57 3048 94 3115 (a.
114 3047 144 3106 2.
160 3043 219 3120 D.),
243 3041 314 3103 illud
336 3041 390 3101 llio
414 3039 555 3102 Cassium
577 3048 712 3117 tempore
733 3058 780 3110 ea,
803 3058 861 3118 quo
884 3040 1053 3101 Plautianus
1075 3039 1174 3118 periit,
1197 3039 1281 3118 plane

56 3127 178 3206 quidem
203 3124 460 3198 commemoravit3
499 3123 525 3185 si
548 3123 673 3202 denique
696 3124 881 3185 eradicatum
905 3143 988 3185 amne
1011 3128 1163 3184 aconitum
1185 3123 1282 3184 boati-

56 3211 156 3272 litatis
180 3229 214 3272 aa
235 3213 320 3290 paria
345 3214 415 3278 atio,
450 3217 538 3268 erant
561 3207 618 3268 ista
646 3225 717 3267 sane
739 3206 822 3284 prius
851 3225 938 3285 quam
960 3207 1087 3267 Severus
1109 3206 1140 3266 in
1162 3205 1280 3267 Britan·

57 3295 138 3356 uiam
160 3291 413 3373 proficiscebatur.
458 3291 518 3352 Sed
539 3291 658 3353 eaalnsi
677 3289 796 3350 ubinam
826 3290 942 3351 tandem
972 3297 1043 3350 sunt
1064 3287 1214 3352 barbari?
1257 3287 1281 3349 li

55 3378 176 3458 quidem
199 3378 331 3438 nondum
354 3395 389 3436 ea
412 3383 545 3453 tempore
567 3392 653 3435 mura
675 3372 861 3446 Britannico,
899 3373 950 3434 sed
979 3381 1077 3434 tamen
1107 3374 1143 3434 ab
1166 3373 1282 3452 imperii

57 3461 185 3523 Romani
214 3460 322 3522 linibus
350 3459 426 3538 ipsis
456 3459 605 3536 legionum
627 3457 824 3518 Romanarum
847 3456 1003 3536 praesidiis
1025 3456 1215 3530 arcebantur,
1253 3463 1283 3517 et

56 3545 123 3625 ipse
146 3543 342 3606 Tertullianus
364 3562 431 3604 cum
452 3543 590 3621 loquatur
611 3541 647 3602 de
670 3542 768 3602 multis
790 3541 934 3615 barbaris,
963 3541 1101 3620 quidnam
1124 3550 1171 3602 est
1192 3559 1281 3602 eaus-

10 3631 11 3640 ’
57 3649 120 3700 aaa,
149 3647 202 3690 eur
223 3627 304 3688 salos
326 3626 483 3687 Britannos
506 3624 726 3704 intelligamus?
770 3626 869 3704 ltaque
892 3644 958 3687 aum
981 3644 1006 3685 a.
1031 3623 1151 3685 CCVlll.
1174 3623 1280 3682 extite-

10 3745 11 3750 κ
55 3713 116 3774 rint
138 3711 236 3772 omnia
260 3729 304 3783 ea,
327 3729 401 3790 quae
423 3717 650 3771 commemorata
672 3703 853 3770 Tertulliano
877 3707 974 3780 tuere,
998 3727 1064 3768 aum
1086 3707 1183 3766 nullus
1205 3705 1281 3764 alius

10 3805 11 3828 ¹
56 3796 156 3875 possit
177 3793 307 3867 excitari,
330 3794 376 3854 aui
398 3793 495 3872 aliqua
518 3792 623 3854 maiori
644 3791 707 3852 iure
729 3793 831 3853 eadem
854 3800 980 3870 possent
1001 3789 1112 3862 asseri,
1135 3787 1282 3866 cumipse

10 3967 11 3970 ’
92 3979 114 4014 r.
133 3963 156 4011 l.
175 3963 337 4011 Herodianum
357 3960 448 4011 lib.lll.
467 3959 537 4011 alb.
553 3975 575 4024 p.
585 3956 642 4007 tta.
694 3957 873 4018 mibiridetur),
892 3957 938 4008 bae
957 3957 1007 4006 lere
1025 3957 1100 4006 extitit
1118 3953 1225 4005 eccll.
1241 3960 1283 4004 rut

92 4045 113 4078 s.
133 4029 156 4078 ll.
176 4029 348 4090 spanhemium
372 4030 396 4078 iu
421 4027 550 4077 immortali
570 4039 645 4090 opere
695 4023 730 4084 l,
749 4024 804 4088 qais
823 4025 847 4073 in
866 4025 1010 4089 quibusdem
1030 4037 1084 4072 eum
1103 4036 1130 4070 ee
1149 4035 1176 4071 re
1193 4019 1234 4069 Tr.
1254 4019 1280 4070 P.

10 4151 11 4160 q
58 4097 89 4146 de
107 4095 255 4146 Praestantir
273 4103 297 4144 et
316 4097 363 4146 tlara
379 4095 563 4144 llumisuaeturn.
582 4093 645 4142 lliss.
696 4090 733 4140 Vl.
752 4091 869 4141 Caracalli
889 4092 1049 4151 costumnae.
1074 4089 1144 4138 certe
1157 4088 1214 4138 editi
1225 4093 1283 4138 sant

58 4163 110 4212 Xll.
129 4161 217 4212 llal.ll.
238 4162 339 4226 palli,
357 4162 397 4226 qui
416 4163 475 4211 istas
494 4175 581 4211 aumas
600 4160 645 4210 Se-
696 4165 751 4208 aute
775 4159 893 4221 seriptum
917 4157 1027 4208 libellum
1050 4157 1080 4205 de
1107 4155 1198 4216 Pellia;
1222 4167 1282 4204 aaa·

10 4227 11 4256 ³
59 4231 108 4281 reri
126 4231 288 4290 attulerint,
307 4231 331 4279 in
349 4230 437 4293 quibus
455 4236 493 4278 est
509 4227 645 4278 Felixllar·
696 4236 768 4288 quem
787 4226 850 4274 eairo
870 4227 894 4274 in
914 4226 943 4274 iis
962 4225 1043 4282 Getae,
1056 4223 1110 4271 ,set
1128 4221 1208 4272 Seueri
1227 4229 1281 4272 tan·

10 4313 11 4316 ¹
58 4297 140 4358 thara,
168 4298 198 4346 ad
224 4297 261 4346 ius
285 4311 372 4346 numae
397 4295 498 4346 cudendi
517 4295 571 4344 arbi
589 4293 645 4344 buia
695 4297 746 4340 tum
765 4298 788 4341 ot
807 4291 924 4341 Caracalli
944 4303 1032 4340 nornen
1050 4289 1179 4353 reperitur.

10 4401 11 4404 ’
57 4371 207 4442 mmm
224 4363 305 4414 dmm
326 4364 448 4428 mium
467 4361 546 4440 dim.
567 4363 643 4437 Qum
729 4399 747 4439 t.
771 4392 796 4440 V.
815 4389 961 4439 Tillemantii
981 4389 1040 4439 llist.
1068 4389 1110 4438 das
1134 4389 1176 4438 tm
1197 4402 1281 4438 erenra

58 4445 134 4496 ipsam
159 4445 210 4481 rem
235 4439 276 4480 ant
300 4439 425 4492 carnatem
444 4438 643 4490 certesrrespr-
696 4459 750 4508 ,πο
770 4458 802 4507 οη
827 4473 842 4521 p
870 4457 951 4508 4¹33
1179 4404 1194 4452 Ρ

11 4537 12 4540 ,
58 4499 154 4549 alentii
173 4498 241 4550 narni
260 4497 409 4556 creberrimi,
428 4497 467 4560 qui
487 4495 644 4546 laudantia·
803 4495 808 4508 '
846 4493 851 4506 '
952 4473 975 4522 q'

57 4563 203 4628 dulgentiam
226 4567 301 4628 tang.
327 4565 351 4614 in
376 4563 487 4626 Cartbaq.
513 4563 555 4624 (ita
579 4563 644 4612 enirn
729 4557 936 4610 attulisti.
956 4555 1061 4623 n2p.
1082 4555 1155 4608 itit.
