3082 5238
260 374 324 440 578
345 391 383 436 llss
398 389 473 433 ΠΜ
485 387 599 432 ΔΙΊἎΤΕ
613 387 648 430 ac
663 385 810 432 mulli!
823 387 1010 432 salttum
1023 387 1220 438 usurpatum
1235 387 1417 432 btsrunrtu

261 543 335 605 setis
363 539 511 602 elaborata
540 505 628 599 llierit
658 553 716 598 nec
747 553 764 596 a
792 535 937 616 Septimio
961 535 1069 615 agnita.
1113 535 1178 598 lloo
1199 544 1279 598 certe
1303 554 1369 597 nou
1391 537 1489 615 capio,

261 623 410 706 quomodo
441 621 540 701 possit
571 619 601 680 id
622 639 640 681 e
662 619 834 682 Tertulliani
861 619 961 680 verbis
988 619 1129 698 intelligi,
1166 620 1217 699 qui
1249 621 1327 682 lane
1362 638 1489 702 qnoque,

261 709 366 788 inquit,
389 708 523 768 nondum
545 703 740 784 complurib
763 703 922 784 suffectum
943 703 985 777 (h.
1007 704 1191 764 anundum
1212 703 1350 782 pluribus
1374 703 1488 764 codici·

260 793 317 854 hus
340 791 543 868 descriptam),
566 789 619 848 aed
639 804 701 848 uno
724 796 843 850 tantum
864 787 956 866 (quod
978 787 1005 846 is
1028 787 1171 864 abstulit),
1192 788 1306 866 fraude
1329 789 1489 865 tancsra

195 943 201 950 ,
261 880 328 946 tris,
357 875 461 936 debinc
489 881 646 951 apostatae
668 875 764 941 amisi,
794 873 846 949 qui
865 870 949 948 forte
971 872 1176 951 descripserat
1197 872 1341 952 quaedam
1364 872 1490 932 menda·

260 964 377 1022 aiaeime
406 970 434 1019 et
462 957 597 1018 cohibuit
623 955 822 1033 frequentiae.
868 951 973 1014 Omnia
1001 971 1080 1014 nunc
1107 953 1144 1014 ab
1166 953 1346 1015 liclimauuo
1370 957 1489 1016 umam

261 1050 342 1104 recte
374 1040 452 1101 dicta
483 1038 630 1109 dederim,
663 1045 772 1110 umen,
805 1035 831 1097 si
863 1035 895 1096 iu
927 1036 992 1098 eiua
1013 1045 1188 1116 argumento
1210 1056 1244 1098 ea
1265 1045 1388 1116 sumpta
1413 1047 1488 1100 sunt

261 1143 336 1206 quae
358 1125 476 1186 demum
498 1120 633 1183 concludi
654 1119 810 1192 debebant,
834 1137 922 1180 omne
942 1120 1014 1181 illud
1035 1127 1239 1199 argumentum
1260 1120 1335 1181 nihil
1372 1121 1489 1184 efficere

260 1227 349 1270 nemo
377 1207 505 1286 negabit.
550 1205 641 1284 igitur
668 1204 694 1266 si
722 1203 779 1264 ista
808 1203 950 1282 opinione
978 1204 1014 1264 dc
1036 1204 1130 1278 libris,
1158 1204 1207 1282 qui
1230 1213 1410 1283 supersunt.
1440 1205 1489 1266 ad·

261 1311 367 1354 versus
382 1292 571 1361 Marcionem,
595 1287 753 1366 Scorpiaoe
766 1287 983 1366 superioribus,
999 1295 1068 1348 ante
1082 1288 1218 1349 volumus
1233 1287 1369 1358 adstricti
1387 1291 1489 1349 teneri.

261 1394 349 1455 quam
378 1375 448 1453 quid
476 1373 532 1434 hac
552 1373 584 1433 iu
605 1389 639 1432 re
660 1370 860 1432 rectissimum
882 1370 923 1431 sit
943 1371 1145 1445 iudicavimus,
1174 1371 1252 1432 haud
1274 1371 1488 1434 verisimileid

262 1479 331 1522 esse
353 1462 457 1530 latcor,
479 1457 559 1536 quod
574 1455 774 1516 Tertullianus
796 1453 923 1532 aliquem
944 1454 1052 1515 librum
1075 1473 1270 1534 suppressum
1294 1455 1342 1515 vel
1359 1457 1489 1534 agnitum

260 1561 411 1622 nunquam
443 1542 474 1603 in
496 1539 653 1618 Scorpiaco
674 1537 841 1600 laudaverit
887 1536 946 1598 Sed
966 1537 1045 1600 istud
1067 1539 1113 1599 lac
1133 1539 1266 1600 nondum
1288 1557 1362 1598 esse
1385 1541 1488 1618 euplo

261 1635 366 1701 ratum,
388 1633 423 1687 ut
443 1633 491 1685 est
511 1641 591 1692 rere,
613 1622 746 1702 adeoque
766 1623 842 1682 lorte
863 1628 931 1682 ante
953 1621 1020 1684 illos
1043 1622 1183 1700 scriptam
1199 1622 1386 1700 scorpiacea
1415 1643 1487 1685 esse.

261 1711 352 1772 citare
373 1709 500 1789 primum
523 1706 705 1784 alterumque
726 1705 865 1766 volumen
888 1714 991 1766 matra
1011 1705 1201 1772 Marcionem,
1234 1725 1314 1767 nuuc
1343 1707 1488 1768 ammsuu

261 1793 391 1872 quidem,
421 1792 494 1854 satis
523 1790 679 1852 commode
700 1789 813 1868 potuit3
838 1789 966 1867 primum
989 1788 1068 1849 enim
1090 1790 1275 1869 opusculum,
1305 1799 1340 1850 ut
1365 1790 1409 1850 ait
1432 1792 1488 1870 ipse

262 1877 472 1949 Tertullianus,
495 1875 612 1936 demum
631 1873 770 1953 pleniore
790 1884 899 1952 postea
921 1877 1135 1953 compositione
1158 1875 1290 1946 rescidit,
1314 1874 1488 1935 etcitariid

261 1960 379 2039 quidem
401 1967 528 2039 poterat,
551 1976 619 2019 cum
640 1956 813 2018 accuratiori
837 1955 971 2016 oratioue
985 1955 1117 2018 noudum
1133 1957 1205 2018 hacc
1218 1969 1403 2036 persecutus
1420 1959 1487 2019 luis·

261 2053 317 2106 set.
351 2046 446 2118 Quam
468 2043 507 2103 oh
529 2049 593 2103 rem
615 2041 645 2101 iu
668 2040 725 2102 isto
747 2039 917 2105 lloiimanui
939 2049 1112 2117 argumento
1135 2041 1179 2102 vel
1201 2059 1234 2102 ea
1256 2040 1316 2101 iam
1340 2049 1487 2120 tamquam

261 2147 330 2189 vera
359 2134 527 2198 sumuntur,
556 2143 632 2203 quae
659 2123 746 2203 plano
774 2131 843 2184 sunt
865 2121 895 2184 in
929 2124 1131 2186 controversia
1158 2125 1204 2186 rel
1226 2124 1486 2202 relinquunturiu

261 2212 360 2272 medio
388 2211 498 2290 potius.
543 2205 659 2280 Quodsi
687 2205 758 2268 illud
787 2215 842 2279 est,
872 2225 943 2268 sanc
965 2207 1030 2269 eius
1052 2217 1256 2288 argumentum
1278 2209 1362 2270 redit
1387 2211 1420 2270 in
1444 2229 1486 2269 or-

261 2294 347 2368 hem3
369 2293 416 2354 sin
437 2293 504 2364 hoc,
528 2301 629 2352 nostra
653 2290 771 2368 quidem
793 2290 939 2352 seumntia
960 2307 1022 2351 nou
1045 2300 1091 2353 cst
1111 2291 1486 2354 inferiorllollmanniam.

263 2377 323 2438 Sed
354 2384 467 2437 remota
499 2375 555 2436 hac
575 2373 754 2446 dillicultate,
787 2392 862 2452 quae
884 2373 979 2434 lraudi
1001 2374 1089 2436 uobis
1111 2395 1179 2437 esse
1200 2384 1329 2455 poterat,
1362 2379 1486 2457 scriptae

262 2461 434 2540 Scorpiaces
457 2467 581 2520 aetatem
603 2475 682 2518 nunc
703 2476 756 2536 age
778 2457 962 2520 definiamus.

709 2627 712 2635 s
793 2593 823 2668 s.
847 2589 960 2684 rxvrr.

348 2710 420 2771 Cum
444 2710 653 2781 Tertullianus,
687 2726 762 2785 quac
794 2708 830 2769 de
865 2708 996 2786 martyrii
1012 2707 1167 2788 dignitate
1198 2707 1355 2786 disputare
1387 2711 1420 2770 in
1443 2711 1488 2770 ista

263 2795 418 2873 Scorplace
442 2794 566 2866 volebat,
588 2793 620 2853 iu
641 2792 754 2852 litteras
777 2793 917 2863 referret,
941 2802 1026 2853 erant
1047 2792 1170 2853 deorum
1192 2791 1322 2853 cultores
1347 2793 1382 2854 in
1406 2794 1487 2856 Chri·

262 2879 367 2940 stiauis
389 2878 521 2939 lunditus
545 2875 677 2938 delendis
700 2875 848 2955 occupatu
878 2875 957 2954 quod
979 2877 1149 2939 universum
1172 2875 1259 2936 docet
1279 2891 1488 2956 argumentur

262 2963 350 3024 huius
373 2961 462 3022 libelli
484 2961 521 3022 iis
543 2959 699 3021 haereticis
722 2959 862 3039 oppositi,
885 2959 945 3037 qui,
969 2978 1036 3020 uana
1056 2959 1133 3040 fides
1155 2970 1311 3022 aestuaret
1333 2973 1366 3022 et
1390 2961 1488 3024 aaa

262 3052 309 3108 rab
331 3047 366 3109 de
387 3047 490 3125 fiquro
511 3045 583 3106 ruli
595 3055 790 3113 emereretur,
814 3043 968 3121 suscipere
982 3051 1105 3122 propter
1120 3041 1293 3122 religionem
1310 3044 1394 3106 mala
1409 3055 1488 3124 turpe

260 3129 404 3210 putabant
426 3131 464 3202 (c.
489 3132 518 3190 l.
540 3147 570 3207 p.
595 3126 725 3202 6160).
771 3125 950 3188 Huiusmodi
977 3126 1052 3188 mala
1079 3127 1135 3186 iam
1159 3135 1277 3205 oportet
1298 3131 1489 3190 auarissimo

261 3214 365 3286 tuisse,
387 3219 421 3272 ut
441 3210 530 3272 rerba
551 3210 724 3272 Tertulliani
747 3209 917 3282 ostendunt,
941 3229 1016 3288 quae
1038 3209 1068 3270 in
1091 3209 1194 3272 eadem
1218 3211 1355 3273 sectione
1373 3214 1488 3275 subiicit

261 3300 302 3373 (p.
327 3295 462 3369 uitat:
491 3295 529 3355 lit
550 3313 631 3355 nunc
651 3299 826 3374 praesentia
847 3312 952 3356 rerunt
975 3304 1020 3356 eat
1038 3295 1153 3356 necdum
1175 3296 1280 3366 ordor,
1311 3301 1386 3376 ipsa
1411 3305 1487 3360 mai

263 3379 330 3440 cula
354 3381 586 3459 persecutionis,
614 3379 650 3439 od
678 3382 745 3456 ipso
774 3377 888 3439 scilicet
917 3379 1127 3458 cynocephalo.
1172 3378 1255 3440 Alios
1286 3384 1381 3457 iqnis,
1419 3383 1487 3442 aliut

261 3462 396 3540 qlodius,
419 3461 496 3521 olioa
519 3461 628 3522 bestiae
652 3460 841 3523 Christianos
860 3462 1079 3540 proiecerunt,
1103 3469 1158 3523 etc.
1188 3463 1281 3540 litque
1303 3462 1356 3526 hic
1381 3467 1489 3526 uullua

262 3553 309 3606 est
330 3543 462 3616 dubium,
485 3543 555 3622 quin
578 3544 764 3624 intelligenda
787 3545 825 3606 sit
846 3546 960 3605 venetio
983 3563 1026 3618 ea,
1049 3564 1124 3623 quae
1144 3555 1216 3624 post
1236 3546 1339 3608 Severi
1364 3549 1488 3610 edictum

262 3627 487 3698 exardescebat,
524 3628 670 3707 siquidem
703 3629 782 3690 hunc
802 3628 910 3689 librum
932 3637 1002 3708 post
1023 3628 1104 3689 illum
1127 3629 1163 3690 de
1184 3629 1263 3707 Fuga
1286 3630 1318 3690 in
1340 3631 1488 3694 Persecu-

260 3713 342 3775 tione
370 3712 545 3792 composuit.
588 3713 720 3791 Namque
742 3711 955 3786 Tertullianum
983 3711 1120 3791 nuspiam
1146 3713 1271 3792 legimus
1299 3716 1488 3794 probantem

260 3798 341 3875 quod
370 3797 443 3858 tales
471 3805 594 3875 propter
621 3795 805 3874 religionem-
824 3796 1003 3858 calamitates
1033 3796 1119 3858 deum
1142 3804 1292 3858 auctorem
1316 3811 1487 3877 agnoscant

261 3881 319 3942 nisi
343 3881 373 3940 in
396 3879 455 3940 isto
478 3880 514 3940 de
540 3880 620 3956 l'uga
640 3879 739 3940 libello
762 3879 885 3959 eiusque
907 3880 1043 3958 inprimis
1066 3881 1152 3942 tertia
1173 3880 1324 3955 sectioueq
1359 3903 1423 3963 qua
1452 3895 1487 3945 ta·

261 3981 328 4025 men
352 3964 389 4025 de
410 3983 444 4024 rc
466 3981 499 4024 se
521 3963 580 4023 iam
600 3961 695 4024 luisse
717 3963 788 4024 olim
811 3971 1040 4025 commentatum
1073 3965 1115 4025 ait
1135 3963 1164 4024 iu
1189 3973 1290 4044 quarta
1313 3967 1487 4048 Scorpione·

261 4047 395 4110 sectione
417 4050 459 4127 (p.
481 4047 612 4121 otuu).
657 4045 726 4120 Sed,
755 4054 789 4108 ut
816 4047 854 4110 de
881 4055 976 4109 aetate
1003 4048 1093 4110 huius
1119 4047 1187 4109 libri
1215 4050 1354 4128 pressius
1389 4055 1487 4116 diram

191 4149 199 4158 ·
260 4148 387 4210 prorsus
415 4148 484 4192 eum
512 4129 651 4192 existimo
678 4129 828 4209 prodiisse
849 4151 876 4194 a.
900 4132 993 4195 cclv.
1037 4132 1092 4193 Ubi
1113 4132 1241 4211 primum
1263 4133 1338 4196 ndhi
1362 4136 1427 4200 hoc
1449 4157 1488 4198 ar·

261 4221 401 4290 gumento
424 4223 480 4288 cst,
503 4213 592 4294 quod,
615 4231 682 4276 cum
703 4213 852 4278 Eusebius
875 4217 923 4290 (ll.
946 4216 980 4277 Ε.
1003 4215 1053 4278 lib.
1077 4215 1123 4277 Vl.
1147 4235 1172 4278 c.
1196 4219 1225 4280 2.
1249 4218 1295 4279 ed.
1320 4219 1489 4299 Cantabrig.

261 4315 291 4373 p.
314 4299 400 4372 257.)
426 4299 604 4360 calamitates
628 4317 644 4359 a
668 4299 779 4360 Severo
802 4319 916 4362 summa
939 4301 966 4360 vi
989 4300 1163 4362 Christianis
1184 4301 1278 4364 illatas
1300 4321 1376 4366 esse
1402 4307 1489 4367 diris-

262 4385 319 4451 set,
343 4389 371 4439 ot
393 4381 432 4442 ita
454 4383 582 4462 quidem,
605 4391 639 4444 ut
658 4383 743 4446 multi
765 4385 823 4445 iam
834 4384 1008 4446 antichristi
1029 4387 1186 4445 adventum
1202 4389 1489 4468 appropinquantem

259 4471 413 4540 putarent,
436 4484 533 4545 neque
555 4469 581 4528 is
602 4468 668 4546 ipsc
690 4486 786 4547 neque
808 4469 874 4546 quis
897 4469 970 4529 alius
992 4470 1171 4548 scriptorum
1194 4477 1328 4532 veterum
1343 4473 1408 4535 alia
1424 4475 1489 4536 mab

179 4575 182 4582 ·
258 4545 364 4612 litteris
387 4548 603 4628 consignaverit
623 4561 741 4630 praeter
763 4571 798 4614 ea
819 4569 893 4632 quae
914 4571 992 4614 anno
1016 4553 1116 4616 Severi
1150 4553 1275 4628 decimo,
1309 4556 1371 4618 sub
1392 4559 1489 4620 Laeto.
