3082 5238
263 367 327 432 586
348 385 387 428 ΒΕ
400 385 475 428 rent
488 383 603 430 AETATE
617 383 652 426 te
667 381 815 426 nocemus
828 381 1014 426 mierum
1025 381 1221 426 rumetum
1235 379 1417 424 ntsrunrru

264 532 391 612 denique
412 551 517 596 recens
546 532 695 611 dignitatis
717 529 807 594 Getae
827 529 972 593 memoria
997 531 1132 594 rideamr
1153 530 1344 593 ommonem
1365 530 1490 592 Tertul-

264 617 343 678 liano
364 617 553 696 praebuisse,
587 623 620 678 ut
641 615 706 678 eius
728 615 910 677 mentionem
932 616 1058 689 laceret,
1095 631 1199 694 parum
1220 615 1339 676 videtum
1360 633 1381 675 a
1403 613 1491 676 celti-

263 700 369 845 turaldeipee
388 700 494 763 abesse
516 699 546 761 id
568 699 648 778 quod
670 699 815 774 diximus,
847 697 956 760 librum
984 699 1022 760 de
1042 697 1135 760 Pallio
1163 699 1200 760 ad
1222 717 1249 760 a.
1272 697 1402 760 CCVlll.
1426 715 1490 776 per-

666 915 673 929 '
788 952 819 1025 g,
843 948 958 1010 xxm.

347 1065 472 1128 Ultimus
495 1065 570 1128 liber
591 1065 680 1127 buius
703 1065 820 1144 generis
843 1073 873 1126 et
894 1066 956 1127 lere
979 1064 1067 1126 credo
1090 1064 1223 1126 omnium
1245 1061 1433 1123 Tertulliani
1455 1073 1491 1122 est

262 1149 305 1224 is,
339 1167 426 1228 quem
456 1148 576 1228 scripsit
602 1150 638 1210 ad
667 1149 837 1228 Scapulam,
870 1149 983 1209 Alricae
1009 1148 1195 1228 praesidem3
1232 1146 1318 1208 cuius
1350 1145 1492 1207 adversm

263 1233 449 1294 Christianos
466 1233 629 1302 ¹crudelitas
653 1233 718 1294 sine
739 1231 828 1295 dubio
851 1239 919 1310 post
942 1231 1044 1294 Severi
1073 1230 1259 1310 imperatoris
1282 1229 1424 1292 edicturm
1447 1249 1491 1290 ex-

263 1317 331 1378 titit.
375 1317 441 1378 Fuit
463 1319 542 1378 enim
563 1315 747 1388 llllariantts‚
781 1316 864 1377 cuius
892 1315 923 1376 ln
951 1322 1056 1376 nostro
1084 1315 1181 1376 libello
1204 1314 1398 1374 mentionem
1423 1313 1491 1373 Ter·

262 1399 401 1461 tullianus
424 1400 527 1474 inlicit,
555 1401 667 1462 Africae
689 1417 811 1479 praeses
834 1418 870 1460 eo
892 1406 1038 1479 tempore,
1062 1417 1121 1478 quo
1136 1397 1271 1459 Felicitas
1294 1415 1332 1458 ac
1347 1397 1493 1477 Perpeura

263 1503 329 1545 curn
352 1484 441 1546 sociis
464 1485 526 1546 suis
548 1485 637 1544 morti
659 1483 783 1544 traditae
805 1487 890 1555 sunt,
924 1501 1010 1562 quam
1039 1491 1109 1560 post
1135 1482 1215 1560 leges
1239 1499 1255 1541 a
1278 1479 1401 1542 Severo
1426 1481 1492 1541 latas

264 1567 406 1630 accidisse
430 1586 534 1628 omnes
557 1567 743 1628 confitentur.
788 1567 880 1644 Atque
903 1585 938 1627 ex
961 1567 997 1627 iis
1019 1566 1105 1646 ipsis,
1128 1565 1235 1644 quibus
1257 1564 1429 1644 Scapulam
1452 1584 1492 1623 ar-

264 1650 327 1732 guit
349 1669 481 1712 summae
504 1651 676 1722 iniustitiae,
701 1649 871 1710 existimans
895 1655 931 1723 lc.
948 1654 991 1726 4.)
1011 1653 1150 1729 potuisse
1172 1667 1240 1710 eum
1261 1649 1374 1728 officio
1401 1654 1492 1709 ieris-

265 1736 404 1796 dictionis
427 1753 499 1796 suue
520 1737 611 1814 fungi
630 1745 659 1796 et
682 1733 877 1795 demorsitatis
901 1745 999 1795 tomen
1020 1737 1203 1804 meminisse,
1238 1751 1306 1793 mm
1328 1732 1418 1794 notit
1439 1751 1492 1792 nac

260 1817 345 1900 plius
367 1819 543 1890 mandetur,
575 1837 664 1900 geom
686 1828 825 1878 nocentes
850 1818 1005 1897 confessos
1028 1819 1188 1887 domitore,
1221 1825 1373 1894 negantes
1399 1829 1492 1878 cutes

265 1901 306 1964 od
327 1913 478 1964 tormento
499 1920 651 1974 reuocare,
675 1919 710 1962 ex
731 1900 768 1961 iis
790 1900 898 1974 verbis,
928 1900 1057 1980 inquam,
1079 1899 1157 1961 baud
1180 1899 1307 1960 obscure
1332 1899 1491 1979 colligitur.

264 1992 327 2046 tum
357 1985 489 2047 extitisse
516 1985 597 2064 leges
625 1985 766 2064 quasdam
789 1984 891 2044 Severi
913 1983 1088 2045 Christianis
1117 1983 1261 2044 inimicas.
1306 1982 1398 2044 lstae
1422 1986 1491 2044 enin

263 2078 331 2130 ante
353 2087 439 2147 quam
462 2068 539 2130 edita
562 2077 646 2130 erant
667 2067 878 2147 praesidesque
900 2068 1026 2146 agebant
1053 2086 1155 2129 earum
1183 2067 1337 2132 dumtaxat
1360 2068 1489 2128 auetori-

262 2159 338 2221 tate,
360 2152 468 2230 ‹pribus
491 2151 561 2212 olim
582 2152 776 2229 imperatores
800 2151 1015 2229 exagitaverant
1036 2151 1235 2222 Christianos,
1264 2149 1419 2212 adversus
1442 2153 1490 2210 sin

264 2253 365 2294 earum
397 2234 595 2296 Tertullianus
626 2235 817 2296 vehementer
847 2235 878 2295 in
909 2235 1098 2314 Apologetico
1132 2235 1270 2315 disputat.
1321 2233 1411 2296 Leve
1444 2237 1490 2294 hu

264 2317 383 2396 quidem
404 2317 565 2390 ridebitur,
594 2336 690 2397 neque
711 2319 834 2398 proprio
856 2319 983 2397 quodam
1006 2327 1178 2398 argumento
1201 2326 1320 2396 egeret,
1353 2319 1419 2378 nisi
1443 2319 1490 2378 Pa

243 2401 398 2482 ‘melius’¹
420 2420 446 2461 a.
463 2400 569 2462 CXCV.
592 2399 670 2462 bunc
692 2401 800 2462 librum
822 2400 1034 2481 adsignandum
1056 2410 1204 2482 putasset3
1228 2401 1279 2480 qui
1302 2419 1400 2480 quam
1425 2403 1488 2463 leri-

251 2491 311 2550 ,ter
332 2483 536 2562 disputaverit,
560 2487 624 2566 ipsa
647 2485 735 2546 rerba
758 2485 874 2556 docent,
897 2485 1004 2566 quibus
1027 2505 1060 2547 se
1083 2487 1123 2547 ait
1144 2486 1296 2546 inductum
1311 2493 1351 2546 ut
1366 2487 1411 2547 ita
1428 2506 1487 2547 sen·

263 2567 342 2639 tiret,
366 2567 533 2646 siquidem
555 2569 754 2631 Tertullianus
777 2577 806 2630 et
826 2567 998 2631 Albiniauos
1020 2569 1185 2630 numeravit
1206 2569 1235 2629 in
1257 2568 1410 2630 hostibus
1440 2571 1487 2630 inr-

263 2651 409 2730 peratoris
432 2655 507 2731 (cap.
530 2657 560 2716 2.
582 2671 611 2731 p.
636 2655 687 2718 85.
710 2652 768 2728 Π).
812 2651 873 2713 lam
896 2653 921 2713 si
944 2671 1046 2714 rerum
1075 2653 1188 2725 estid,
1220 2653 1274 2713 bas
1297 2653 1487 2716 calamitates

264 2734 371 2813 quibus
387 2735 510 2816 Scapula
526 2736 710 2798 Christianos
732 2736 894 2798 insectatus
916 2745 973 2809 est,
995 2737 1178 2815 posteriores
1202 2747 1273 2796 esse
1287 2736 1399 2798 Severi
1424 2739 1486 2816 lege

263 2836 325 2878 non
353 2819 452 2880 minus
482 2839 515 2881 ea
543 2819 746 2898 intelliguntur
774 2827 915 2898 regnante
943 2820 1061 2900 quidem
1085 2821 1194 2882 Severo
1224 2837 1284 2880 non
1313 2823 1485 2900 contigisse.

264 2903 342 2980 quod
365 2909 462 2964 umen
484 2903 569 2964 video
591 2903 738 2982 placuisse
761 2903 946 2982 quibusdam.
990 2903 1063 2964 Nam
1085 2903 1116 2964 in
1139 2920 1174 2966 eo
1197 2903 1304 2976 iocor,
1340 2903 1395 2964 ubi
1419 2905 1485 2965 Ter·

263 2985 402 3048 tullianus
435 2986 579 3048 Severum
617 2987 687 3048 dicit
719 2998 841 3066 putrem
875 2989 1023 3050 Arctoot'oi
1056 2987 1301 3050 Christianorum
1328 3007 1485 3050 memores

263 3069 369 3148 sitisse,
392 3075 547 3152 rpaompue
570 3073 764 3144 Antoninum,
789 3069 864 3132 lecte
893 3071 1059 3134 ciarr'atr'ooo
1083 3073 1241 3134 educatum
1262 3073 1392 3132 novisse
1417 3072 1484 3132 Pro·

264 3152 380 3223 celum,
415 3153 491 3240 dicat
517 3154 589 3214 mibi
618 3155 701 3233 quis,
735 3172 788 3214 cur
809 3153 951 3215 Severum
978 3163 1093 3232 patrem
1115 3153 1255 3215 Antonini
1285 3155 1485 3233 appellaverit

263 3235 344 3312 quod
366 3237 401 3296 ad
424 3254 487 3296 rem
510 3255 582 3298 saue
604 3256 665 3298 non
687 3237 864 3316 pertinebat,
886 3245 936 3298 aut
957 3255 1010 3298 cur
1030 3237 1128 3316 ipsum
1143 3237 1323 3298 Antoninum
1348 3239 1388 3298 ad
1405 3241 1486 3299 testi·

263 3317 396 3379 menium
419 3319 559 3390 citaverit.
582 3320 639 3382 nisi
662 3321 734 3381 baec
756 3322 814 3382 boc
835 3329 975 3398 regnante
997 3321 1106 3399 scripta
1129 3321 1200 3382 sint.
1233 3319 1337 3399 Neque
1361 3340 1438 3382 vero
1459 3341 1484 3382 ea

263 3398 301 3461 de
324 3418 356 3461 re
379 3400 571 3464 dubitandum
593 3411 638 3465 est
659 3412 828 3483 propterea,
858 3405 937 3483 quod
959 3405 1056 3465 nullos
1079 3403 1317 3466 Christianorum
1341 3407 1485 3467 emolams

263 3483 319 3544 sub
342 3483 489 3545 Caracallo
510 3489 675 3566 reperimus
697 3487 733 3548 ab
755 3487 820 3548 aliis
844 3487 1039 3568 scriptoribus
1060 3487 1195 3558 traditos,
1223 3495 1274 3547 aut
1296 3489 1381 3566 quod
1406 3491 1485 3550 etia·

264 3566 284 3627 il
308 3566 445 3630 Caracalli
467 3577 601 3650 tempore
621 3579 752 3649 possunt
773 3589 842 3632 esse
862 3571 1056 3650 posteriores.
1100 3571 1227 3645 Etenim,
1255 3572 1336 3650 qtrod
1361 3572 1416 3634 isti
1439 3594 1485 3633 ns-

263 3651 335 3712 minl
358 3652 406 3714 alii
429 3655 650 3716 commemorati
673 3655 752 3727 sint,
785 3655 849 3716 eius
880 3664 926 3716 est
952 3654 1141 3716 hauddubie
1169 3655 1244 3730 ratio
1259 3649 1367 3733 *aliqua
1390 3657 1425 3717 in
1448 3677 1486 3717 en.

262 3737 342 3814 quod
364 3735 405 3796 illi
426 3756 481 3798 nec
509 3737 559 3798 diu
587 3757 643 3799 uec
671 3737 729 3798 nisi
757 3738 788 3799 in
810 3738 906 3798 Airica
929 3737 1087 3800 extiterint.
1131 3737 1263 3818 Naurque
1286 3739 1486 3802 Tertullianus

261 3837 342 3881 nunc
373 3821 491 3898 quidem
520 3840 536 3881 a
563 3821 701 3899 praeside
727 3821 853 3900 legionis
882 3830 912 3882 et
932 3822 1122 3884 Mauritaniae
1144 3822 1215 3883 dicit
1235 3821 1379 3884 lamillam
1404 3825 1485 3885 Chri-

261 3903 427 3964 stianorum
447 3905 613 3984 impugnari
635 3904 846 3984 Scapulamque
867 3906 951 3983 petit,
974 3913 1008 3968 ut
1028 3905 1123 3968 saltim
1139 3905 1306 3984 Carthagini
1332 3917 1485 3986 pareatet

259 3987 440 4065 provinciae,
462 3988 599 4068 Arriique
624 3989 765 4050 Antonini
799 3989 965 4068 exemplum
999 3989 1144 4061 imitetur,
1182 3989 1231 4068 qui
1258 3989 1290 4049 in
1317 3989 1391 4052 Asia
1424 3991 1485 4051 olin

262 4069 448 4132 Christianos
471 4079 625 4134 avocasset
646 4073 746 4150 potius
769 4091 786 4132 a
808 4072 1003 4147 cruciatibus,
1036 4091 1123 4152 quam
1145 4073 1181 4133 ad
1203 4071 1349 4152 supplicia
1372 4085 1485 4154 pertra-

260 4151 363 4214 xisset.
406 4155 466 4215 Eos
488 4163 587 4218 autem
608 4173 664 4216 nec
684 4155 779 4218 luisse
801 4155 938 4217 Caracalli
967 4164 1102 4236 tempore
1123 4157 1308 4236 posteriores
1330 4175 1373 4218 eo
1396 4159 1485 4219 effici·

261 4239 320 4308 tur,
343 4238 423 4314 quod
444 4237 664 4320 Hieronymus*
686 4237 901 4302 Tertullianum
930 4239 1006 4302 ultra
1026 4239 1168 4301 Antonini
1197 4246 1332 4319 tempora
1355 4259 1425 4302 non
1447 4242 1485 4300 ri-

261 4317 341 4380 xisse
363 4320 449 4396 dicat,
471 4322 567 4386 nullae
589 4331 741 4403 praetcrea
764 4341 858 4404 usque
881 4322 918 4385 ad
938 4323 1223 4396 Deciumadversus
1247 4323 1347 4386 omnis
1371 4323 1486 4404 generis

294 4501 318 4536 x.
336 4487 363 4536 ln
382 4487 431 4537 lita
450 4490 589 4542 Tertulliani
608 4509 631 4556 p.
652 4492 729 4543 isc.
933 4505 953 4541 a.
972 4491 1007 4541 lle
1022 4492 1084 4544 lllria
1097 4492 1235 4543 illustribus
1253 4491 1324 4543 cll.
1344 4493 1486 4544 adhinc

294 4569 317 4618 p.
336 4553 370 4606 lle
389 4555 464 4607 Pallio
483 4575 504 4609 c.
522 4559 547 4610 t.
565 4575 589 4623 p.
609 4559 684 4610 illc.
897 4574 921 4625 p.
945 4557 1001 4609 126.
