<?xml version="1.0" encoding="UTF-8"?>
<!DOCTYPE html PUBLIC "-//W3C//DTD XHTML 1.0 Transitional//EN"
    "http://www.w3.org/TR/xhtml1/DTD/xhtml1-transitional.dtd">
<html xmlns="http://www.w3.org/1999/xhtml" xml:lang="en" lang="en">
 <head>
  <title>
</title>
<meta http-equiv="Content-Type" content="text/html;charset=utf-8" />
  <meta name='ocr-system' content='tesseract 3.04.00' />
  <meta name='ocr-capabilities' content='ocr_page ocr_carea ocr_par ocr_line ocrx_word'/>
</head>
<body>
  <div class='ocr_page' id='page_1' title='image "./quaesupersuntom01oehlgoog_0439.png"; bbox 0 0 3196 5250; ppageno 0'>
   <div class='ocr_carea' id='block_1_1' title="bbox 301 363 1540 440">
    <p class='ocr_par' dir='ltr' id='par_1_1' title="bbox 301 363 1540 440">
     <span class='ocr_line' id='line_1_1' title="bbox 301 363 1540 440; baseline -0.011 -12"><span class='ocrx_word' id='word_1_1' title='bbox 301 363 366 428; x_wconf 68' lang='lat'><strong><em>⁴32</em></strong></span> <span class='ocrx_word' id='word_1_2' title='bbox 397 379 589 424; x_wconf 77' lang='lat' dir='ltr'><strong><em>utsssarnrto</em></strong></span> <span class='ocrx_word' id='word_1_3' title='bbox 606 379 636 422; x_wconf 83' lang='lat' dir='ltr'><strong><em>ill</em></strong></span> <span class='ocrx_word' id='word_1_4' title='bbox 652 378 701 430; x_wconf 83' lang='lat' dir='ltr'><strong><em>oti.</em></strong></span> <span class='ocrx_word' id='word_1_5' title='bbox 716 377 900 422; x_wconf 78' lang='lat' dir='ltr'><strong><em>ssrr.r1.0a.</em></strong></span> <span class='ocrx_word' id='word_1_6' title='bbox 916 378 1111 422; x_wconf 71' lang='lat' dir='ltr'><strong><em>retrusurus</em></strong></span> <span class='ocrx_word' id='word_1_7' title='bbox 1124 376 1345 420; x_wconf 71' lang='lat' dir='ltr'><strong><em>APOLOEE&#39;HGU!</em></strong></span> <span class='ocrx_word' id='word_1_8' title='bbox 1357 373 1430 418; x_wconf 71' lang='lat' dir='ltr'><strong><em>EE&#39;l&#39;T.</em></strong></span> <span class='ocrx_word' id='word_1_9' title='bbox 1539 366 1540 440; x_wconf 59' lang='lat' dir='ltr'><strong><em>i</em></strong></span> 
     </span>
    </p>
   </div>
   <div class='ocr_carea' id='block_1_2' title="bbox 164 526 1544 3000">
    <p class='ocr_par' dir='ltr' id='par_1_2' title="bbox 293 526 1485 1460">
     <span class='ocr_line' id='line_1_2' title="bbox 300 526 1480 610; baseline -0.008 -16"><span class='ocrx_word' id='word_1_10' title='bbox 300 532 348 594; x_wconf 90' lang='lat' dir='ltr'><strong><em>his</em></strong></span> <span class='ocrx_word' id='word_1_11' title='bbox 370 529 466 592; x_wconf 84' lang='lat' dir='ltr'><strong><em>verbis</em></strong></span> <span class='ocrx_word' id='word_1_12' title='bbox 489 529 584 590; x_wconf 73' lang='lat' dir='ltr'><strong><em>duum</em></strong></span> <span class='ocrx_word' id='word_1_13' title='bbox 612 527 741 591; x_wconf 87' lang='lat' dir='ltr'><strong><em>videbis:</em></strong></span> <span class='ocrx_word' id='word_1_14' title='bbox 780 530 852 592; x_wconf 74' lang='lat' dir='ltr'><strong><em>Onam</em></strong></span> <span class='ocrx_word' id='word_1_15' title='bbox 870 533 1041 610; x_wconf 85' lang='lat' dir='ltr'><strong><em>promiscue</em></strong></span> <span class='ocrx_word' id='word_1_16' title='bbox 1065 529 1130 592; x_wconf 83' lang='lat' dir='ltr'><strong><em>ludi</em></strong></span> <span class='ocrx_word' id='word_1_17' title='bbox 1148 526 1298 592; x_wconf 80' lang='lat' dir='ltr'><strong><em>liberalia</em></strong></span> <span class='ocrx_word' id='word_1_18' title='bbox 1317 535 1480 596; x_wconf 82' lang='lat' dir='ltr'><strong><em>uocarentur,</em></strong></span> 
     </span>
     <span class='ocr_line' id='line_1_3' title="bbox 302 611 1479 694; baseline -0.01 -13"><span class='ocrx_word' id='word_1_19' title='bbox 302 619 446 682; x_wconf 89' lang='lat' dir='ltr'><strong><em>bonorem</em></strong></span> <span class='ocrx_word' id='word_1_20' title='bbox 467 612 567 675; x_wconf 81' lang='lat' dir='ltr'><strong><em>Liberi</em></strong></span> <span class='ocrx_word' id='word_1_21' title='bbox 588 618 689 693; x_wconf 91' lang='lat' dir='ltr'><strong><em>putris</em></strong></span> <span class='ocrx_word' id='word_1_22' title='bbox 716 616 876 694; x_wconf 66' lang='lat' dir='ltr'><strong><em>manifeste</em></strong></span> <span class='ocrx_word' id='word_1_23' title='bbox 904 615 1063 677; x_wconf 85' lang='lat' dir='ltr'><strong><em>sonabunt.</em></strong></span> <span class='ocrx_word' id='word_1_24' title='bbox 1107 615 1213 676; x_wconf 81' lang='lat' dir='ltr'><strong><em>Libero</em></strong></span> <span class='ocrx_word' id='word_1_25' title='bbox 1241 619 1319 676; x_wconf 80' lang='lat' dir='ltr'><strong><em>essm</em></strong></span> <span class='ocrx_word' id='word_1_26' title='bbox 1343 611 1479 673; x_wconf 86' lang='lat' dir='ltr'><strong><em>urustisis</em></strong></span> 
     </span>
     <span class='ocr_line' id='line_1_4' title="bbox 297 697 1480 784; baseline -0.009 -20"><span class='ocrx_word' id='word_1_27' title='bbox 297 706 400 784; x_wconf 89' lang='lat' dir='ltr'><strong><em>primo</em></strong></span> <span class='ocrx_word' id='word_1_28' title='bbox 421 699 547 779; x_wconf 83' lang='lat' dir='ltr'><strong><em>fiebunt,</em></strong></span> <span class='ocrx_word' id='word_1_29' title='bbox 571 700 607 760; x_wconf 93' lang='lat' dir='ltr'><strong><em>ob</em></strong></span> <span class='ocrx_word' id='word_1_30' title='bbox 630 699 802 779; x_wconf 76' lang='lat' dir='ltr'><strong><em>beneficium</em></strong></span> <span class='ocrx_word' id='word_1_31' title='bbox 823 700 902 780; x_wconf 81' lang='lat' dir='ltr'><strong><em>quod</em></strong></span> <span class='ocrx_word' id='word_1_32' title='bbox 923 705 953 762; x_wconf 88' lang='lat' dir='ltr'><strong><em>ei</em></strong></span> <span class='ocrx_word' id='word_1_33' title='bbox 971 699 1149 762; x_wconf 89' lang='lat' dir='ltr'><strong><em>adscribunt</em></strong></span> <span class='ocrx_word' id='word_1_34' title='bbox 1175 701 1374 762; x_wconf 87' lang='lat' dir='ltr'><strong><em>demonstrato</em></strong></span> <span class='ocrx_word' id='word_1_35' title='bbox 1400 697 1480 775; x_wconf 80' lang='lat' dir='ltr'><strong><em>pratu</em></strong></span> 
     </span>
     <span class='ocr_line' id='line_1_5' title="bbox 293 777 1480 863; baseline -0.01 -14"><span class='ocrx_word' id='word_1_36' title='bbox 293 791 366 850; x_wconf 82' lang='lat' dir='ltr'><strong><em>uini</em></strong></span> <span class='ocrx_word' id='word_1_37' title='bbox 395 784 488 860; x_wconf 86' lang='lat' dir='ltr'><strong><em>(ldem</em></strong></span> <span class='ocrx_word' id='word_1_38' title='bbox 508 782 559 844; x_wconf 91' lang='lat' dir='ltr'><strong><em>lib.</em></strong></span> <span class='ocrx_word' id='word_1_39' title='bbox 582 783 618 844; x_wconf 90' lang='lat' dir='ltr'><strong><em>de</em></strong></span> <span class='ocrx_word' id='word_1_40' title='bbox 642 783 773 861; x_wconf 88' lang='lat' dir='ltr'><strong><em>Spectac.</em></strong></span> <span class='ocrx_word' id='word_1_41' title='bbox 796 803 858 863; x_wconf 88' lang='lat' dir='ltr'><strong><em>cap.</em></strong></span> <span class='ocrx_word' id='word_1_42' title='bbox 882 789 934 860; x_wconf 80' lang='grc'><strong>5.).</strong></span> <span class='ocrx_word' id='word_1_43' title='bbox 979 784 1043 856; x_wconf 84' lang='lat' dir='ltr'><strong><em>Qua</em></strong></span> <span class='ocrx_word' id='word_1_44' title='bbox 1071 785 1108 845; x_wconf 89' lang='lat' dir='ltr'><strong><em>de</em></strong></span> <span class='ocrx_word' id='word_1_45' title='bbox 1134 802 1168 845; x_wconf 90' lang='lat' dir='ltr'><strong><em>re</em></strong></span> <span class='ocrx_word' id='word_1_46' title='bbox 1195 803 1256 845; x_wconf 90' lang='lat' dir='ltr'><strong><em>uon</em></strong></span> <span class='ocrx_word' id='word_1_47' title='bbox 1283 780 1369 845; x_wconf 87' lang='lat' dir='ltr'><strong><em>semel</em></strong></span> <span class='ocrx_word' id='word_1_48' title='bbox 1387 777 1480 857; x_wconf 85' lang='lat' dir='ltr'><strong><em>quidem</em></strong></span> 
     </span>
     <span class='ocr_line' id='line_1_6' title="bbox 303 861 1481 946; baseline -0.011 -14"><span class='ocrx_word' id='word_1_49' title='bbox 303 869 509 932; x_wconf 88' lang='lat' dir='ltr'><strong><em>disseruimus.</em></strong></span> <span class='ocrx_word' id='word_1_50' title='bbox 541 867 686 939; x_wconf 84' lang='lat' dir='ltr'><strong><em>Quoniam</em></strong></span> <span class='ocrx_word' id='word_1_51' title='bbox 709 885 779 946; x_wconf 88' lang='lat' dir='ltr'><strong><em>ergo</em></strong></span> <span class='ocrx_word' id='word_1_52' title='bbox 801 868 874 930; x_wconf 87' lang='lat' dir='ltr'><strong><em>haec</em></strong></span> <span class='ocrx_word' id='word_1_53' title='bbox 894 869 967 930; x_wconf 83' lang='lat' dir='ltr'><strong><em>testa</em></strong></span> <span class='ocrx_word' id='word_1_54' title='bbox 990 869 1021 928; x_wconf 90' lang='lat' dir='ltr'><strong><em>in</em></strong></span> <span class='ocrx_word' id='word_1_55' title='bbox 1042 869 1107 930; x_wconf 91' lang='lat' dir='ltr'><strong><em>lalsi</em></strong></span> <span class='ocrx_word' id='word_1_56' title='bbox 1129 869 1176 930; x_wconf 90' lang='lat' dir='ltr'><strong><em>dei</em></strong></span> <span class='ocrx_word' id='word_1_57' title='bbox 1198 869 1339 930; x_wconf 89' lang='lat' dir='ltr'><strong><em>honorem</em></strong></span> <span class='ocrx_word' id='word_1_58' title='bbox 1358 882 1414 926; x_wconf 90' lang='lat' dir='ltr'><strong><em>aon</em></strong></span> <span class='ocrx_word' id='word_1_59' title='bbox 1432 861 1481 922; x_wconf 87' lang='lat' dir='ltr'><strong><em>sins</em></strong></span> 
     </span>
     <span class='ocr_line' id='line_1_7' title="bbox 301 946 1482 1034; baseline -0.012 -15"><span class='ocrx_word' id='word_1_60' title='bbox 301 953 482 1018; x_wconf 82' lang='lat' dir='ltr'><strong><em>idololatriae</em></strong></span> <span class='ocrx_word' id='word_1_61' title='bbox 511 951 635 1032; x_wconf 86' lang='lat' dir='ltr'><strong><em>aliisque</em></strong></span> <span class='ocrx_word' id='word_1_62' title='bbox 662 971 696 1013; x_wconf 90' lang='lat' dir='ltr'><strong><em>au</em></strong></span> <span class='ocrx_word' id='word_1_63' title='bbox 722 947 909 1032; x_wconf 87' lang='lat' dir='ltr'><strong><em>potissimum</em></strong></span> <span class='ocrx_word' id='word_1_64' title='bbox 944 953 1078 1034; x_wconf 89' lang='lat' dir='ltr'><strong><em>crapulae</em></strong></span> <span class='ocrx_word' id='word_1_65' title='bbox 1107 961 1137 1015; x_wconf 88' lang='lat' dir='ltr'><strong><em>et</em></strong></span> <span class='ocrx_word' id='word_1_66' title='bbox 1164 953 1313 1016; x_wconf 79' lang='lat' dir='ltr'><strong>ebrietatis</strong></span> <span class='ocrx_word' id='word_1_67' title='bbox 1340 946 1482 1012; x_wconf 74' lang='lat' dir='ltr'><strong><em>criminibus</em></strong></span> 
     </span>
     <span class='ocr_line' id='line_1_8' title="bbox 303 1036 1481 1108; baseline -0.013 -5"><span class='ocrx_word' id='word_1_68' title='bbox 303 1038 533 1108; x_wconf 88' lang='lat' dir='ltr'><strong><em>celebrabantur,</em></strong></span> <span class='ocrx_word' id='word_1_69' title='bbox 563 1055 679 1098; x_wconf 89' lang='lat' dir='ltr'><strong><em>summo</em></strong></span> <span class='ocrx_word' id='word_1_70' title='bbox 702 1036 877 1099; x_wconf 85' lang='lat' dir='ltr'><strong><em>Christianis</em></strong></span> <span class='ocrx_word' id='word_1_71' title='bbox 905 1047 988 1100; x_wconf 86' lang='lat' dir='ltr'><strong><em>erant</em></strong></span> <span class='ocrx_word' id='word_1_72' title='bbox 1015 1039 1142 1100; x_wconf 91' lang='lat' dir='ltr'><strong><em>horrori.</em></strong></span> <span class='ocrx_word' id='word_1_73' title='bbox 1187 1038 1303 1100; x_wconf 76' lang='lat' dir='ltr'><strong><em>audiun</em></strong></span> <span class='ocrx_word' id='word_1_74' title='bbox 1321 1037 1421 1097; x_wconf 80' lang='lat' dir='ltr'><strong><em>Auctor</em></strong></span> <span class='ocrx_word' id='word_1_75' title='bbox 1438 1049 1481 1090; x_wconf 91' lang='lat' dir='ltr'><strong><em>no·</em></strong></span> 
     </span>
     <span class='ocr_line' id='line_1_9' title="bbox 302 1121 1484 1204; baseline -0.008 -18"><span class='ocrx_word' id='word_1_76' title='bbox 302 1136 378 1186; x_wconf 89' lang='lat' dir='ltr'><strong><em>ster:</em></strong></span> <span class='ocrx_word' id='word_1_77' title='bbox 400 1123 471 1186; x_wconf 87' lang='lat' dir='ltr'><strong><em>Non</em></strong></span> <span class='ocrx_word' id='word_1_78' title='bbox 492 1127 524 1183; x_wconf 85' lang='lat' dir='ltr'><strong><em>in</em></strong></span> <span class='ocrx_word' id='word_1_79' title='bbox 542 1121 663 1202; x_wconf 83' lang='lat' dir='ltr'><strong><em>publico</em></strong></span> <span class='ocrx_word' id='word_1_80' title='bbox 679 1121 864 1185; x_wconf 76' lang='lat' dir='ltr'><strong><em>Liberalibus</em></strong></span> <span class='ocrx_word' id='word_1_81' title='bbox 887 1124 1045 1190; x_wconf 85' lang='lat' dir='ltr'><strong><em>discumbo,</em></strong></span> <span class='ocrx_word' id='word_1_82' title='bbox 1067 1125 1146 1204; x_wconf 80' lang='lat' dir='ltr'><strong><em>quod</em></strong></span> <span class='ocrx_word' id='word_1_83' title='bbox 1168 1125 1320 1187; x_wconf 72' lang='lat' dir='ltr'><strong><em>bestiariis</em></strong></span> <span class='ocrx_word' id='word_1_84' title='bbox 1340 1131 1484 1198; x_wconf 78' lang='lat' dir='ltr'><strong><em>supremus</em></strong></span> 
     </span>
     <span class='ocr_line' id='line_1_10' title="bbox 303 1205 1483 1287; baseline -0.009 -14"><span class='ocrx_word' id='word_1_85' title='bbox 303 1209 494 1273; x_wconf 86' lang='lat' dir='ltr'><strong><em>coenantibus</em></strong></span> <span class='ocrx_word' id='word_1_86' title='bbox 509 1225 572 1268; x_wconf 93' lang='lat' dir='ltr'><strong><em>mos</em></strong></span> <span class='ocrx_word' id='word_1_87' title='bbox 588 1219 635 1270; x_wconf 89' lang='lat' dir='ltr'><strong><em>est</em></strong></span> <span class='ocrx_word' id='word_1_88' title='bbox 649 1206 741 1276; x_wconf 80' lang='lat' dir='ltr'><strong><em>ildem</em></strong></span> <span class='ocrx_word' id='word_1_89' title='bbox 751 1208 873 1287; x_wconf 76' lang='lat' dir='ltr'><strong><em>Apolog.</em></strong></span> <span class='ocrx_word' id='word_1_90' title='bbox 884 1207 949 1270; x_wconf 89' lang='lat' dir='ltr'><strong><em>loco</em></strong></span> <span class='ocrx_word' id='word_1_91' title='bbox 962 1207 1033 1284; x_wconf 80' lang='lat' dir='ltr'><strong><em>cit).</em></strong></span> <span class='ocrx_word' id='word_1_92' title='bbox 1056 1209 1106 1270; x_wconf 91' lang='lat' dir='ltr'><strong><em>Sic</em></strong></span> <span class='ocrx_word' id='word_1_93' title='bbox 1119 1217 1216 1270; x_wconf 89' lang='lat' dir='ltr'><strong><em>autem</em></strong></span> <span class='ocrx_word' id='word_1_94' title='bbox 1230 1207 1351 1286; x_wconf 87' lang='lat' dir='ltr'><strong><em>legimus</em></strong></span> <span class='ocrx_word' id='word_1_95' title='bbox 1364 1205 1483 1265; x_wconf 78' lang='lat' dir='ltr'><strong><em>manua·</em></strong></span> 
     </span>
     <span class='ocr_line' id='line_1_11' title="bbox 301 1282 1483 1378; baseline -0.008 -22"><span class='ocrx_word' id='word_1_96' title='bbox 301 1295 410 1378; x_wconf 81' lang='lat' dir='ltr'><strong><em>scripto</em></strong></span> <span class='ocrx_word' id='word_1_97' title='bbox 423 1293 571 1356; x_wconf 87' lang='lat' dir='ltr'><strong><em>Puteaneo</em></strong></span> <span class='ocrx_word' id='word_1_98' title='bbox 582 1298 612 1352; x_wconf 89' lang='lat' dir='ltr'><strong><em>et</em></strong></span> <span class='ocrx_word' id='word_1_99' title='bbox 622 1291 718 1370; x_wconf 87' lang='lat' dir='ltr'><strong><em>primo</em></strong></span> <span class='ocrx_word' id='word_1_100' title='bbox 726 1291 904 1366; x_wconf 88' lang='lat' dir='ltr'><strong><em>Culbertino‚</em></strong></span> <span class='ocrx_word' id='word_1_101' title='bbox 920 1292 1008 1354; x_wconf 88' lang='lat' dir='ltr'><strong><em>sedin</em></strong></span> <span class='ocrx_word' id='word_1_102' title='bbox 1014 1293 1159 1354; x_wconf 86' lang='lat' dir='ltr'><strong><em>Harleano</em></strong></span> <span class='ocrx_word' id='word_1_103' title='bbox 1171 1301 1201 1353; x_wconf 91' lang='lat' dir='ltr'><strong><em>ct</em></strong></span> <span class='ocrx_word' id='word_1_104' title='bbox 1207 1291 1372 1354; x_wconf 77' lang='lat' dir='ltr'><strong><em>colbertino</em></strong></span> <span class='ocrx_word' id='word_1_105' title='bbox 1380 1282 1483 1350; x_wconf 80' lang='lat' dir='ltr'><strong><em>secuntb</em></strong></span> 
     </span>
     <span class='ocr_line' id='line_1_12' title="bbox 301 1365 1485 1460; baseline -0.014 -17"><span class='ocrx_word' id='word_1_106' title='bbox 301 1395 479 1460; x_wconf 86' lang='lat' dir='ltr'><strong><em>supremum.</em></strong></span> <span class='ocrx_word' id='word_1_107' title='bbox 509 1377 546 1437; x_wconf 81' lang='lat' dir='ltr'><strong><em>At</em></strong></span> <span class='ocrx_word' id='word_1_108' title='bbox 560 1375 662 1438; x_wconf 90' lang='lat' dir='ltr'><strong><em>lunius</em></strong></span> <span class='ocrx_word' id='word_1_109' title='bbox 678 1375 818 1455; x_wconf 90' lang='lat' dir='ltr'><strong><em>scriptum</em></strong></span> <span class='ocrx_word' id='word_1_110' title='bbox 834 1377 999 1457; x_wconf 88' lang='lat' dir='ltr'><strong><em>suspicatur</em></strong></span> <span class='ocrx_word' id='word_1_111' title='bbox 1013 1380 1067 1440; x_wconf 87' lang='lat' dir='ltr'><strong><em>sub</em></strong></span> <span class='ocrx_word' id='word_1_112' title='bbox 1080 1382 1221 1459; x_wconf 88' lang='lat' dir='ltr'><strong><em>primam,</em></strong></span> <span class='ocrx_word' id='word_1_113' title='bbox 1238 1377 1306 1458; x_wconf 84' lang='lat' dir='ltr'><strong><em>quia</em></strong></span> <span class='ocrx_word' id='word_1_114' title='bbox 1320 1369 1447 1440; x_wconf 90' lang='lat' dir='ltr'><strong><em>bestiarii,</em></strong></span> <span class='ocrx_word' id='word_1_115' title='bbox 1459 1365 1485 1426; x_wconf 86' lang='lat' dir='ltr'><strong><em>de</em></strong></span> 
     </span>
    </p>

    <p class='ocr_par' dir='ltr' id='par_1_3' title="bbox 212 1459 1542 1550">
     <span class='ocr_line' id='line_1_13' title="bbox 212 1459 1542 1550; baseline -0.012 -23"><span class='ocrx_word' id='word_1_116' title='bbox 212 1544 215 1550; x_wconf 18' lang='grc' dir='ltr'>ἱ</span> <span class='ocrx_word' id='word_1_117' title='bbox 301 1460 630 1546; x_wconf 84' lang='lat' dir='ltr'><strong><em>quibusanteaegimus,</em></strong></span> <span class='ocrx_word' id='word_1_118' title='bbox 642 1459 774 1530; x_wconf 86' lang='lat' dir='ltr'><strong><em>meridie,</em></strong></span> <span class='ocrx_word' id='word_1_119' title='bbox 790 1461 892 1540; x_wconf 89' lang='lat' dir='ltr'><strong><em>inquit,</em></strong></span> <span class='ocrx_word' id='word_1_120' title='bbox 909 1461 1068 1524; x_wconf 81' lang='lat' dir='ltr'><strong><em>certabant.</em></strong></span> <span class='ocrx_word' id='word_1_121' title='bbox 1090 1459 1484 1542; x_wconf 87' lang='lat' dir='ltr'><strong><em>Bulengerusverohunccou·</em></strong></span> <span class='ocrx_word' id='word_1_122' title='bbox 1541 1511 1542 1546; x_wconf 72' lang='lat'><strong><em>,</em></strong></span> 
     </span>
    </p>

    <p class='ocr_par' dir='ltr' id='par_1_4' title="bbox 264 1539 1542 2047">
     <span class='ocr_line' id='line_1_14' title="bbox 301 1539 1542 1626; baseline -0.004 -15"><span class='ocrx_word' id='word_1_123' title='bbox 301 1549 440 1612; x_wconf 83' lang='lat' dir='ltr'><strong><em>iacturam</em></strong></span> <span class='ocrx_word' id='word_1_124' title='bbox 461 1565 521 1608; x_wconf 89' lang='lat' dir='ltr'><strong><em>nou</em></strong></span> <span class='ocrx_word' id='word_1_125' title='bbox 543 1545 607 1606; x_wconf 89' lang='lat' dir='ltr'><strong><em>sine</em></strong></span> <span class='ocrx_word' id='word_1_126' title='bbox 628 1545 690 1607; x_wconf 89' lang='lat' dir='ltr'><strong><em>risu</em></strong></span> <span class='ocrx_word' id='word_1_127' title='bbox 711 1544 777 1606; x_wconf 90' lang='lat' dir='ltr'><strong><em>ideo</em></strong></span> <span class='ocrx_word' id='word_1_128' title='bbox 793 1546 921 1626; x_wconf 82' lang='lat' dir='ltr'><strong><em>explodit</em></strong></span> <span class='ocrx_word' id='word_1_129' title='bbox 937 1547 1068 1626; x_wconf 90' lang='lat' dir='ltr'><strong><em>(Buleng.</em></strong></span> <span class='ocrx_word' id='word_1_130' title='bbox 1080 1546 1130 1608; x_wconf 91' lang='lat' dir='ltr'><strong><em>lib.</em></strong></span> <span class='ocrx_word' id='word_1_131' title='bbox 1144 1547 1180 1607; x_wconf 90' lang='lat' dir='ltr'><strong><em>de</em></strong></span> <span class='ocrx_word' id='word_1_132' title='bbox 1193 1545 1294 1609; x_wconf 85' lang='lat' dir='ltr'><strong><em>Venat.</em></strong></span> <span class='ocrx_word' id='word_1_133' title='bbox 1310 1545 1382 1606; x_wconf 80' lang='lat' dir='ltr'><strong><em>Circ</em></strong></span> <span class='ocrx_word' id='word_1_134' title='bbox 1397 1561 1419 1602; x_wconf 92' lang='lat' dir='ltr'><strong><em>c.</em></strong></span> <span class='ocrx_word' id='word_1_135' title='bbox 1430 1539 1485 1612; x_wconf 76' lang='lat' dir='ltr'><strong><em>stt.</em></strong></span> <span class='ocrx_word' id='word_1_136' title='bbox 1541 1549 1542 1556; x_wconf 44' lang='lat'>³</span> 
     </span>
     <span class='ocr_line' id='line_1_15' title="bbox 300 1629 1484 1714; baseline -0.005 -20"><span class='ocrx_word' id='word_1_137' title='bbox 300 1629 524 1714; x_wconf 83' lang='lat' dir='ltr'><strong><em>quiahestiarii</em></strong></span> <span class='ocrx_word' id='word_1_138' title='bbox 547 1649 608 1690; x_wconf 91' lang='lat' dir='ltr'><strong><em>non</em></strong></span> <span class='ocrx_word' id='word_1_139' title='bbox 630 1630 725 1692; x_wconf 89' lang='lat' dir='ltr'><strong><em>solum</em></strong></span> <span class='ocrx_word' id='word_1_140' title='bbox 748 1631 870 1692; x_wconf 90' lang='lat' dir='ltr'><strong><em>meridie</em></strong></span> <span class='ocrx_word' id='word_1_141' title='bbox 892 1632 1073 1711; x_wconf 79' lang='lat' dir='ltr'>pugnabant,</span> <span class='ocrx_word' id='word_1_142' title='bbox 1098 1631 1151 1694; x_wconf 88' lang='lat' dir='ltr'><strong><em>sed</em></strong></span> <span class='ocrx_word' id='word_1_143' title='bbox 1182 1639 1316 1712; x_wconf 89' lang='lat' dir='ltr'><strong><em>tempore</em></strong></span> <span class='ocrx_word' id='word_1_144' title='bbox 1338 1629 1417 1690; x_wconf 88' lang='lat' dir='ltr'><strong><em>etiam</em></strong></span> <span class='ocrx_word' id='word_1_145' title='bbox 1436 1639 1484 1682; x_wconf 82' lang='lat' dir='ltr'><strong><em>mt-</em></strong></span> 
     </span>
     <span class='ocr_line' id='line_1_16' title="bbox 264 1709 1486 1795; baseline -0.007 -14"><span class='ocrx_word' id='word_1_146' title='bbox 264 1759 269 1772; x_wconf 83' lang='lat'><strong>·</strong></span> <span class='ocrx_word' id='word_1_147' title='bbox 302 1719 407 1781; x_wconf 82' lang='lat' dir='ltr'><strong><em>tulino.</em></strong></span> <span class='ocrx_word' id='word_1_148' title='bbox 453 1716 530 1788; x_wconf 84' lang='lat' dir='ltr'><strong><em>Quid</em></strong></span> <span class='ocrx_word' id='word_1_149' title='bbox 553 1715 632 1776; x_wconf 88' lang='lat' dir='ltr'><strong><em>enim</em></strong></span> <span class='ocrx_word' id='word_1_150' title='bbox 653 1715 700 1776; x_wconf 89' lang='lat' dir='ltr'><strong><em>his</em></strong></span> <span class='ocrx_word' id='word_1_151' title='bbox 717 1715 850 1778; x_wconf 90' lang='lat' dir='ltr'><strong><em>Suetonii</em></strong></span> <span class='ocrx_word' id='word_1_152' title='bbox 872 1716 908 1776; x_wconf 90' lang='lat' dir='ltr'><strong><em>de</em></strong></span> <span class='ocrx_word' id='word_1_153' title='bbox 931 1717 1050 1778; x_wconf 86' lang='lat' dir='ltr'><strong><em>Claudio</em></strong></span> <span class='ocrx_word' id='word_1_154' title='bbox 1072 1717 1251 1795; x_wconf 88' lang='lat' dir='ltr'><strong><em>imperatore</em></strong></span> <span class='ocrx_word' id='word_1_155' title='bbox 1273 1715 1368 1778; x_wconf 88' lang='lat' dir='ltr'><strong><em>verbis</em></strong></span> <span class='ocrx_word' id='word_1_156' title='bbox 1389 1709 1486 1773; x_wconf 78' lang='lat' dir='ltr'><strong><em>canu:</em></strong></span> 
     </span>
     <span class='ocr_line' id='line_1_17' title="bbox 301 1789 1487 1882; baseline -0.009 -16"><span class='ocrx_word' id='word_1_157' title='bbox 301 1803 460 1866; x_wconf 79' lang='lat' dir='ltr'><strong><em>bestiariis</em></strong></span> <span class='ocrx_word' id='word_1_158' title='bbox 487 1802 720 1880; x_wconf 77' lang='lat' dir='ltr'><strong><em>meridianisque</em></strong></span> <span class='ocrx_word' id='word_1_159' title='bbox 748 1802 820 1863; x_wconf 88' lang='lat' dir='ltr'><strong><em>odeo</em></strong></span> <span class='ocrx_word' id='word_1_160' title='bbox 850 1801 1068 1873; x_wconf 75' lang='lat' dir='ltr'><strong><em>delectabatur,</em></strong></span> <span class='ocrx_word' id='word_1_161' title='bbox 1102 1815 1136 1865; x_wconf 88' lang='lat' dir='ltr'><strong><em>ut</em></strong></span> <span class='ocrx_word' id='word_1_162' title='bbox 1158 1805 1246 1864; x_wconf 87' lang='lat' dir='ltr'><strong><em>etium</em></strong></span> <span class='ocrx_word' id='word_1_163' title='bbox 1265 1804 1365 1882; x_wconf 80' lang='lat' dir='ltr'><strong><em>primu</em></strong></span> <span class='ocrx_word' id='word_1_164' title='bbox 1387 1789 1487 1858; x_wconf 74' lang='lat' dir='ltr'><strong><em>lisseol</em></strong></span> 
     </span>
     <span class='ocr_line' id='line_1_18' title="bbox 275 1881 1487 1974; baseline -0.007 -24"><span class='ocrx_word' id='word_1_165' title='bbox 275 1963 281 1974; x_wconf 39' lang='lat'><strong>·</strong></span> <span class='ocrx_word' id='word_1_166' title='bbox 301 1885 504 1968; x_wconf 75' lang='lat' dir='ltr'><strong><em>spectaculum</em></strong></span> <span class='ocrx_word' id='word_1_167' title='bbox 520 1886 708 1948; x_wconf 71' lang='lat' dir='ltr'><strong><em>descenderet</em></strong></span> <span class='ocrx_word' id='word_1_168' title='bbox 722 1897 750 1947; x_wconf 89' lang='lat' dir='ltr'><strong><em>et</em></strong></span> <span class='ocrx_word' id='word_1_169' title='bbox 770 1887 893 1948; x_wconf 83' lang='lat' dir='ltr'><strong><em>meridie</em></strong></span> <span class='ocrx_word' id='word_1_170' title='bbox 914 1887 1036 1949; x_wconf 87' lang='lat' dir='ltr'><strong><em>dimisso</em></strong></span> <span class='ocrx_word' id='word_1_171' title='bbox 1055 1885 1169 1966; x_wconf 91' lang='lat' dir='ltr'><strong><em>populo</em></strong></span> <span class='ocrx_word' id='word_1_172' title='bbox 1191 1887 1364 1966; x_wconf 86' lang='lat' dir='ltr'><strong><em>persederet</em></strong></span> <span class='ocrx_word' id='word_1_173' title='bbox 1377 1881 1487 1952; x_wconf 73' lang='lat' dir='ltr'><strong><em>(Sueten</em></strong></span> 
     </span>
     <span class='ocr_line' id='line_1_19' title="bbox 300 1963 1488 2047; baseline -0.008 -14"><span class='ocrx_word' id='word_1_174' title='bbox 300 1973 332 2033; x_wconf 91' lang='lat' dir='ltr'><strong><em>in</em></strong></span> <span class='ocrx_word' id='word_1_175' title='bbox 354 1971 417 2032; x_wconf 90' lang='lat' dir='ltr'><strong><em>Vita</em></strong></span> <span class='ocrx_word' id='word_1_176' title='bbox 439 1969 538 2032; x_wconf 87' lang='lat' dir='ltr'><strong><em>Claud.</em></strong></span> <span class='ocrx_word' id='word_1_177' title='bbox 562 1986 624 2047; x_wconf 86' lang='lat' dir='ltr'><strong><em>cap.</em></strong></span> <span class='ocrx_word' id='word_1_178' title='bbox 648 1971 722 2042; x_wconf 84' lang='grc'><strong>34.).</strong></span> <span class='ocrx_word' id='word_1_179' title='bbox 739 1969 864 2032; x_wconf 64' lang='lat' dir='ltr'><strong><em>Seneca</em></strong></span> <span class='ocrx_word' id='word_1_180' title='bbox 886 1989 971 2032; x_wconf 85' lang='lat' dir='ltr'><strong><em>vero:</em></strong></span> <span class='ocrx_word' id='word_1_181' title='bbox 995 1969 1083 2032; x_wconf 86' lang='lat' dir='ltr'><strong><em>Mune</em></strong></span> <span class='ocrx_word' id='word_1_182' title='bbox 1105 1969 1241 2034; x_wconf 91' lang='lat' dir='ltr'><strong><em>leonibus</em></strong></span> <span class='ocrx_word' id='word_1_183' title='bbox 1265 1983 1293 2033; x_wconf 90' lang='lat' dir='ltr'><strong><em>et</em></strong></span> <span class='ocrx_word' id='word_1_184' title='bbox 1314 1974 1393 2032; x_wconf 87' lang='lat' dir='ltr'><strong><em>ursis</em></strong></span> <span class='ocrx_word' id='word_1_185' title='bbox 1415 1963 1488 2026; x_wconf 87' lang='lat' dir='ltr'><strong><em>bomi-</em></strong></span> 
     </span>
    </p>

    <p class='ocr_par' dir='ltr' id='par_1_5' title="bbox 239 2047 1490 2644">
     <span class='ocr_line' id='line_1_20' title="bbox 239 2047 1486 2134; baseline -0.002 -13"><span class='ocrx_word' id='word_1_186' title='bbox 239 2076 243 2084; x_wconf 90' lang='lat'><em>·</em></span> <span class='ocrx_word' id='word_1_187' title='bbox 301 2077 364 2128; x_wconf 88' lang='lat' dir='ltr'><strong><em>nes,</em></strong></span> <span class='ocrx_word' id='word_1_188' title='bbox 386 2057 508 2118; x_wconf 87' lang='lat' dir='ltr'><strong><em>meridie</em></strong></span> <span class='ocrx_word' id='word_1_189' title='bbox 530 2057 748 2134; x_wconf 78' lang='lat' dir='ltr'><strong><em>spectatoribus</em></strong></span> <span class='ocrx_word' id='word_1_190' title='bbox 772 2060 836 2117; x_wconf 87' lang='lat' dir='ltr'><strong><em>suis</em></strong></span> <span class='ocrx_word' id='word_1_191' title='bbox 858 2058 1041 2119; x_wconf 84' lang='lat' dir='ltr'><strong><em>obiiciantur</em></strong></span> <span class='ocrx_word' id='word_1_192' title='bbox 1063 2056 1185 2129; x_wconf 84' lang='lat' dir='ltr'><strong><em>(Seneca</em></strong></span> <span class='ocrx_word' id='word_1_193' title='bbox 1202 2055 1296 2134; x_wconf 84' lang='lat' dir='ltr'><strong><em>Epist.</em></strong></span> <span class='ocrx_word' id='word_1_194' title='bbox 1311 2059 1359 2118; x_wconf 81' lang='lat' dir='ltr'><strong><em>to.</em></strong></span> <span class='ocrx_word' id='word_1_195' title='bbox 1375 2047 1486 2132; x_wconf 69' lang='lat' dir='ltr'><strong><em>nibil·</em></strong></span> 
     </span>
     <span class='ocr_line' id='line_1_21' title="bbox 301 2137 1487 2219; baseline -0.005 -16"><span class='ocrx_word' id='word_1_196' title='bbox 301 2142 391 2204; x_wconf 86' lang='lat' dir='ltr'><strong><em>Visne</em></strong></span> <span class='ocrx_word' id='word_1_197' title='bbox 413 2148 443 2201; x_wconf 90' lang='lat' dir='ltr'><strong><em>et</em></strong></span> <span class='ocrx_word' id='word_1_198' title='bbox 470 2140 525 2201; x_wconf 90' lang='lat' dir='ltr'><strong><em>alia</em></strong></span> <span class='ocrx_word' id='word_1_199' title='bbox 547 2156 608 2200; x_wconf 91' lang='lat' dir='ltr'><strong><em>non</em></strong></span> <span class='ocrx_word' id='word_1_200' title='bbox 631 2140 728 2202; x_wconf 89' lang='lat' dir='ltr'><strong><em>minus</em></strong></span> <span class='ocrx_word' id='word_1_201' title='bbox 751 2140 906 2219; x_wconf 90' lang='lat' dir='ltr'><strong><em>perspicua</em></strong></span> <span class='ocrx_word' id='word_1_202' title='bbox 928 2139 1005 2200; x_wconf 91' lang='lat' dir='ltr'><strong><em>illius</em></strong></span> <span class='ocrx_word' id='word_1_203' title='bbox 1028 2138 1140 2201; x_wconf 82' lang='lat' dir='ltr'><strong><em>verba‘l</em></strong></span> <span class='ocrx_word' id='word_1_204' title='bbox 1182 2139 1227 2201; x_wconf 91' lang='lat' dir='ltr'><strong><em>En</em></strong></span> <span class='ocrx_word' id='word_1_205' title='bbox 1249 2141 1323 2202; x_wconf 88' lang='lat' dir='ltr'><strong><em>haec</em></strong></span> <span class='ocrx_word' id='word_1_206' title='bbox 1344 2137 1403 2216; x_wconf 88' lang='lat' dir='ltr'><strong><em>ipsa</em></strong></span> <span class='ocrx_word' id='word_1_207' title='bbox 1422 2137 1487 2196; x_wconf 73' lang='lat' dir='ltr'><strong><em>suot,</em></strong></span> 
     </span>
     <span class='ocr_line' id='line_1_22' title="bbox 303 2216 1488 2306; baseline -0.001 -18"><span class='ocrx_word' id='word_1_208' title='bbox 303 2227 381 2288; x_wconf 84' lang='lat' dir='ltr'><strong><em>Casu</em></strong></span> <span class='ocrx_word' id='word_1_209' title='bbox 402 2230 435 2286; x_wconf 89' lang='lat' dir='ltr'><strong><em>in</em></strong></span> <span class='ocrx_word' id='word_1_210' title='bbox 455 2225 654 2286; x_wconf 85' lang='lat' dir='ltr'><strong><em>meridianum</em></strong></span> <span class='ocrx_word' id='word_1_211' title='bbox 674 2225 876 2306; x_wconf 80' lang='lat' dir='ltr'><strong><em>spectaculum</em></strong></span> <span class='ocrx_word' id='word_1_212' title='bbox 902 2227 1008 2296; x_wconf 88' lang='lat' dir='ltr'><strong><em>incidi,</em></strong></span> <span class='ocrx_word' id='word_1_213' title='bbox 1042 2225 1127 2288; x_wconf 81' lang='lat' dir='ltr'><strong><em>trusus</em></strong></span> <span class='ocrx_word' id='word_1_214' title='bbox 1150 2235 1394 2305; x_wconf 68' lang='lat' dir='ltr'><strong><em>suspecturus...</em></strong></span> <span class='ocrx_word' id='word_1_215' title='bbox 1421 2216 1488 2279; x_wconf 72' lang='lat' dir='ltr'><strong><em>Mlti</em></strong></span> 
     </span>
     <span class='ocr_line' id='line_1_23' title="bbox 302 2309 1488 2389; baseline -0.013 -17"><span class='ocrx_word' id='word_1_216' title='bbox 302 2310 437 2372; x_wconf 82' lang='lat' dir='ltr'><strong><em>leorn&#39;lus</em></strong></span> <span class='ocrx_word' id='word_1_217' title='bbox 468 2320 498 2371; x_wconf 90' lang='lat' dir='ltr'><strong><em>et</em></strong></span> <span class='ocrx_word' id='word_1_218' title='bbox 522 2313 606 2371; x_wconf 87' lang='lat' dir='ltr'><strong><em>ursis</em></strong></span> <span class='ocrx_word' id='word_1_219' title='bbox 636 2309 782 2379; x_wconf 77' lang='lat' dir='ltr'><strong><em>domines,</em></strong></span> <span class='ocrx_word' id='word_1_220' title='bbox 818 2311 942 2372; x_wconf 87' lang='lat' dir='ltr'><strong><em>meridie</em></strong></span> <span class='ocrx_word' id='word_1_221' title='bbox 969 2309 1188 2389; x_wconf 83' lang='lat' dir='ltr'><strong><em>spectatoribus</em></strong></span> <span class='ocrx_word' id='word_1_222' title='bbox 1221 2315 1287 2372; x_wconf 87' lang='lat' dir='ltr'><strong><em>suis</em></strong></span> <span class='ocrx_word' id='word_1_223' title='bbox 1320 2310 1488 2371; x_wconf 86' lang='lat' dir='ltr'><strong><em>obiiciantur.</em></strong></span> 
     </span>
     <span class='ocr_line' id='line_1_24' title="bbox 301 2385 1489 2474; baseline -0.007 -16"><span class='ocrx_word' id='word_1_224' title='bbox 301 2394 518 2474; x_wconf 74' lang='lat' dir='ltr'><strong><em>Interfectores</em></strong></span> <span class='ocrx_word' id='word_1_225' title='bbox 553 2393 589 2456; x_wconf 93' lang='lat' dir='ltr'><strong><em>ab</em></strong></span> <span class='ocrx_word' id='word_1_226' title='bbox 618 2395 827 2472; x_wconf 74' lang='lat' dir='ltr'><strong><em>interfecturis</em></strong></span> <span class='ocrx_word' id='word_1_227' title='bbox 856 2395 1000 2456; x_wconf 88' lang='lat' dir='ltr'><strong><em>iubentur</em></strong></span> <span class='ocrx_word' id='word_1_228' title='bbox 1027 2395 1115 2456; x_wconf 78' lang='lat' dir='ltr'><strong><em>obiici</em></strong></span> <span class='ocrx_word' id='word_1_229' title='bbox 1136 2407 1165 2458; x_wconf 88' lang='lat' dir='ltr'><strong><em>et</em></strong></span> <span class='ocrx_word' id='word_1_230' title='bbox 1193 2399 1338 2458; x_wconf 88' lang='lat' dir='ltr'><strong><em>uictorem</em></strong></span> <span class='ocrx_word' id='word_1_231' title='bbox 1364 2397 1395 2454; x_wconf 86' lang='lat' dir='ltr'><strong><em>in</em></strong></span> <span class='ocrx_word' id='word_1_232' title='bbox 1418 2385 1489 2450; x_wconf 67' lang='lat' dir='ltr'><strong><em>alia!</em></strong></span> 
     </span>
     <span class='ocr_line' id='line_1_25' title="bbox 302 2466 1489 2568; baseline -0.014 -26"><span class='ocrx_word' id='word_1_233' title='bbox 302 2481 433 2542; x_wconf 88' lang='lat' dir='ltr'><strong><em>detinent</em></strong></span> <span class='ocrx_word' id='word_1_234' title='bbox 452 2489 581 2541; x_wconf 89' lang='lat' dir='ltr'><strong><em>mortem</em></strong></span> <span class='ocrx_word' id='word_1_235' title='bbox 608 2477 756 2552; x_wconf 80' lang='lat' dir='ltr'><strong><em>(Lih.,lll.</em></strong></span> <span class='ocrx_word' id='word_1_236' title='bbox 779 2479 815 2539; x_wconf 90' lang='lat' dir='ltr'><strong><em>de</em></strong></span> <span class='ocrx_word' id='word_1_237' title='bbox 836 2479 882 2540; x_wconf 89' lang='lat' dir='ltr'><strong><em>lra</em></strong></span> <span class='ocrx_word' id='word_1_238' title='bbox 905 2496 967 2557; x_wconf 89' lang='lat' dir='ltr'><strong><em>cap.</em></strong></span> <span class='ocrx_word' id='word_1_239' title='bbox 990 2481 1041 2542; x_wconf 81' lang='lat'><strong><em>43.</em></strong></span> <span class='ocrx_word' id='word_1_240' title='bbox 1064 2497 1129 2568; x_wconf 85' lang='lat' dir='ltr'><strong><em>pag.</em></strong></span> <span class='ocrx_word' id='word_1_241' title='bbox 1152 2482 1249 2556; x_wconf 83' lang='lat'><strong><em>583.).</em></strong></span> <span class='ocrx_word' id='word_1_242' title='bbox 1293 2479 1406 2540; x_wconf 87' lang='lat' dir='ltr'><strong><em>Rursus</em></strong></span> <span class='ocrx_word' id='word_1_243' title='bbox 1426 2466 1489 2534; x_wconf 84' lang='lat' dir='ltr'><strong><em>sibi:</em></strong></span> 
     </span>
     <span class='ocr_line' id='line_1_26' title="bbox 301 2563 1490 2644; baseline -0.011 -18"><span class='ocrx_word' id='word_1_244' title='bbox 301 2563 409 2644; x_wconf 87' lang='lat' dir='ltr'><strong><em>Nuper</em></strong></span> <span class='ocrx_word' id='word_1_245' title='bbox 431 2569 462 2638; x_wconf 74' lang='lat' dir='ltr'><strong><em>iri</em></strong></span> <span class='ocrx_word' id='word_1_246' title='bbox 486 2563 555 2625; x_wconf 85' lang='lat' dir='ltr'><strong><em>ludo</em></strong></span> <span class='ocrx_word' id='word_1_247' title='bbox 579 2564 790 2626; x_wconf 90' lang='lat' dir='ltr'><strong><em>bestiariorum</em></strong></span> <span class='ocrx_word' id='word_1_248' title='bbox 803 2583 884 2626; x_wconf 87' lang='lat' dir='ltr'><strong><em>unus</em></strong></span> <span class='ocrx_word' id='word_1_249' title='bbox 899 2583 915 2625; x_wconf 90' lang='lat' dir='ltr'><strong><em>e</em></strong></span> <span class='ocrx_word' id='word_1_250' title='bbox 930 2563 1088 2626; x_wconf 82' lang='lat' dir='ltr'><strong><em>Germanis</em></strong></span> <span class='ocrx_word' id='word_1_251' title='bbox 1104 2583 1169 2626; x_wconf 88' lang='lat' dir='ltr'><strong><em>cum</em></strong></span> <span class='ocrx_word' id='word_1_252' title='bbox 1181 2566 1220 2628; x_wconf 79' lang='lat' dir='ltr'><strong><em>uel</em></strong></span> <span class='ocrx_word' id='word_1_253' title='bbox 1234 2569 1383 2628; x_wconf 79' lang='lat' dir='ltr'><strong><em>matritinu</em></strong></span> <span class='ocrx_word' id='word_1_254' title='bbox 1397 2565 1490 2639; x_wconf 86' lang='lat' dir='ltr'><strong><em>spectu-</em></strong></span> 
     </span>
    </p>

    <p class='ocr_par' dir='ltr' id='par_1_6' title="bbox 248 2622 1544 2898">
     <span class='ocr_line' id='line_1_27' title="bbox 248 2622 1544 2738; baseline -0.005 -26"><span class='ocrx_word' id='word_1_255' title='bbox 248 2659 259 2696; x_wconf 89' lang='grc'><strong><em>-·</em></strong></span> <span class='ocrx_word' id='word_1_256' title='bbox 303 2649 371 2712; x_wconf 83' lang='lat' dir='ltr'><strong><em>urla</em></strong></span> <span class='ocrx_word' id='word_1_257' title='bbox 389 2658 568 2728; x_wconf 87' lang='lat' dir='ltr'><strong><em>pararetur,</em></strong></span> <span class='ocrx_word' id='word_1_258' title='bbox 590 2654 712 2738; x_wconf 81' lang='lat' dir='ltr'><strong><em>secessit</em></strong></span> <span class='ocrx_word' id='word_1_259' title='bbox 734 2648 827 2721; x_wconf 88' lang='lat' dir='ltr'><strong><em>(Idem</em></strong></span> <span class='ocrx_word' id='word_1_260' title='bbox 848 2647 941 2727; x_wconf 83' lang='lat' dir='ltr'><strong><em>Epist.</em></strong></span> <span class='ocrx_word' id='word_1_261' title='bbox 966 2652 994 2712; x_wconf 90' lang='grc'><strong><em>7.</em></strong></span> <span class='ocrx_word' id='word_1_262' title='bbox 1016 2667 1081 2728; x_wconf 89' lang='lat' dir='ltr'><strong><em>pag.</em></strong></span> <span class='ocrx_word' id='word_1_263' title='bbox 1108 2652 1167 2714; x_wconf 80' lang='lat'><strong><em>172</em></strong></span> <span class='ocrx_word' id='word_1_264' title='bbox 1190 2657 1220 2710; x_wconf 91' lang='lat' dir='ltr'><strong><em>et</em></strong></span> <span class='ocrx_word' id='word_1_265' title='bbox 1245 2653 1341 2724; x_wconf 74' lang='lat' dir='ltr'><strong><em>tis).</em></strong></span> <span class='ocrx_word' id='word_1_266' title='bbox 1384 2641 1491 2718; x_wconf 69' lang='lat' dir='ltr'><strong><em>[leniuit</em></strong></span> <span class='ocrx_word' id='word_1_267' title='bbox 1543 2622 1544 2672; x_wconf 79' lang='lat' dir='ltr'><strong><em>t</em></strong></span> 
     </span>
     <span class='ocr_line' id='line_1_28' title="bbox 301 2724 1490 2814; baseline -0.005 -20"><span class='ocrx_word' id='word_1_268' title='bbox 301 2733 350 2794; x_wconf 89' lang='lat' dir='ltr'><strong><em>illa</em></strong></span> <span class='ocrx_word' id='word_1_269' title='bbox 371 2751 427 2794; x_wconf 91' lang='lat' dir='ltr'><strong><em>uec</em></strong></span> <span class='ocrx_word' id='word_1_270' title='bbox 450 2733 541 2794; x_wconf 87' lang='lat' dir='ltr'><strong><em>semel</em></strong></span> <span class='ocrx_word' id='word_1_271' title='bbox 563 2732 680 2812; x_wconf 89' lang='lat' dir='ltr'><strong><em>quidem</em></strong></span> <span class='ocrx_word' id='word_1_272' title='bbox 703 2742 786 2794; x_wconf 83' lang='lat' dir='ltr'><strong><em>vocat</em></strong></span> <span class='ocrx_word' id='word_1_273' title='bbox 807 2736 956 2796; x_wconf 87' lang='lat' dir='ltr'><strong><em>matutino</em></strong></span> <span class='ocrx_word' id='word_1_274' title='bbox 977 2751 1089 2794; x_wconf 85' lang='lat' dir='ltr'><strong><em>arsace</em></strong></span> <span class='ocrx_word' id='word_1_275' title='bbox 1111 2733 1282 2814; x_wconf 84' lang='lat' dir='ltr'><strong><em>spectacula</em></strong></span> <span class='ocrx_word' id='word_1_276' title='bbox 1312 2733 1387 2807; x_wconf 85' lang='lat' dir='ltr'><strong><em>(Lib.</em></strong></span> <span class='ocrx_word' id='word_1_277' title='bbox 1408 2729 1440 2790; x_wconf 88' lang='lat' dir='ltr'><strong><em>de</em></strong></span> <span class='ocrx_word' id='word_1_278' title='bbox 1457 2724 1490 2784; x_wconf 75' lang='lat' dir='ltr'><strong><em>lu</em></strong></span> 
     </span>
     <span class='ocr_line' id='line_1_29' title="bbox 302 2803 1492 2898; baseline -0.007 -18"><span class='ocrx_word' id='word_1_279' title='bbox 302 2836 374 2897; x_wconf 75' lang='lat' dir='ltr'><strong><em>cap·</em></strong></span> <span class='ocrx_word' id='word_1_280' title='bbox 387 2820 439 2884; x_wconf 80' lang='lat' dir='ltr'><strong><em>ta.</em></strong></span> <span class='ocrx_word' id='word_1_281' title='bbox 461 2835 527 2897; x_wconf 83' lang='lat' dir='ltr'><strong><em>pag.</em></strong></span> <span class='ocrx_word' id='word_1_282' title='bbox 544 2821 640 2894; x_wconf 82' lang='lat'><strong><em>683.).</em></strong></span> <span class='ocrx_word' id='word_1_283' title='bbox 683 2817 744 2880; x_wconf 88' lang='lat' dir='ltr'><strong><em>Nec</em></strong></span> <span class='ocrx_word' id='word_1_284' title='bbox 765 2817 882 2880; x_wconf 84' lang='lat' dir='ltr'><strong><em>difficde</em></strong></span> <span class='ocrx_word' id='word_1_285' title='bbox 903 2819 980 2878; x_wconf 85' lang='lat' dir='ltr'><strong><em>iuret</em></strong></span> <span class='ocrx_word' id='word_1_286' title='bbox 1001 2817 1058 2880; x_wconf 92' lang='lat' dir='ltr'><strong><em>buc</em></strong></span> <span class='ocrx_word' id='word_1_287' title='bbox 1079 2817 1162 2898; x_wconf 89' lang='lat' dir='ltr'><strong><em>plura</em></strong></span> <span class='ocrx_word' id='word_1_288' title='bbox 1184 2818 1239 2880; x_wconf 91' lang='lat' dir='ltr'><strong><em>alia</em></strong></span> <span class='ocrx_word' id='word_1_289' title='bbox 1260 2832 1433 2898; x_wconf 88' lang='lat' dir='ltr'><strong><em>congerere:</em></strong></span> <span class='ocrx_word' id='word_1_290' title='bbox 1453 2803 1492 2868; x_wconf 78' lang='lat' dir='ltr'><strong><em>sal</em></strong></span> 
     </span>
    </p>

    <p class='ocr_par' dir='ltr' id='par_1_7' title="bbox 164 2901 1464 3000">
     <span class='ocr_line' id='line_1_30' title="bbox 164 2901 1464 3000; baseline -0.004 -36"><span class='ocrx_word' id='word_1_291' title='bbox 164 2955 166 2959; x_wconf 70' lang='grc'>,</span> <span class='ocrx_word' id='word_1_292' title='bbox 208 2916 215 2936; x_wconf 85' lang='lat'><strong><em>‘</em></strong></span> <span class='ocrx_word' id='word_1_293' title='bbox 301 2904 368 2982; x_wconf 86' lang='lat' dir='ltr'><strong><em>quia</em></strong></span> <span class='ocrx_word' id='word_1_294' title='bbox 389 2903 462 2964; x_wconf 90' lang='lat' dir='ltr'><strong><em>haec</em></strong></span> <span class='ocrx_word' id='word_1_295' title='bbox 483 2902 641 2974; x_wconf 89' lang='lat' dir='ltr'><strong><em>sufficiunt,</em></strong></span> <span class='ocrx_word' id='word_1_296' title='bbox 664 2901 736 2962; x_wconf 89' lang='lat' dir='ltr'><strong><em>nihil</em></strong></span> <span class='ocrx_word' id='word_1_297' title='bbox 757 2902 833 2964; x_wconf 88' lang='lat' dir='ltr'><strong><em>aliud</em></strong></span> <span class='ocrx_word' id='word_1_298' title='bbox 857 2902 998 3000; x_wconf 72' lang='lat' dir='ltr'><strong><em>addemus</em></strong></span> <span class='ocrx_word' id='word_1_299' title='bbox 1020 2902 1078 2962; x_wconf 87' lang='lat' dir='ltr'><strong><em>nisi</em></strong></span> <span class='ocrx_word' id='word_1_300' title='bbox 1100 2903 1158 2964; x_wconf 88' lang='lat' dir='ltr'><strong><em>boc</em></strong></span> <span class='ocrx_word' id='word_1_301' title='bbox 1177 2903 1320 2964; x_wconf 84' lang='lat' dir='ltr'><strong><em>Martialis</em></strong></span> <span class='ocrx_word' id='word_1_302' title='bbox 1343 2912 1464 2964; x_wconf 81' lang='lat' dir='ltr'><strong><em>carmen:</em></strong></span> 
     </span>
    </p>
   </div>
   <div class='ocr_carea' id='block_1_3' title="bbox 453 3011 1426 3177">
    <p class='ocr_par' dir='ltr' id='par_1_8' title="bbox 453 3011 1426 3177">
     <span class='ocr_line' id='line_1_31' title="bbox 453 3011 1069 3094; baseline 0.002 -21"><span class='ocrx_word' id='word_1_303' title='bbox 453 3011 491 3073; x_wconf 90' lang='lat' dir='ltr'><strong><em>ln</em></strong></span> <span class='ocrx_word' id='word_1_304' title='bbox 512 3015 661 3074; x_wconf 89' lang='lat' dir='ltr'><strong><em>matutino</em></strong></span> <span class='ocrx_word' id='word_1_305' title='bbox 682 3031 780 3092; x_wconf 90' lang='lat' dir='ltr'><strong><em>nuper</em></strong></span> <span class='ocrx_word' id='word_1_306' title='bbox 802 3023 952 3094; x_wconf 88' lang='lat' dir='ltr'><strong><em>spectatus</em></strong></span> <span class='ocrx_word' id='word_1_307' title='bbox 974 3030 1069 3074; x_wconf 85' lang='lat' dir='ltr'><strong><em>arena</em></strong></span> 
     </span>
     <span class='ocr_line' id='line_1_32' title="bbox 455 3095 1426 3177; baseline -0.004 -21"><span class='ocrx_word' id='word_1_308' title='bbox 455 3095 584 3158; x_wconf 85' lang='lat' dir='ltr'><strong><em>Mucius.</em></strong></span> <span class='ocrx_word' id='word_1_309' title='bbox 945 3097 1078 3170; x_wconf 83' lang='lat' dir='ltr'><strong><em>(Martini.</em></strong></span> <span class='ocrx_word' id='word_1_310' title='bbox 1100 3095 1150 3158; x_wconf 89' lang='lat' dir='ltr'><strong><em>lib.</em></strong></span> <span class='ocrx_word' id='word_1_311' title='bbox 1173 3097 1208 3158; x_wconf 84' lang='grc' dir='ltr'><strong><em>Χ.</em></strong></span> <span class='ocrx_word' id='word_1_312' title='bbox 1231 3095 1333 3177; x_wconf 89' lang='lat' dir='ltr'><strong><em>Epigr.</em></strong></span> <span class='ocrx_word' id='word_1_313' title='bbox 1357 3099 1426 3170; x_wconf 69' lang='lat' dir='ltr'><strong><em>ib).</em></strong></span> 
     </span>
    </p>
   </div>
   <div class='ocr_carea' id='block_1_4' title="bbox 300 3197 1494 4048">
    <p class='ocr_par' dir='ltr' id='par_1_9' title="bbox 300 3197 1494 4048">
     <span class='ocr_line' id='line_1_33' title="bbox 301 3197 1493 3288; baseline 0.006 -22"><span class='ocrx_word' id='word_1_314' title='bbox 301 3203 378 3266; x_wconf 87' lang='lat' dir='ltr'><strong><em>Nihil</em></strong></span> <span class='ocrx_word' id='word_1_315' title='bbox 401 3223 472 3284; x_wconf 89' lang='lat' dir='ltr'><strong><em>ergo</em></strong></span> <span class='ocrx_word' id='word_1_316' title='bbox 494 3204 662 3266; x_wconf 87' lang='lat' dir='ltr'><strong><em>mutandum</em></strong></span> <span class='ocrx_word' id='word_1_317' title='bbox 685 3206 714 3266; x_wconf 90' lang='lat' dir='ltr'><strong><em>in</em></strong></span> <span class='ocrx_word' id='word_1_318' title='bbox 737 3213 817 3267; x_wconf 85' lang='lat' dir='ltr'><strong><em>textu</em></strong></span> <span class='ocrx_word' id='word_1_319' title='bbox 839 3204 1024 3278; x_wconf 80' lang='lat' dir='ltr'><strong><em>Tertulliani,</em></strong></span> <span class='ocrx_word' id='word_1_320' title='bbox 1062 3206 1111 3287; x_wconf 89' lang='lat' dir='ltr'><strong><em>qui</em></strong></span> <span class='ocrx_word' id='word_1_321' title='bbox 1141 3206 1214 3268; x_wconf 89' lang='lat' dir='ltr'><strong><em>scite</em></strong></span> <span class='ocrx_word' id='word_1_322' title='bbox 1243 3223 1422 3288; x_wconf 68' lang='lat' dir='ltr'><strong><em>supremum</em></strong></span> <span class='ocrx_word' id='word_1_323' title='bbox 1447 3197 1493 3258; x_wconf 67' lang='lat' dir='ltr'><strong><em>Sili</em></strong></span> 
     </span>
     <span class='ocr_line' id='line_1_34' title="bbox 301 3282 1492 3372; baseline -0.009 -20"><span class='ocrx_word' id='word_1_324' title='bbox 301 3289 442 3361; x_wconf 73' lang='lat' dir='ltr'><strong><em>dumam,</em></strong></span> <span class='ocrx_word' id='word_1_325' title='bbox 465 3308 480 3350; x_wconf 90' lang='lat' dir='ltr'><strong><em>a</em></strong></span> <span class='ocrx_word' id='word_1_326' title='bbox 523 3289 590 3350; x_wconf 87' lang='lat' dir='ltr'><strong><em>ellat</em></strong></span> <span class='ocrx_word' id='word_1_327' title='bbox 609 3288 817 3352; x_wconf 83' lang='lat' dir='ltr'><strong><em>bestiariorum</em></strong></span> <span class='ocrx_word' id='word_1_328' title='bbox 839 3309 970 3362; x_wconf 90' lang='lat' dir='ltr'><strong><em>coenam,</em></strong></span> <span class='ocrx_word' id='word_1_329' title='bbox 992 3291 1060 3369; x_wconf 88' lang='lat' dir='ltr'><strong><em>quia</em></strong></span> <span class='ocrx_word' id='word_1_330' title='bbox 1081 3290 1226 3372; x_wconf 85' lang='lat' dir='ltr'><strong><em>postridie</em></strong></span> <span class='ocrx_word' id='word_1_331' title='bbox 1242 3311 1308 3354; x_wconf 89' lang='lat' dir='ltr'><strong><em>cum</em></strong></span> <span class='ocrx_word' id='word_1_332' title='bbox 1325 3290 1388 3352; x_wconf 89' lang='lat' dir='ltr'><strong><em>aliis</em></strong></span> <span class='ocrx_word' id='word_1_333' title='bbox 1403 3282 1492 3366; x_wconf 83' lang='lat' dir='ltr'><strong><em>gladia·</em></strong></span> 
     </span>
     <span class='ocr_line' id='line_1_35' title="bbox 301 3367 1492 3455; baseline -0.006 -20"><span class='ocrx_word' id='word_1_334' title='bbox 301 3373 386 3436; x_wconf 83' lang='lat' dir='ltr'><strong><em>coriis</em></strong></span> <span class='ocrx_word' id='word_1_335' title='bbox 410 3381 459 3434; x_wconf 90' lang='lat' dir='ltr'><strong><em>aut</em></strong></span> <span class='ocrx_word' id='word_1_336' title='bbox 501 3374 585 3434; x_wconf 89' lang='lat' dir='ltr'><strong><em>estiis</em></strong></span> <span class='ocrx_word' id='word_1_337' title='bbox 607 3376 763 3454; x_wconf 87' lang='lat' dir='ltr'><strong><em>pugnaturi</em></strong></span> <span class='ocrx_word' id='word_1_338' title='bbox 784 3394 886 3438; x_wconf 90' lang='lat' dir='ltr'><strong><em>necem</em></strong></span> <span class='ocrx_word' id='word_1_339' title='bbox 910 3375 1009 3454; x_wconf 88' lang='lat' dir='ltr'><strong><em>potius</em></strong></span> <span class='ocrx_word' id='word_1_340' title='bbox 1032 3394 1119 3455; x_wconf 64' lang='lat' dir='ltr'><strong><em>mam</em></strong></span> <span class='ocrx_word' id='word_1_341' title='bbox 1140 3375 1293 3438; x_wconf 82' lang='lat' dir='ltr'><strong><em>uictoriam</em></strong></span> <span class='ocrx_word' id='word_1_342' title='bbox 1317 3391 1433 3455; x_wconf 89' lang='lat' dir='ltr'><strong><em>sperare</em></strong></span> <span class='ocrx_word' id='word_1_343' title='bbox 1451 3367 1492 3428; x_wconf 86' lang='lat' dir='ltr'><strong><em>dc-</em></strong></span> 
     </span>
     <span class='ocr_line' id='line_1_36' title="bbox 301 3453 1494 3540; baseline -0.003 -20"><span class='ocrx_word' id='word_1_344' title='bbox 301 3457 419 3520; x_wconf 88' lang='lat' dir='ltr'><strong><em>bebant.</em></strong></span> <span class='ocrx_word' id='word_1_345' title='bbox 462 3457 578 3518; x_wconf 87' lang='lat' dir='ltr'><strong><em>Etenim</em></strong></span> <span class='ocrx_word' id='word_1_346' title='bbox 597 3466 807 3540; x_wconf 73' lang='lat' dir='ltr'><strong><em>pugnantium,</em></strong></span> <span class='ocrx_word' id='word_1_347' title='bbox 838 3459 924 3520; x_wconf 90' lang='lat' dir='ltr'><strong><em>sicuti</em></strong></span> <span class='ocrx_word' id='word_1_348' title='bbox 945 3469 1047 3522; x_wconf 91' lang='lat' dir='ltr'><strong><em>munet</em></strong></span> <span class='ocrx_word' id='word_1_349' title='bbox 1068 3461 1125 3522; x_wconf 91' lang='lat' dir='ltr'><strong><em>iam</em></strong></span> <span class='ocrx_word' id='word_1_350' title='bbox 1147 3461 1281 3522; x_wconf 88' lang='lat' dir='ltr'><strong><em>laudatus</em></strong></span> <span class='ocrx_word' id='word_1_351' title='bbox 1298 3462 1423 3536; x_wconf 70' lang='lat' dir='ltr'><strong><em>Seneca,</em></strong></span> <span class='ocrx_word' id='word_1_352' title='bbox 1444 3453 1494 3516; x_wconf 78' lang='lat' dir='ltr'><strong><em>ea&#39;r</em></strong></span> 
     </span>
     <span class='ocr_line' id='line_1_37' title="bbox 302 3536 1492 3624; baseline -0.006 -17"><span class='ocrx_word' id='word_1_353' title='bbox 302 3555 351 3607; x_wconf 91' lang='lat' dir='ltr'><strong><em>tus</em></strong></span> <span class='ocrx_word' id='word_1_354' title='bbox 372 3560 455 3603; x_wconf 90' lang='lat' dir='ltr'><strong><em>mors</em></strong></span> <span class='ocrx_word' id='word_1_355' title='bbox 478 3555 524 3605; x_wconf 89' lang='lat' dir='ltr'><strong><em>est</em></strong></span> <span class='ocrx_word' id='word_1_356' title='bbox 545 3543 667 3614; x_wconf 84' lang='lat' dir='ltr'><strong><em>(Seneca</em></strong></span> <span class='ocrx_word' id='word_1_357' title='bbox 683 3544 776 3623; x_wconf 89' lang='lat' dir='ltr'><strong><em>Epist.</em></strong></span> <span class='ocrx_word' id='word_1_358' title='bbox 795 3548 823 3608; x_wconf 89' lang='grc'><strong><em>7.</em></strong></span> <span class='ocrx_word' id='word_1_359' title='bbox 837 3562 903 3624; x_wconf 88' lang='lat' dir='ltr'><strong><em>pag.</em></strong></span> <span class='ocrx_word' id='word_1_360' title='bbox 923 3547 1014 3624; x_wconf 75' lang='lat' dir='ltr'><strong><em>tis).</em></strong></span> <span class='ocrx_word' id='word_1_361' title='bbox 1059 3546 1091 3606; x_wconf 90' lang='lat' dir='ltr'><strong><em>Si</em></strong></span> <span class='ocrx_word' id='word_1_362' title='bbox 1114 3545 1182 3624; x_wconf 90' lang='lat' dir='ltr'><strong><em>quid</em></strong></span> <span class='ocrx_word' id='word_1_363' title='bbox 1205 3547 1355 3607; x_wconf 83' lang='lat' dir='ltr'><strong><em>enimvero</em></strong></span> <span class='ocrx_word' id='word_1_364' title='bbox 1377 3542 1439 3605; x_wconf 90' lang='lat' dir='ltr'><strong><em>inde</em></strong></span> <span class='ocrx_word' id='word_1_365' title='bbox 1457 3536 1492 3594; x_wconf 83' lang='lat' dir='ltr'><strong><em>itt·</em></strong></span> 
     </span>
     <span class='ocr_line' id='line_1_38' title="bbox 301 3627 1493 3710; baseline -0.004 -21"><span class='ocrx_word' id='word_1_366' title='bbox 301 3628 433 3690; x_wconf 87' lang='lat' dir='ltr'><strong><em>columes</em></strong></span> <span class='ocrx_word' id='word_1_367' title='bbox 461 3627 636 3702; x_wconf 86' lang='lat' dir='ltr'><strong><em>evadebant,</em></strong></span> <span class='ocrx_word' id='word_1_368' title='bbox 668 3629 725 3690; x_wconf 87' lang='lat' dir='ltr'><strong><em>boc</em></strong></span> <span class='ocrx_word' id='word_1_369' title='bbox 753 3637 848 3690; x_wconf 84' lang='lat' dir='ltr'><strong><em>tamen</em></strong></span> <span class='ocrx_word' id='word_1_370' title='bbox 880 3647 999 3706; x_wconf 88' lang='lat' dir='ltr'><strong><em>sperare</em></strong></span> <span class='ocrx_word' id='word_1_371' title='bbox 1027 3647 1086 3690; x_wconf 82' lang='lat' dir='ltr'><strong><em>nort</em></strong></span> <span class='ocrx_word' id='word_1_372' title='bbox 1115 3627 1178 3691; x_wconf 89' lang='lat' dir='ltr'><strong><em>ausi</em></strong></span> <span class='ocrx_word' id='word_1_373' title='bbox 1201 3649 1373 3710; x_wconf 86' lang='lat' dir='ltr'><strong><em>supremum</em></strong></span> <span class='ocrx_word' id='word_1_374' title='bbox 1394 3635 1493 3689; x_wconf 78' lang='lat' dir='ltr'><strong><em>coenam</em></strong></span> 
     </span>
     <span class='ocr_line' id='line_1_39' title="bbox 303 3707 1492 3796; baseline -0.005 -22"><span class='ocrx_word' id='word_1_375' title='bbox 303 3712 400 3796; x_wconf 87' lang='lat' dir='ltr'><strong><em>pridie</em></strong></span> <span class='ocrx_word' id='word_1_376' title='bbox 423 3732 455 3773; x_wconf 90' lang='lat' dir='ltr'><strong><em>se</em></strong></span> <span class='ocrx_word' id='word_1_377' title='bbox 477 3731 598 3792; x_wconf 89' lang='lat' dir='ltr'><strong><em>carpere</em></strong></span> <span class='ocrx_word' id='word_1_378' title='bbox 620 3713 843 3775; x_wconf 86' lang='lat' dir='ltr'><strong><em>arbitrabantur.</em></strong></span> <span class='ocrx_word' id='word_1_379' title='bbox 887 3712 930 3774; x_wconf 78' lang='lat' dir='ltr'><strong><em>Ab</em></strong></span> <span class='ocrx_word' id='word_1_380' title='bbox 952 3721 1072 3775; x_wconf 89' lang='lat' dir='ltr'><strong><em>auctore</em></strong></span> <span class='ocrx_word' id='word_1_381' title='bbox 1094 3733 1184 3793; x_wconf 90' lang='lat' dir='ltr'><strong><em>porro</em></strong></span> <span class='ocrx_word' id='word_1_382' title='bbox 1199 3717 1340 3776; x_wconf 77' lang='lat' dir='ltr'><strong><em>Actorum</em></strong></span> <span class='ocrx_word' id='word_1_383' title='bbox 1357 3713 1408 3774; x_wconf 89' lang='lat' dir='ltr'><strong><em>SS.</em></strong></span> <span class='ocrx_word' id='word_1_384' title='bbox 1435 3707 1492 3768; x_wconf 83' lang='lat' dir='ltr'><strong><em>Pot-</em></strong></span> 
     </span>
     <span class='ocr_line' id='line_1_40' title="bbox 300 3789 1493 3880; baseline -0.003 -20"><span class='ocrx_word' id='word_1_385' title='bbox 300 3806 406 3880; x_wconf 83' lang='lat' dir='ltr'><strong><em>petuas</em></strong></span> <span class='ocrx_word' id='word_1_386' title='bbox 429 3806 459 3858; x_wconf 91' lang='lat' dir='ltr'><strong><em>et</em></strong></span> <span class='ocrx_word' id='word_1_387' title='bbox 479 3797 636 3858; x_wconf 81' lang='lat' dir='ltr'><strong><em>Felicitatis</em></strong></span> <span class='ocrx_word' id='word_1_388' title='bbox 659 3797 800 3860; x_wconf 84' lang='lat' dir='ltr'><strong><em>discimus</em></strong></span> <span class='ocrx_word' id='word_1_389' title='bbox 823 3797 898 3860; x_wconf 90' lang='lat' dir='ltr'><strong><em>hanc</em></strong></span> <span class='ocrx_word' id='word_1_390' title='bbox 919 3817 1039 3861; x_wconf 80' lang='lat' dir='ltr'><strong><em>menam</em></strong></span> <span class='ocrx_word' id='word_1_391' title='bbox 1063 3799 1188 3862; x_wconf 89' lang='lat' dir='ltr'><strong><em>liberum</em></strong></span> <span class='ocrx_word' id='word_1_392' title='bbox 1209 3800 1342 3872; x_wconf 83' lang='lat' dir='ltr'><strong><em>vocitari,</em></strong></span> <span class='ocrx_word' id='word_1_393' title='bbox 1365 3794 1437 3858; x_wconf 89' lang='lat' dir='ltr'><strong><em>haud</em></strong></span> <span class='ocrx_word' id='word_1_394' title='bbox 1451 3789 1493 3850; x_wconf 80' lang='lat' dir='ltr'><strong><em>dt·</em></strong></span> 
     </span>
     <span class='ocr_line' id='line_1_41' title="bbox 300 3881 1494 4028; baseline -0.008 -84"><span class='ocrx_word' id='word_1_395' title='bbox 300 3883 349 3945; x_wconf 89' lang='lat' dir='ltr'><strong><em>bie</em></strong></span> <span class='ocrx_word' id='word_1_396' title='bbox 371 3883 438 3962; x_wconf 86' lang='lat' dir='ltr'><strong><em>quia</em></strong></span> <span class='ocrx_word' id='word_1_397' title='bbox 446 3881 622 4028; x_wconf 88' lang='lat' dir='ltr'><strong><em>blautissima</em></strong></span> <span class='ocrx_word' id='word_1_398' title='bbox 646 3891 717 3955; x_wconf 87' lang='lat' dir='ltr'><strong><em>erat,</em></strong></span> <span class='ocrx_word' id='word_1_399' title='bbox 740 3901 774 3944; x_wconf 92' lang='lat' dir='ltr'><strong><em>ac</em></strong></span> <span class='ocrx_word' id='word_1_400' title='bbox 795 3881 971 3962; x_wconf 82' lang='lat' dir='ltr'><strong><em>gladiatores</em></strong></span> <span class='ocrx_word' id='word_1_401' title='bbox 994 3883 1068 3945; x_wconf 92' lang='lat' dir='ltr'><strong><em>cibis</em></strong></span> <span class='ocrx_word' id='word_1_402' title='bbox 1090 3884 1126 3944; x_wconf 88' lang='lat' dir='ltr'><strong><em>ad</em></strong></span> <span class='ocrx_word' id='word_1_403' title='bbox 1148 3883 1262 3945; x_wconf 91' lang='lat' dir='ltr'><strong><em>libitum</em></strong></span> <span class='ocrx_word' id='word_1_404' title='bbox 1277 3881 1421 3964; x_wconf 87' lang='lat' dir='ltr'><strong><em>appositis</em></strong></span> <span class='ocrx_word' id='word_1_405' title='bbox 1441 3887 1494 3936; x_wconf 85' lang='lat' dir='ltr'><strong><em>sess</em></strong></span> 
     </span>
     <span class='ocr_line' id='line_1_42' title="bbox 301 3965 1183 4048; baseline -0.001 -20"><span class='ocrx_word' id='word_1_406' title='bbox 301 3967 444 4048; x_wconf 76' lang='lat' dir='ltr'><strong><em>ingurgito</em></strong></span> <span class='ocrx_word' id='word_1_407' title='bbox 466 3975 526 4028; x_wconf 83' lang='lat' dir='ltr'><strong><em>aut</em></strong></span> <span class='ocrx_word' id='word_1_408' title='bbox 1179 3965 1183 3974; x_wconf 59' lang='lat'><strong>⁴</strong></span> 
     </span>
    </p>
   </div>
   <div class='ocr_carea' id='block_1_5' title="bbox 300 4083 1495 4570">
    <p class='ocr_par' dir='ltr' id='par_1_10' title="bbox 300 4083 1495 4570">
     <span class='ocr_line' id='line_1_43' title="bbox 386 4083 1494 4166; baseline -0.005 -19"><span class='ocrx_word' id='word_1_409' title='bbox 386 4085 544 4147; x_wconf 84' lang='lat' dir='ltr'><strong><em>Christiani</em></strong></span> <span class='ocrx_word' id='word_1_410' title='bbox 572 4101 641 4163; x_wconf 88' lang='lat' dir='ltr'><strong><em>ergo</em></strong></span> <span class='ocrx_word' id='word_1_411' title='bbox 663 4083 795 4164; x_wconf 87' lang='lat' dir='ltr'><strong><em>publicas</em></strong></span> <span class='ocrx_word' id='word_1_412' title='bbox 816 4085 880 4147; x_wconf 90' lang='lat' dir='ltr'><strong><em>illas</em></strong></span> <span class='ocrx_word' id='word_1_413' title='bbox 903 4103 1009 4148; x_wconf 88' lang='lat' dir='ltr'><strong><em>coenas</em></strong></span> <span class='ocrx_word' id='word_1_414' title='bbox 1039 4087 1143 4147; x_wconf 84' lang='lat' dir='ltr'><strong><em>merito</em></strong></span> <span class='ocrx_word' id='word_1_415' title='bbox 1172 4087 1380 4166; x_wconf 87' lang='lat' dir='ltr'><strong><em>repudiabant,</em></strong></span> <span class='ocrx_word' id='word_1_416' title='bbox 1412 4083 1494 4157; x_wconf 82' lang='lat' dir='ltr'><strong><em>utpute</em></strong></span> 
     </span>
     <span class='ocr_line' id='line_1_44' title="bbox 302 4169 1494 4250; baseline 0 -20"><span class='ocrx_word' id='word_1_417' title='bbox 302 4187 375 4248; x_wconf 88' lang='lat' dir='ltr'><strong><em>quae</em></strong></span> <span class='ocrx_word' id='word_1_418' title='bbox 403 4169 432 4229; x_wconf 90' lang='lat' dir='ltr'><strong><em>in</em></strong></span> <span class='ocrx_word' id='word_1_419' title='bbox 461 4169 565 4231; x_wconf 87' lang='lat' dir='ltr'><strong><em>Bacchi</em></strong></span> <span class='ocrx_word' id='word_1_420' title='bbox 592 4169 735 4230; x_wconf 91' lang='lat' dir='ltr'><strong><em>honorem</em></strong></span> <span class='ocrx_word' id='word_1_421' title='bbox 764 4189 798 4232; x_wconf 89' lang='lat' dir='ltr'><strong><em>ac</em></strong></span> <span class='ocrx_word' id='word_1_422' title='bbox 824 4170 1053 4250; x_wconf 86' lang='lat' dir='ltr'><strong><em>intemperanter</em></strong></span> <span class='ocrx_word' id='word_1_423' title='bbox 1079 4171 1231 4232; x_wconf 90' lang='lat' dir='ltr'><strong><em>dabantur.</em></strong></span> <span class='ocrx_word' id='word_1_424' title='bbox 1276 4171 1394 4233; x_wconf 89' lang='lat' dir='ltr'><strong><em>Nullum</em></strong></span> <span class='ocrx_word' id='word_1_425' title='bbox 1415 4173 1494 4225; x_wconf 81' lang='lat' dir='ltr'><strong><em>nmen</em></strong></span> 
     </span>
     <span class='ocr_line' id='line_1_45' title="bbox 303 4249 1493 4335; baseline -0.008 -22"><span class='ocrx_word' id='word_1_426' title='bbox 303 4252 440 4314; x_wconf 91' lang='lat' dir='ltr'><strong><em>damnum</em></strong></span> <span class='ocrx_word' id='word_1_427' title='bbox 462 4254 552 4317; x_wconf 90' lang='lat' dir='ltr'><strong><em>rebus</em></strong></span> <span class='ocrx_word' id='word_1_428' title='bbox 575 4251 700 4335; x_wconf 90' lang='lat' dir='ltr'><strong><em>puhlicis</em></strong></span> <span class='ocrx_word' id='word_1_429' title='bbox 723 4253 790 4317; x_wconf 91' lang='lat' dir='ltr'><strong><em>iude</em></strong></span> <span class='ocrx_word' id='word_1_430' title='bbox 813 4255 975 4317; x_wconf 87' lang='lat' dir='ltr'><strong><em>accedebat.</em></strong></span> <span class='ocrx_word' id='word_1_431' title='bbox 1018 4255 1091 4317; x_wconf 91' lang='lat' dir='ltr'><strong><em>Nam</em></strong></span> <span class='ocrx_word' id='word_1_432' title='bbox 1113 4256 1223 4326; x_wconf 85' lang='lat' dir='ltr'><strong><em>ubiubi,</em></strong></span> <span class='ocrx_word' id='word_1_433' title='bbox 1248 4257 1292 4318; x_wconf 91' lang='lat' dir='ltr'><strong><em>sic</em></strong></span> <span class='ocrx_word' id='word_1_434' title='bbox 1313 4249 1493 4316; x_wconf 86' lang='lat' dir='ltr'><strong><em>Tertullianus</em></strong></span> 
     </span>
     <span class='ocr_line' id='line_1_46' title="bbox 303 4335 1494 4421; baseline -0.001 -23"><span class='ocrx_word' id='word_1_435' title='bbox 303 4337 462 4417; x_wconf 87' lang='lat' dir='ltr'><strong><em>quemlibet</em></strong></span> <span class='ocrx_word' id='word_1_436' title='bbox 482 4339 629 4402; x_wconf 87' lang='lat' dir='ltr'><strong><em>ethnicum</em></strong></span> <span class='ocrx_word' id='word_1_437' title='bbox 652 4339 818 4420; x_wconf 90' lang='lat' dir='ltr'><strong><em>alloquitur,</em></strong></span> <span class='ocrx_word' id='word_1_438' title='bbox 842 4340 876 4401; x_wconf 89' lang='lat' dir='ltr'><strong><em>de</em></strong></span> <span class='ocrx_word' id='word_1_439' title='bbox 898 4345 990 4421; x_wconf 88' lang='lat' dir='ltr'><strong><em>copiis</em></strong></span> <span class='ocrx_word' id='word_1_440' title='bbox 1012 4345 1073 4404; x_wconf 87' lang='lat' dir='ltr'><strong><em>tuis</em></strong></span> <span class='ocrx_word' id='word_1_441' title='bbox 1096 4359 1194 4413; x_wconf 85' lang='lat' dir='ltr'><strong><em>coeno,</em></strong></span> <span class='ocrx_word' id='word_1_442' title='bbox 1218 4341 1248 4402; x_wconf 92' lang='lat' dir='ltr'><strong><em>id</em></strong></span> <span class='ocrx_word' id='word_1_443' title='bbox 1270 4335 1494 4411; x_wconf 68' lang='lat' dir='ltr'><strong><em>essetisque</em></strong></span> 
     </span>
     <span class='ocr_line' id='line_1_47' title="bbox 301 4419 1495 4520; baseline -0.002 -37"><span class='ocrx_word' id='word_1_444' title='bbox 301 4439 319 4483; x_wconf 89' lang='lat' dir='ltr'><strong><em>a</em></strong></span> <span class='ocrx_word' id='word_1_445' title='bbox 341 4422 400 4484; x_wconf 90' lang='lat' dir='ltr'><strong><em>tuis</em></strong></span> <span class='ocrx_word' id='word_1_446' title='bbox 423 4422 578 4520; x_wconf 83' lang='lat' dir='ltr'><strong><em>gentilibus</em></strong></span> <span class='ocrx_word' id='word_1_447' title='bbox 601 4425 631 4486; x_wconf 92' lang='lat' dir='ltr'><strong><em>in</em></strong></span> <span class='ocrx_word' id='word_1_448' title='bbox 653 4443 827 4505; x_wconf 81' lang='lat' dir='ltr'><strong><em>quocunque</em></strong></span> <span class='ocrx_word' id='word_1_449' title='bbox 847 4423 964 4508; x_wconf 90' lang='lat' dir='ltr'><strong><em>publico</em></strong></span> <span class='ocrx_word' id='word_1_450' title='bbox 987 4424 1053 4487; x_wconf 90' lang='lat' dir='ltr'><strong><em>locu</em></strong></span> <span class='ocrx_word' id='word_1_451' title='bbox 1074 4423 1156 4487; x_wconf 88' lang='lat' dir='ltr'><strong><em>lalsis</em></strong></span> <span class='ocrx_word' id='word_1_452' title='bbox 1179 4426 1236 4489; x_wconf 89' lang='lat' dir='ltr'><strong><em>diis</em></strong></span> <span class='ocrx_word' id='word_1_453' title='bbox 1257 4443 1318 4489; x_wconf 87' lang='lat' dir='ltr'><strong><em>non</em></strong></span> <span class='ocrx_word' id='word_1_454' title='bbox 1340 4419 1495 4487; x_wconf 73' lang='lat' dir='ltr'><strong><em>coaseualt</em></strong></span> 
     </span>
     <span class='ocr_line' id='line_1_48' title="bbox 300 4524 572 4570; baseline -0.004 -1"><span class='ocrx_word' id='word_1_455' title='bbox 300 4525 401 4569; x_wconf 87' lang='lat' dir='ltr'><strong><em>emere</em></strong></span> <span class='ocrx_word' id='word_1_456' title='bbox 423 4524 572 4570; x_wconf 77' lang='lat' dir='ltr'><strong><em>consuevi.</em></strong></span> 
     </span>
    </p>
   </div>
   <div class='ocr_carea' id='block_1_6' title="bbox 0 0 1606 5250">
    <p class='ocr_par' dir='ltr' id='par_1_11' title="bbox 0 0 1606 5250">
     <span class='ocr_line' id='line_1_49' title="bbox 0 0 1606 5250; baseline 0 0"><span class='ocrx_word' id='word_1_457' title='bbox 0 0 1606 5250; x_wconf 95' lang='lat' dir='ltr'><strong><em> </em></strong></span> 
     </span>
    </p>
   </div>
  </div>
 </body>
</html>
