<?xml version="1.0" encoding="UTF-8"?>
<!DOCTYPE html PUBLIC "-//W3C//DTD XHTML 1.0 Transitional//EN"
    "http://www.w3.org/TR/xhtml1/DTD/xhtml1-transitional.dtd">
<html xmlns="http://www.w3.org/1999/xhtml" xml:lang="en" lang="en">
 <head>
  <title>
</title>
<meta http-equiv="Content-Type" content="text/html;charset=utf-8" />
  <meta name='ocr-system' content='tesseract 3.04.00' />
  <meta name='ocr-capabilities' content='ocr_page ocr_carea ocr_par ocr_line ocrx_word'/>
</head>
<body>
  <div class='ocr_page' id='page_1' title='image "./quaesupersuntom01oehlgoog_0444.png"; bbox 0 0 3196 5250; ppageno 0'>
   <div class='ocr_carea' id='block_1_1' title="bbox 551 399 977 446">
    <p class='ocr_par' dir='ltr' id='par_1_1' title="bbox 551 399 977 446">
     <span class='ocr_line' id='line_1_1' title="bbox 551 399 977 446; baseline 0.002 -1"><span class='ocrx_word' id='word_1_1' title='bbox 551 399 686 446; x_wconf 66' lang='lat' dir='ltr'><strong>AUCYQRE</strong></span> <span class='ocrx_word' id='word_1_2' title='bbox 707 401 767 446; x_wconf 77' lang='lat' dir='ltr'><strong>MC·</strong></span> <span class='ocrx_word' id='word_1_3' title='bbox 788 401 827 445; x_wconf 80' lang='lat' dir='ltr'><strong>ut</strong></span> <span class='ocrx_word' id='word_1_4' title='bbox 848 399 977 446; x_wconf 66' lang='lat' dir='ltr'><strong>Nomi·</strong></span> 
     </span>
    </p>
   </div>
   <div class='ocr_carea' id='block_1_2' title="bbox 308 550 1293 887">
    <p class='ocr_par' dir='ltr' id='par_1_2' title="bbox 308 550 1115 818">
     <span class='ocr_line' id='line_1_2' title="bbox 310 550 1115 635; baseline 0.002 -21"><span class='ocrx_word' id='word_1_5' title='bbox 310 551 458 614; x_wconf 75' lang='lat' dir='ltr'><strong>Laudmo.</strong></span> <span class='ocrx_word' id='word_1_6' title='bbox 495 550 661 616; x_wconf 82' lang='lat' dir='ltr'><strong>Scortater</strong></span> <span class='ocrx_word' id='word_1_7' title='bbox 683 557 736 626; x_wconf 86' lang='lat' dir='ltr'><strong>ait,</strong></span> <span class='ocrx_word' id='word_1_8' title='bbox 760 571 833 616; x_wconf 84' lang='lat' dir='ltr'><strong>case</strong></span> <span class='ocrx_word' id='word_1_9' title='bbox 854 564 883 616; x_wconf 89' lang='lat' dir='ltr'><strong>te</strong></span> <span class='ocrx_word' id='word_1_10' title='bbox 904 563 1008 635; x_wconf 80' lang='lat' dir='ltr'><strong>roget:</strong></span> <span class='ocrx_word' id='word_1_11' title='bbox 1029 553 1115 617; x_wconf 85' lang='lat' dir='ltr'><strong>ultro</strong></span> 
     </span>
     <span class='ocr_line' id='line_1_3' title="bbox 309 635 1036 718; baseline 0.006 -22"><span class='ocrx_word' id='word_1_12' title='bbox 309 635 479 716; x_wconf 72' lang='lat' dir='ltr'><strong><em>Penelopen</em></strong></span> <span class='ocrx_word' id='word_1_13' title='bbox 499 636 603 715; x_wconf 72' lang='lat' dir='ltr'><strong>faeib&#39;r</strong></span> <span class='ocrx_word' id='word_1_14' title='bbox 622 641 741 718; x_wconf 88' lang='lat' dir='ltr'><strong>potiori</strong></span> <span class='ocrx_word' id='word_1_15' title='bbox 760 639 857 700; x_wconf 88' lang='lat' dir='ltr'><strong>trade.</strong></span> <span class='ocrx_word' id='word_1_16' title='bbox 900 636 1036 702; x_wconf 67' lang='lat' dir='ltr'><strong>Mosae</strong></span> 
     </span>
     <span class='ocr_line' id='line_1_4' title="bbox 308 717 1043 818; baseline 0.005 -38"><span class='ocrx_word' id='word_1_17' title='bbox 308 717 440 784; x_wconf 86' lang='lat' dir='ltr'><strong>Perduei</strong></span> <span class='ocrx_word' id='word_1_18' title='bbox 455 724 573 801; x_wconf 86' lang='lat' dir='ltr'><strong>poterit</strong></span> <span class='ocrx_word' id='word_1_19' title='bbox 595 733 657 784; x_wconf 88' lang='lat' dir='ltr'><strong>tam</strong></span> <span class='ocrx_word' id='word_1_20' title='bbox 676 722 766 802; x_wconf 72' lang='lat' dir='ltr'><strong>frugi</strong></span> <span class='ocrx_word' id='word_1_21' title='bbox 785 733 902 804; x_wconf 82' lang='lat' dir='ltr'><strong>tamque</strong></span> <span class='ocrx_word' id='word_1_22' title='bbox 919 724 1043 818; x_wconf 85' lang='lat' dir='ltr'><strong>pudica.</strong></span> 
     </span>
    </p>

    <p class='ocr_par' dir='ltr' id='par_1_3' title="bbox 592 803 1293 887">
     <span class='ocr_line' id='line_1_5' title="bbox 592 803 1293 887; baseline 0.003 -21"><span class='ocrx_word' id='word_1_23' title='bbox 592 803 708 879; x_wconf 85' lang='lat' dir='ltr'><strong>(Horat.</strong></span> <span class='ocrx_word' id='word_1_24' title='bbox 731 805 783 868; x_wconf 90' lang='lat' dir='ltr'><strong>lib.</strong></span> <span class='ocrx_word' id='word_1_25' title='bbox 806 805 842 868; x_wconf 92' lang='lat'><strong>11.</strong></span> <span class='ocrx_word' id='word_1_26' title='bbox 867 805 954 870; x_wconf 75' lang='lat' dir='ltr'><strong>Satur.</strong></span> <span class='ocrx_word' id='word_1_27' title='bbox 976 805 1011 868; x_wconf 86' lang='lat' dir='ltr'><strong>V.</strong></span> <span class='ocrx_word' id='word_1_28' title='bbox 1033 826 1060 868; x_wconf 86' lang='lat' dir='ltr'><strong>r.</strong></span> <span class='ocrx_word' id='word_1_29' title='bbox 1084 809 1124 872; x_wconf 81' lang='lat' dir='ltr'><strong>ts</strong></span> <span class='ocrx_word' id='word_1_30' title='bbox 1148 815 1178 869; x_wconf 82' lang='lat' dir='ltr'><strong>et</strong></span> <span class='ocrx_word' id='word_1_31' title='bbox 1198 813 1293 887; x_wconf 87' lang='lat' dir='ltr'><strong>seqq.)</strong></span> 
     </span>
    </p>
   </div>
   <div class='ocr_carea' id='block_1_3' title="bbox 148 916 1442 2184">
    <p class='ocr_par' dir='ltr' id='par_1_4' title="bbox 148 916 1442 2184">
     <span class='ocr_line' id='line_1_6' title="bbox 150 916 1380 1004; baseline 0.002 -18"><span class='ocrx_word' id='word_1_32' title='bbox 150 921 293 986; x_wconf 87' lang='lat' dir='ltr'><strong>Eiusdem</strong></span> <span class='ocrx_word' id='word_1_33' title='bbox 316 916 427 983; x_wconf 81' lang='lat' dir='ltr'><strong>lariu&#39;ae</strong></span> <span class='ocrx_word' id='word_1_34' title='bbox 449 929 534 982; x_wconf 89' lang='lat' dir='ltr'><strong>eraut</strong></span> <span class='ocrx_word' id='word_1_35' title='bbox 554 923 717 1004; x_wconf 73' lang='lat' dir='ltr'><em>aquarioli,</em></span> <span class='ocrx_word' id='word_1_36' title='bbox 759 923 818 1002; x_wconf 87' lang='lat' dir='ltr'><strong>qui,</strong></span> <span class='ocrx_word' id='word_1_37' title='bbox 850 931 883 986; x_wconf 90' lang='lat' dir='ltr'><strong>ut</strong></span> <span class='ocrx_word' id='word_1_38' title='bbox 904 924 945 985; x_wconf 90' lang='lat' dir='ltr'><strong>ait</strong></span> <span class='ocrx_word' id='word_1_39' title='bbox 965 921 1082 1000; x_wconf 79' lang='lat' dir='ltr'><strong>Festus,</strong></span> <span class='ocrx_word' id='word_1_40' title='bbox 1112 925 1289 987; x_wconf 81' lang='lat' dir='ltr'><strong>dicebamur</strong></span> <span class='ocrx_word' id='word_1_41' title='bbox 1310 945 1380 990; x_wconf 87' lang='lat' dir='ltr'><strong>mu-</strong></span> 
     </span>
     <span class='ocr_line' id='line_1_7' title="bbox 154 1005 1377 1088; baseline 0.002 -18"><span class='ocrx_word' id='word_1_42' title='bbox 154 1009 265 1070; x_wconf 90' lang='lat' dir='ltr'><strong>lierum</strong></span> <span class='ocrx_word' id='word_1_43' title='bbox 285 1005 507 1086; x_wconf 84' lang='lat' dir='ltr'><strong>impudicarum</strong></span> <span class='ocrx_word' id='word_1_44' title='bbox 529 1007 649 1070; x_wconf 81' lang='lat' dir='ltr'><strong>sordidi</strong></span> <span class='ocrx_word' id='word_1_45' title='bbox 668 1006 801 1070; x_wconf 85' lang='lat' dir='ltr'><strong>asseclae</strong></span> <span class='ocrx_word' id='word_1_46' title='bbox 824 1007 914 1081; x_wconf 82' lang='lat' dir='ltr'><strong>(Fest.</strong></span> <span class='ocrx_word' id='word_1_47' title='bbox 931 1007 981 1069; x_wconf 93' lang='lat' dir='ltr'><strong>lib.</strong></span> <span class='ocrx_word' id='word_1_48' title='bbox 997 1008 1061 1070; x_wconf 83' lang='lat' dir='ltr'><strong>XX.</strong></span> <span class='ocrx_word' id='word_1_49' title='bbox 1084 1008 1121 1070; x_wconf 89' lang='lat' dir='ltr'><strong>de</strong></span> <span class='ocrx_word' id='word_1_50' title='bbox 1144 1008 1272 1088; x_wconf 82' lang='lat' dir='ltr'><strong>Signidc.</strong></span> <span class='ocrx_word' id='word_1_51' title='bbox 1289 1009 1377 1073; x_wconf 90' lang='lat' dir='ltr'><strong>Verb.</strong></span> 
     </span>
     <span class='ocr_line' id='line_1_8' title="bbox 152 1088 1378 1172; baseline 0.003 -18"><span class='ocrx_word' id='word_1_52' title='bbox 152 1091 191 1154; x_wconf 89' lang='lat' dir='ltr'><strong>ad</strong></span> <span class='ocrx_word' id='word_1_53' title='bbox 219 1109 246 1151; x_wconf 82' lang='lat' dir='ltr'><strong>u.</strong></span> <span class='ocrx_word' id='word_1_54' title='bbox 275 1088 448 1170; x_wconf 74' lang='lat' dir='ltr'><strong>Aquariolip.</strong></span> <span class='ocrx_word' id='word_1_55' title='bbox 505 1089 706 1163; x_wconf 82' lang='lat' dir='ltr'><strong>Quamobrem</strong></span> <span class='ocrx_word' id='word_1_56' title='bbox 739 1090 775 1152; x_wconf 93' lang='lat' dir='ltr'><strong>ab</strong></span> <span class='ocrx_word' id='word_1_57' title='bbox 807 1091 931 1172; x_wconf 83' lang='lat' dir='ltr'><strong>Apuleio</strong></span> <span class='ocrx_word' id='word_1_58' title='bbox 964 1101 1146 1155; x_wconf 89' lang='lat' dir='ltr'><strong>memoratur</strong></span> <span class='ocrx_word' id='word_1_59' title='bbox 1179 1094 1378 1160; x_wconf 70' lang='lat' dir='ltr'><strong>exacerbatus</strong></span> 
     </span>
     <span class='ocr_line' id='line_1_9' title="bbox 151 1171 1379 1258; baseline 0.002 -20"><span class='ocrx_word' id='word_1_60' title='bbox 151 1171 334 1258; x_wconf 88' lang='lat' dir='ltr'><strong>aquariolus</strong></span> <span class='ocrx_word' id='word_1_61' title='bbox 356 1177 466 1236; x_wconf 83' lang='lat' dir='ltr'><strong>ucort&#39;s</strong></span> <span class='ocrx_word' id='word_1_62' title='bbox 489 1194 561 1237; x_wconf 92' lang='lat' dir='ltr'><strong>suae</strong></span> <span class='ocrx_word' id='word_1_63' title='bbox 584 1175 748 1255; x_wconf 79' lang='lat' dir='ltr'><strong>impudicae</strong></span> <span class='ocrx_word' id='word_1_64' title='bbox 782 1183 811 1237; x_wconf 89' lang='lat' dir='ltr'><strong>et</strong></span> <span class='ocrx_word' id='word_1_65' title='bbox 833 1175 996 1242; x_wconf 88' lang='lat' dir='ltr'><strong>meretricis</strong></span> <span class='ocrx_word' id='word_1_66' title='bbox 1025 1175 1121 1257; x_wconf 80' lang='lat' dir='ltr'><strong>(Apul.</strong></span> <span class='ocrx_word' id='word_1_67' title='bbox 1155 1177 1289 1257; x_wconf 69' lang='lat' dir='ltr'><strong>apolog·</strong></span> <span class='ocrx_word' id='word_1_68' title='bbox 1312 1185 1379 1242; x_wconf 87' lang='lat' dir='ltr'><strong>autc</strong></span> 
     </span>
     <span class='ocr_line' id='line_1_10' title="bbox 151 1257 1378 1340; baseline 0.002 -18"><span class='ocrx_word' id='word_1_69' title='bbox 151 1257 232 1322; x_wconf 89' lang='lat' dir='ltr'><strong>med.</strong></span> <span class='ocrx_word' id='word_1_70' title='bbox 255 1269 329 1339; x_wconf 72' lang='lat' dir='ltr'><strong>pag:</strong></span> <span class='ocrx_word' id='word_1_71' title='bbox 345 1259 441 1335; x_wconf 73' lang='lat' dir='ltr'><strong>aba).</strong></span> <span class='ocrx_word' id='word_1_72' title='bbox 491 1257 684 1340; x_wconf 76' lang='lat' dir='ltr'><strong>spurcissimi</strong></span> <span class='ocrx_word' id='word_1_73' title='bbox 715 1267 812 1322; x_wconf 90' lang='lat' dir='ltr'><strong>autem</strong></span> <span class='ocrx_word' id='word_1_74' title='bbox 839 1259 1009 1324; x_wconf 90' lang='lat' dir='ltr'><strong>huiusmodi</strong></span> <span class='ocrx_word' id='word_1_75' title='bbox 1037 1261 1174 1323; x_wconf 89' lang='lat' dir='ltr'><strong>homines</strong></span> <span class='ocrx_word' id='word_1_76' title='bbox 1203 1261 1378 1325; x_wconf 88' lang='lat' dir='ltr'><strong>mulieribus</strong></span> 
     </span>
     <span class='ocr_line' id='line_1_11' title="bbox 151 1341 1379 1428; baseline 0.002 -22"><span class='ocrx_word' id='word_1_77' title='bbox 151 1361 259 1424; x_wconf 89' lang='lat' dir='ltr'><strong>aquam</strong></span> <span class='ocrx_word' id='word_1_78' title='bbox 287 1341 323 1406; x_wconf 87' lang='lat' dir='ltr'><strong>ad</strong></span> <span class='ocrx_word' id='word_1_79' title='bbox 352 1341 457 1404; x_wconf 88' lang='lat' dir='ltr'><strong>sordes</strong></span> <span class='ocrx_word' id='word_1_80' title='bbox 485 1342 643 1405; x_wconf 89' lang='lat' dir='ltr'><strong>abluendas</strong></span> <span class='ocrx_word' id='word_1_81' title='bbox 670 1343 874 1428; x_wconf 80' lang='lat' dir='ltr'><strong>adportabant,</strong></span> <span class='ocrx_word' id='word_1_82' title='bbox 922 1345 959 1406; x_wconf 79' lang='lat' dir='ltr'><strong>tt</strong></span> <span class='ocrx_word' id='word_1_83' title='bbox 992 1345 1074 1420; x_wconf 85' lang='lat' dir='ltr'><strong>vide,</strong></span> <span class='ocrx_word' id='word_1_84' title='bbox 1116 1364 1244 1426; x_wconf 86' lang='lat' dir='ltr'><strong>quaeso,</strong></span> <span class='ocrx_word' id='word_1_85' title='bbox 1279 1353 1379 1410; x_wconf 89' lang='lat' dir='ltr'><strong>utrum</strong></span> 
     </span>
     <span class='ocr_line' id='line_1_12' title="bbox 153 1427 1378 1510; baseline 0.002 -20"><span class='ocrx_word' id='word_1_86' title='bbox 153 1429 223 1490; x_wconf 82' lang='lat' dir='ltr'><strong>nuic</strong></span> <span class='ocrx_word' id='word_1_87' title='bbox 243 1427 445 1508; x_wconf 86' lang='lat' dir='ltr'><strong>impurissimo</strong></span> <span class='ocrx_word' id='word_1_88' title='bbox 467 1427 620 1490; x_wconf 89' lang='lat' dir='ltr'><strong>hominum</strong></span> <span class='ocrx_word' id='word_1_89' title='bbox 643 1429 723 1508; x_wconf 87' lang='lat' dir='ltr'><strong>gregi</strong></span> <span class='ocrx_word' id='word_1_90' title='bbox 745 1427 958 1491; x_wconf 87' lang='lat' dir='ltr'><strong>adscribendus</strong></span> <span class='ocrx_word' id='word_1_91' title='bbox 982 1431 1022 1492; x_wconf 89' lang='lat' dir='ltr'><strong>sit</strong></span> <span class='ocrx_word' id='word_1_92' title='bbox 1044 1429 1225 1493; x_wconf 87' lang='lat' dir='ltr'><strong>Commodus</strong></span> <span class='ocrx_word' id='word_1_93' title='bbox 1247 1430 1378 1510; x_wconf 89' lang='lat' dir='ltr'><strong>impera·</strong></span> 
     </span>
     <span class='ocr_line' id='line_1_13' title="bbox 153 1511 1379 1593; baseline 0.002 -19"><span class='ocrx_word' id='word_1_94' title='bbox 153 1523 212 1586; x_wconf 91' lang='lat' dir='ltr'><strong>tor,</strong></span> <span class='ocrx_word' id='word_1_95' title='bbox 240 1511 278 1574; x_wconf 90' lang='lat' dir='ltr'><strong>dc</strong></span> <span class='ocrx_word' id='word_1_96' title='bbox 300 1529 359 1591; x_wconf 89' lang='lat' dir='ltr'><strong>quo</strong></span> <span class='ocrx_word' id='word_1_97' title='bbox 381 1511 455 1573; x_wconf 89' lang='lat' dir='ltr'><strong>haec</strong></span> <span class='ocrx_word' id='word_1_98' title='bbox 475 1511 662 1593; x_wconf 79' lang='lat' dir='ltr'><strong>Lampridius</strong></span> <span class='ocrx_word' id='word_1_99' title='bbox 684 1513 846 1575; x_wconf 88' lang='lat' dir='ltr'><strong>memoriae</strong></span> <span class='ocrx_word' id='word_1_100' title='bbox 873 1512 1019 1593; x_wconf 81' lang='lat' dir='ltr'><strong>prodidit:</strong></span> <span class='ocrx_word' id='word_1_101' title='bbox 1054 1513 1280 1578; x_wconf 74' lang='lat' dir='ltr'><strong>Gladiatoribus</strong></span> <span class='ocrx_word' id='word_1_102' title='bbox 1305 1533 1379 1577; x_wconf 85' lang='lat' dir='ltr'><strong>con-</strong></span> 
     </span>
     <span class='ocr_line' id='line_1_14' title="bbox 148 1597 1379 1679; baseline -0.001 -17"><span class='ocrx_word' id='word_1_103' title='bbox 148 1599 243 1672; x_wconf 81' lang='lat' dir='ltr'><strong>eicit,</strong></span> <span class='ocrx_word' id='word_1_104' title='bbox 265 1615 374 1678; x_wconf 77' lang='lat' dir='ltr'><strong>aquam</strong></span> <span class='ocrx_word' id='word_1_105' title='bbox 393 1601 495 1677; x_wconf 83' lang='lat' dir='ltr'><strong>pessit,</strong></span> <span class='ocrx_word' id='word_1_106' title='bbox 516 1611 553 1661; x_wconf 89' lang='lat' dir='ltr'><strong>ut</strong></span> <span class='ocrx_word' id='word_1_107' title='bbox 574 1597 715 1660; x_wconf 80' lang='lat' dir='ltr'><strong>lenonum</strong></span> <span class='ocrx_word' id='word_1_108' title='bbox 734 1601 875 1661; x_wconf 72' lang='lat' dir='ltr'><strong>minister</strong></span> <span class='ocrx_word' id='word_1_109' title='bbox 894 1597 1057 1679; x_wconf 85' lang='lat' dir='ltr'><strong>(Lamprid.</strong></span> <span class='ocrx_word' id='word_1_110' title='bbox 1073 1597 1105 1662; x_wconf 91' lang='lat' dir='ltr'><strong>iu</strong></span> <span class='ocrx_word' id='word_1_111' title='bbox 1120 1599 1184 1660; x_wconf 85' lang='lat' dir='ltr'><strong>Vita</strong></span> <span class='ocrx_word' id='word_1_112' title='bbox 1200 1599 1379 1678; x_wconf 82' lang='lat' dir='ltr'><strong>Commodi).</strong></span> 
     </span>
     <span class='ocr_line' id='line_1_15' title="bbox 153 1681 1378 1764; baseline 0.002 -20"><span class='ocrx_word' id='word_1_113' title='bbox 153 1681 358 1755; x_wconf 79' lang='lat' dir='ltr'><strong>Quorumdam</strong></span> <span class='ocrx_word' id='word_1_114' title='bbox 371 1681 590 1761; x_wconf 41' lang='lat' dir='ltr'><strong>,tamenopinio</strong></span> <span class='ocrx_word' id='word_1_115' title='bbox 613 1691 658 1744; x_wconf 88' lang='lat' dir='ltr'><strong>est</strong></span> <span class='ocrx_word' id='word_1_116' title='bbox 678 1681 821 1762; x_wconf 85' lang='lat' dir='ltr'><strong>aquarioli</strong></span> <span class='ocrx_word' id='word_1_117' title='bbox 842 1682 963 1744; x_wconf 89' lang='lat' dir='ltr'><strong>nomine</strong></span> <span class='ocrx_word' id='word_1_118' title='bbox 986 1681 1144 1764; x_wconf 83' lang='lat' dir='ltr'><strong>significari</strong></span> <span class='ocrx_word' id='word_1_119' title='bbox 1165 1681 1378 1758; x_wconf 83' lang='lat' dir='ltr'><strong>balneatorem,</strong></span> 
     </span>
     <span class='ocr_line' id='line_1_16' title="bbox 151 1761 1442 1850; baseline 0.002 -22"><span class='ocrx_word' id='word_1_120' title='bbox 151 1766 205 1845; x_wconf 89' lang='lat' dir='ltr'><strong>qui</strong></span> <span class='ocrx_word' id='word_1_121' title='bbox 227 1764 384 1828; x_wconf 84' lang='lat' dir='ltr'><strong>lavantium</strong></span> <span class='ocrx_word' id='word_1_122' title='bbox 406 1773 504 1828; x_wconf 85' lang='lat' dir='ltr'><strong>restes</strong></span> <span class='ocrx_word' id='word_1_123' title='bbox 527 1761 711 1830; x_wconf 81' lang='lat' dir='ltr'><strong>custodiebat</strong></span> <span class='ocrx_word' id='word_1_124' title='bbox 732 1785 766 1828; x_wconf 90' lang='lat' dir='ltr'><strong>ac</strong></span> <span class='ocrx_word' id='word_1_125' title='bbox 786 1765 1017 1830; x_wconf 77' lang='lat' dir='ltr'><strong>lenocinabatur.</strong></span> <span class='ocrx_word' id='word_1_126' title='bbox 1061 1767 1134 1830; x_wconf 90' lang='lat' dir='ltr'><strong>lndc</strong></span> <span class='ocrx_word' id='word_1_127' title='bbox 1156 1767 1278 1830; x_wconf 86' lang='lat' dir='ltr'><strong>canebat</strong></span> <span class='ocrx_word' id='word_1_128' title='bbox 1297 1767 1378 1830; x_wconf 85' lang='lat' dir='ltr'><strong>blar-</strong></span> <span class='ocrx_word' id='word_1_129' title='bbox 1438 1841 1442 1850; x_wconf 29' lang='lat'>¹</span> 
     </span>
     <span class='ocr_line' id='line_1_17' title="bbox 309 1933 917 1999; baseline 0 -1"><span class='ocrx_word' id='word_1_130' title='bbox 309 1935 382 1998; x_wconf 78' lang='lat' dir='ltr'><strong>oum</strong></span> <span class='ocrx_word' id='word_1_131' title='bbox 403 1945 430 1996; x_wconf 90' lang='lat' dir='ltr'><strong>te</strong></span> <span class='ocrx_word' id='word_1_132' title='bbox 453 1933 580 1996; x_wconf 87' lang='lat' dir='ltr'><strong>lucerna</strong></span> <span class='ocrx_word' id='word_1_133' title='bbox 602 1933 760 1998; x_wconf 82' lang='lat' dir='ltr'><strong>balneator</strong></span> <span class='ocrx_word' id='word_1_134' title='bbox 783 1937 917 1999; x_wconf 70' lang='lat' dir='ltr'><strong>extincta</strong></span> 
     </span>
     <span class='ocr_line' id='line_1_18' title="bbox 305 2019 925 2084; baseline 0.002 -4"><span class='ocrx_word' id='word_1_135' title='bbox 305 2019 451 2082; x_wconf 75' lang='lat' dir='ltr'><strong>ldadttat</strong></span> <span class='ocrx_word' id='word_1_136' title='bbox 471 2021 555 2080; x_wconf 88' lang='lat' dir='ltr'><strong>inter</strong></span> <span class='ocrx_word' id='word_1_137' title='bbox 577 2021 753 2084; x_wconf 82' lang='lat' dir='ltr'><strong>bustuarias</strong></span> <span class='ocrx_word' id='word_1_138' title='bbox 775 2020 925 2082; x_wconf 80' lang='lat' dir='ltr'><strong>moesias.</strong></span> 
     </span>
     <span class='ocr_line' id='line_1_19' title="bbox 653 2102 1292 2184; baseline 0.011 -24"><span class='ocrx_word' id='word_1_139' title='bbox 653 2149 660 2160; x_wconf 83' lang='grc'>.</span> <span class='ocrx_word' id='word_1_140' title='bbox 753 2103 887 2180; x_wconf 79' lang='lat' dir='ltr'><strong>(blastiel.</strong></span> <span class='ocrx_word' id='word_1_141' title='bbox 909 2102 960 2164; x_wconf 91' lang='lat' dir='ltr'><strong>lib.</strong></span> <span class='ocrx_word' id='word_1_142' title='bbox 983 2103 1033 2165; x_wconf 91' lang='lat' dir='ltr'><strong>lli.</strong></span> <span class='ocrx_word' id='word_1_143' title='bbox 1056 2102 1203 2184; x_wconf 84' lang='lat' dir='ltr'><strong>Epigram.</strong></span> <span class='ocrx_word' id='word_1_144' title='bbox 1228 2105 1292 2180; x_wconf 77' lang='grc'>62.)</span> 
     </span>
    </p>
   </div>
   <div class='ocr_carea' id='block_1_4' title="bbox 148 2217 1378 2468">
    <p class='ocr_par' dir='ltr' id='par_1_5' title="bbox 148 2217 1378 2468">
     <span class='ocr_line' id='line_1_20' title="bbox 239 2217 1378 2283; baseline -0.001 -2"><span class='ocrx_word' id='word_1_145' title='bbox 239 2219 277 2281; x_wconf 78' lang='lat' dir='ltr'><strong>st</strong></span> <span class='ocrx_word' id='word_1_146' title='bbox 308 2217 409 2282; x_wconf 82' lang='lat' dir='ltr'><strong>tabum</strong></span> <span class='ocrx_word' id='word_1_147' title='bbox 441 2227 522 2280; x_wconf 83' lang='lat' dir='ltr'><strong>certe</strong></span> <span class='ocrx_word' id='word_1_148' title='bbox 559 2217 712 2281; x_wconf 90' lang='lat' dir='ltr'><strong>bominum</strong></span> <span class='ocrx_word' id='word_1_149' title='bbox 745 2219 782 2282; x_wconf 90' lang='lat' dir='ltr'><strong>de</strong></span> <span class='ocrx_word' id='word_1_150' title='bbox 814 2217 1048 2283; x_wconf 85' lang='lat' dir='ltr'><strong>Christiauomm</strong></span> <span class='ocrx_word' id='word_1_151' title='bbox 1082 2220 1235 2283; x_wconf 86' lang='lat' dir='ltr'><strong>sterilitate</strong></span> <span class='ocrx_word' id='word_1_152' title='bbox 1267 2228 1298 2280; x_wconf 90' lang='lat' dir='ltr'><strong>ct</strong></span> <span class='ocrx_word' id='word_1_153' title='bbox 1328 2217 1378 2281; x_wconf 93' lang='lat' dir='ltr'><strong>in-</strong></span> 
     </span>
     <span class='ocr_line' id='line_1_21' title="bbox 153 2302 1377 2400; baseline -0.002 -32"><span class='ocrx_word' id='word_1_154' title='bbox 153 2304 281 2368; x_wconf 88' lang='lat' dir='ltr'><strong>utilitate</strong></span> <span class='ocrx_word' id='word_1_155' title='bbox 304 2302 516 2400; x_wconf 85' lang='lat' dir='ltr'><strong>expostulatio,</strong></span> <span class='ocrx_word' id='word_1_156' title='bbox 549 2303 659 2366; x_wconf 88' lang='lat' dir='ltr'><strong>borum</strong></span> <span class='ocrx_word' id='word_1_157' title='bbox 682 2313 744 2366; x_wconf 90' lang='lat' dir='ltr'><strong>erat</strong></span> <span class='ocrx_word' id='word_1_158' title='bbox 765 2313 795 2366; x_wconf 90' lang='lat' dir='ltr'><strong>ct</strong></span> <span class='ocrx_word' id='word_1_159' title='bbox 816 2305 933 2368; x_wconf 81' lang='lat' dir='ltr'><strong>virtutis</strong></span> <span class='ocrx_word' id='word_1_160' title='bbox 956 2313 987 2367; x_wconf 86' lang='lat' dir='ltr'><strong>et</strong></span> <span class='ocrx_word' id='word_1_161' title='bbox 1006 2305 1138 2368; x_wconf 81' lang='lat' dir='ltr'><strong>utilitatis</strong></span> <span class='ocrx_word' id='word_1_162' title='bbox 1161 2304 1377 2368; x_wconf 82' lang='lat' dir='ltr'><strong>commendatio</strong></span> 
     </span>
     <span class='ocr_line' id='line_1_22' title="bbox 148 2407 409 2468; baseline -0.019 -16"><span class='ocrx_word' id='word_1_163' title='bbox 148 2409 188 2452; x_wconf 88' lang='lat' dir='ltr'><strong>ac</strong></span> <span class='ocrx_word' id='word_1_164' title='bbox 209 2407 409 2468; x_wconf 80' lang='lat' dir='ltr'><strong>praeconium.</strong></span> 
     </span>
    </p>
   </div>
   <div class='ocr_carea' id='block_1_5' title="bbox 149 2487 1382 3245">
    <p class='ocr_par' dir='ltr' id='par_1_6' title="bbox 149 2487 1382 3245">
     <span class='ocr_line' id='line_1_23' title="bbox 239 2487 1379 2566; baseline 0 -16"><span class='ocrx_word' id='word_1_165' title='bbox 239 2489 301 2550; x_wconf 87' lang='lat' dir='ltr'><strong>Nec</strong></span> <span class='ocrx_word' id='word_1_166' title='bbox 329 2487 405 2550; x_wconf 87' lang='lat' dir='ltr'><strong>allud</strong></span> <span class='ocrx_word' id='word_1_167' title='bbox 435 2505 506 2549; x_wconf 88' lang='lat' dir='ltr'><strong>sanc</strong></span> <span class='ocrx_word' id='word_1_168' title='bbox 534 2487 604 2548; x_wconf 91' lang='lat' dir='ltr'><strong>ierri</strong></span> <span class='ocrx_word' id='word_1_169' title='bbox 633 2495 733 2566; x_wconf 87' lang='lat' dir='ltr'><strong>potest</strong></span> <span class='ocrx_word' id='word_1_170' title='bbox 761 2489 901 2550; x_wconf 88' lang='lat' dir='ltr'><strong>iudicium</strong></span> <span class='ocrx_word' id='word_1_171' title='bbox 923 2487 960 2550; x_wconf 85' lang='lat' dir='ltr'><strong>do</strong></span> <span class='ocrx_word' id='word_1_172' title='bbox 983 2488 1115 2560; x_wconf 88' lang='lat' dir='ltr'><strong>sicariis,</strong></span> <span class='ocrx_word' id='word_1_173' title='bbox 1150 2488 1316 2550; x_wconf 87' lang='lat' dir='ltr'><strong>venenariis</strong></span> <span class='ocrx_word' id='word_1_174' title='bbox 1348 2497 1379 2550; x_wconf 91' lang='lat' dir='ltr'><strong>et</strong></span> 
     </span>
     <span class='ocr_line' id='line_1_24' title="bbox 152 2571 1377 2653; baseline -0.004 -16"><span class='ocrx_word' id='word_1_175' title='bbox 152 2573 258 2653; x_wconf 84' lang='lat' dir='ltr'><strong>magis,</strong></span> <span class='ocrx_word' id='word_1_176' title='bbox 282 2572 332 2652; x_wconf 87' lang='lat' dir='ltr'><strong>qui</strong></span> <span class='ocrx_word' id='word_1_177' title='bbox 355 2572 514 2634; x_wconf 88' lang='lat' dir='ltr'><strong>secundam</strong></span> <span class='ocrx_word' id='word_1_178' title='bbox 536 2572 709 2634; x_wconf 88' lang='lat' dir='ltr'><strong>Tertulliani</strong></span> <span class='ocrx_word' id='word_1_179' title='bbox 732 2572 857 2636; x_wconf 88' lang='lat' dir='ltr'><strong>classem</strong></span> <span class='ocrx_word' id='word_1_180' title='bbox 879 2573 1038 2635; x_wconf 78' lang='lat' dir='ltr'><strong>confidunt</strong></span> <span class='ocrx_word' id='word_1_181' title='bbox 1060 2573 1242 2648; x_wconf 70' lang='lat' dir='ltr'><strong>(tertullian.</strong></span> <span class='ocrx_word' id='word_1_182' title='bbox 1264 2571 1377 2651; x_wconf 81' lang='lat' dir='ltr'><strong>Apolo-</strong></span> 
     </span>
     <span class='ocr_line' id='line_1_25' title="bbox 149 2655 1379 2740; baseline -0.002 -20"><span class='ocrx_word' id='word_1_183' title='bbox 149 2669 212 2740; x_wconf 83' lang='lat' dir='ltr'><strong>get.</strong></span> <span class='ocrx_word' id='word_1_184' title='bbox 234 2676 297 2738; x_wconf 90' lang='lat' dir='ltr'><strong>cap.</strong></span> <span class='ocrx_word' id='word_1_185' title='bbox 320 2659 397 2734; x_wconf 85' lang='grc'><strong>43.).</strong></span> <span class='ocrx_word' id='word_1_186' title='bbox 440 2656 515 2718; x_wconf 88' lang='lat' dir='ltr'><strong>Nam</strong></span> <span class='ocrx_word' id='word_1_187' title='bbox 547 2655 578 2718; x_wconf 91' lang='lat' dir='ltr'><strong>hi</strong></span> <span class='ocrx_word' id='word_1_188' title='bbox 610 2656 734 2718; x_wconf 87' lang='lat' dir='ltr'><strong>aliorum</strong></span> <span class='ocrx_word' id='word_1_189' title='bbox 764 2657 840 2718; x_wconf 84' lang='lat' dir='ltr'><strong>vitae</strong></span> <span class='ocrx_word' id='word_1_190' title='bbox 874 2656 1090 2718; x_wconf 87' lang='lat' dir='ltr'><strong>insidiabantur</strong></span> <span class='ocrx_word' id='word_1_191' title='bbox 1126 2675 1249 2735; x_wconf 89' lang='lat' dir='ltr'><strong>eamque</strong></span> <span class='ocrx_word' id='word_1_192' title='bbox 1287 2675 1379 2735; x_wconf 85' lang='lat' dir='ltr'><strong>saepe</strong></span> 
     </span>
     <span class='ocr_line' id='line_1_26' title="bbox 149 2739 1379 2821; baseline -0.005 -15"><span class='ocrx_word' id='word_1_193' title='bbox 149 2743 272 2821; x_wconf 83' lang='lat' dir='ltr'><strong>saepius</strong></span> <span class='ocrx_word' id='word_1_194' title='bbox 295 2741 467 2821; x_wconf 89' lang='lat' dir='ltr'><strong>eripiebant.</strong></span> <span class='ocrx_word' id='word_1_195' title='bbox 512 2740 615 2802; x_wconf 90' lang='lat' dir='ltr'><strong>Sicarii</strong></span> <span class='ocrx_word' id='word_1_196' title='bbox 645 2739 723 2802; x_wconf 91' lang='lat' dir='ltr'><strong>euim</strong></span> <span class='ocrx_word' id='word_1_197' title='bbox 751 2740 910 2819; x_wconf 88' lang='lat' dir='ltr'><strong>nuncupati</strong></span> <span class='ocrx_word' id='word_1_198' title='bbox 938 2747 1008 2802; x_wconf 87' lang='lat' dir='ltr'><strong>sunt</strong></span> <span class='ocrx_word' id='word_1_199' title='bbox 1035 2759 1052 2800; x_wconf 90' lang='lat' dir='ltr'><strong>a</strong></span> <span class='ocrx_word' id='word_1_200' title='bbox 1079 2742 1157 2812; x_wconf 88' lang='lat' dir='ltr'><strong>sica,</strong></span> <span class='ocrx_word' id='word_1_201' title='bbox 1194 2758 1248 2800; x_wconf 90' lang='lat' dir='ltr'><strong>seu</strong></span> <span class='ocrx_word' id='word_1_202' title='bbox 1281 2739 1379 2818; x_wconf 84' lang='lat' dir='ltr'><strong>gladio</strong></span> 
     </span>
     <span class='ocr_line' id='line_1_27' title="bbox 152 2823 1380 2905; baseline -0.002 -17"><span class='ocrx_word' id='word_1_203' title='bbox 152 2827 302 2898; x_wconf 83' lang='lat' dir='ltr'><strong>breviore,</strong></span> <span class='ocrx_word' id='word_1_204' title='bbox 333 2843 420 2905; x_wconf 89' lang='lat' dir='ltr'><strong>quem</strong></span> <span class='ocrx_word' id='word_1_205' title='bbox 442 2823 479 2885; x_wconf 90' lang='lat' dir='ltr'><strong>ad</strong></span> <span class='ocrx_word' id='word_1_206' title='bbox 501 2824 723 2886; x_wconf 84' lang='lat' dir='ltr'><strong>interficiendos</strong></span> <span class='ocrx_word' id='word_1_207' title='bbox 745 2843 781 2885; x_wconf 86' lang='lat' dir='ltr'><strong>ex</strong></span> <span class='ocrx_word' id='word_1_208' title='bbox 803 2824 919 2888; x_wconf 86' lang='lat' dir='ltr'><strong>insidiis</strong></span> <span class='ocrx_word' id='word_1_209' title='bbox 941 2824 1079 2886; x_wconf 86' lang='lat' dir='ltr'><strong>homiues</strong></span> <span class='ocrx_word' id='word_1_210' title='bbox 1101 2823 1252 2901; x_wconf 80' lang='lat' dir='ltr'><strong>gerebant.</strong></span> <span class='ocrx_word' id='word_1_211' title='bbox 1283 2823 1380 2894; x_wconf 86' lang='lat' dir='ltr'><strong>Quam</strong></span> 
     </span>
     <span class='ocr_line' id='line_1_28' title="bbox 150 2906 1379 2990; baseline -0.006 -16"><span class='ocrx_word' id='word_1_212' title='bbox 150 2915 325 2990; x_wconf 80' lang='lat' dir='ltr'><strong>trequentes</strong></span> <span class='ocrx_word' id='word_1_213' title='bbox 345 2928 416 2970; x_wconf 89' lang='lat' dir='ltr'><strong>rere</strong></span> <span class='ocrx_word' id='word_1_214' title='bbox 439 2908 475 2972; x_wconf 90' lang='lat' dir='ltr'><strong>ab</strong></span> <span class='ocrx_word' id='word_1_215' title='bbox 497 2908 544 2970; x_wconf 86' lang='lat' dir='ltr'><strong>bis</strong></span> <span class='ocrx_word' id='word_1_216' title='bbox 569 2908 741 2978; x_wconf 78' lang='lat' dir='ltr'><strong>trucidantis</strong></span> <span class='ocrx_word' id='word_1_217' title='bbox 763 2907 935 2970; x_wconf 87' lang='lat' dir='ltr'><strong>homiuibus</strong></span> <span class='ocrx_word' id='word_1_218' title='bbox 958 2907 1007 2970; x_wconf 90' lang='lat' dir='ltr'><strong>alii</strong></span> <span class='ocrx_word' id='word_1_219' title='bbox 1029 2907 1103 2969; x_wconf 91' lang='lat' dir='ltr'><strong>clam</strong></span> <span class='ocrx_word' id='word_1_220' title='bbox 1119 2915 1149 2968; x_wconf 89' lang='lat' dir='ltr'><strong>et</strong></span> <span class='ocrx_word' id='word_1_221' title='bbox 1163 2906 1308 2968; x_wconf 89' lang='lat' dir='ltr'><strong>insidiose</strong></span> <span class='ocrx_word' id='word_1_222' title='bbox 1321 2925 1379 2968; x_wconf 88' lang='lat' dir='ltr'><strong>ue-</strong></span> 
     </span>
     <span class='ocr_line' id='line_1_29' title="bbox 151 2991 1380 3074; baseline -0.005 -16"><span class='ocrx_word' id='word_1_223' title='bbox 151 3005 307 3068; x_wconf 86' lang='lat' dir='ltr'><strong>carontur,</strong></span> <span class='ocrx_word' id='word_1_224' title='bbox 335 2993 382 3056; x_wconf 91' lang='lat' dir='ltr'><strong>bis</strong></span> <span class='ocrx_word' id='word_1_225' title='bbox 403 2993 506 3074; x_wconf 84' lang='lat' dir='ltr'><strong>paucis</strong></span> <span class='ocrx_word' id='word_1_226' title='bbox 528 2993 626 3054; x_wconf 86' lang='lat' dir='ltr'><strong>disces</strong></span> <span class='ocrx_word' id='word_1_227' title='bbox 648 2991 800 3054; x_wconf 86' lang='lat' dir='ltr'><strong>Ciceronis</strong></span> <span class='ocrx_word' id='word_1_228' title='bbox 822 2991 933 3054; x_wconf 91' lang='lat' dir='ltr'><strong>verbis:</strong></span> <span class='ocrx_word' id='word_1_229' title='bbox 967 2991 1049 3054; x_wconf 82' lang='lat' dir='ltr'><strong>ilaec</strong></span> <span class='ocrx_word' id='word_1_230' title='bbox 1070 2991 1260 3071; x_wconf 87' lang='lat' dir='ltr'><strong>quotidiana,</strong></span> <span class='ocrx_word' id='word_1_231' title='bbox 1289 2994 1380 3066; x_wconf 86' lang='lat' dir='ltr'><strong>sicae,</strong></span> 
     </span>
     <span class='ocr_line' id='line_1_30' title="bbox 153 3073 1382 3160; baseline -0.005 -18"><span class='ocrx_word' id='word_1_232' title='bbox 153 3099 272 3142; x_wconf 82' lang='lat' dir='ltr'><strong>venerea</strong></span> <span class='ocrx_word' id='word_1_233' title='bbox 300 3077 405 3150; x_wconf 85' lang='lat' dir='ltr'><strong>(Cicer.</strong></span> <span class='ocrx_word' id='word_1_234' title='bbox 427 3077 551 3140; x_wconf 81' lang='lat' dir='ltr'><strong>libili.</strong></span> <span class='ocrx_word' id='word_1_235' title='bbox 579 3077 616 3138; x_wconf 88' lang='lat' dir='ltr'><strong>de</strong></span> <span class='ocrx_word' id='word_1_236' title='bbox 637 3075 737 3138; x_wconf 90' lang='lat' dir='ltr'><strong>Natur.</strong></span> <span class='ocrx_word' id='word_1_237' title='bbox 760 3076 855 3160; x_wconf 52' lang='lat' dir='ltr'><strong>licor.⁸</strong></span> <span class='ocrx_word' id='word_1_238' title='bbox 872 3094 938 3158; x_wconf 89' lang='lat' dir='ltr'><strong>pag.</strong></span> <span class='ocrx_word' id='word_1_239' title='bbox 961 3078 1034 3140; x_wconf 78' lang='lat'><strong>251.</strong></span> <span class='ocrx_word' id='word_1_240' title='bbox 1058 3075 1109 3136; x_wconf 90' lang='lat' dir='ltr'><strong>lin.</strong></span> <span class='ocrx_word' id='word_1_241' title='bbox 1135 3077 1208 3150; x_wconf 74' lang='lat' dir='ltr'><strong>lb).</strong></span> <span class='ocrx_word' id='word_1_242' title='bbox 1260 3073 1320 3136; x_wconf 89' lang='lat' dir='ltr'><strong>Sed</strong></span> <span class='ocrx_word' id='word_1_243' title='bbox 1347 3081 1382 3136; x_wconf 86' lang='lat' dir='ltr'><strong>ut</strong></span> 
     </span>
     <span class='ocr_line' id='line_1_31' title="bbox 152 3158 1381 3245; baseline -0.003 -21"><span class='ocrx_word' id='word_1_244' title='bbox 152 3163 280 3245; x_wconf 89' lang='lat' dir='ltr'><strong>propius</strong></span> <span class='ocrx_word' id='word_1_245' title='bbox 303 3163 339 3224; x_wconf 92' lang='lat' dir='ltr'><strong>ad</strong></span> <span class='ocrx_word' id='word_1_246' title='bbox 356 3161 528 3224; x_wconf 87' lang='lat' dir='ltr'><strong>Tertulliani</strong></span> <span class='ocrx_word' id='word_1_247' title='bbox 550 3160 722 3223; x_wconf 87' lang='lat' dir='ltr'><strong>accedamus</strong></span> <span class='ocrx_word' id='word_1_248' title='bbox 746 3167 893 3241; x_wconf 86' lang='lat' dir='ltr'><strong>tempora:</strong></span> <span class='ocrx_word' id='word_1_249' title='bbox 917 3159 999 3232; x_wconf 86' lang='lat' dir='ltr'><strong>lude,</strong></span> <span class='ocrx_word' id='word_1_250' title='bbox 1022 3158 1118 3238; x_wconf 87' lang='lat' dir='ltr'><strong>iuquit</strong></span> <span class='ocrx_word' id='word_1_251' title='bbox 1131 3158 1303 3238; x_wconf 74' lang='lat' dir='ltr'><strong>Cyprianus,</strong></span> <span class='ocrx_word' id='word_1_252' title='bbox 1325 3177 1381 3220; x_wconf 88' lang='lat' dir='ltr'><strong>ue-</strong></span> 
     </span>
    </p>
   </div>
   <div class='ocr_carea' id='block_1_6' title="bbox 57 3247 1381 3329">
    <p class='ocr_par' dir='ltr' id='par_1_7' title="bbox 57 3247 1381 3329">
     <span class='ocr_line' id='line_1_32' title="bbox 57 3247 1381 3329; baseline -0.003 -19"><span class='ocrx_word' id='word_1_253' title='bbox 57 3279 76 3298; x_wconf 86' lang='lat'><strong>·</strong></span> <span class='ocrx_word' id='word_1_254' title='bbox 152 3249 253 3329; x_wconf 74' lang='lat' dir='ltr'><strong>uefici</strong></span> <span class='ocrx_word' id='word_1_255' title='bbox 276 3249 345 3310; x_wconf 87' lang='lat' dir='ltr'><strong>inde</strong></span> <span class='ocrx_word' id='word_1_256' title='bbox 359 3250 474 3319; x_wconf 87' lang='lat' dir='ltr'><strong>sicarii,</strong></span> <span class='ocrx_word' id='word_1_257' title='bbox 496 3257 559 3308; x_wconf 86' lang='lat' dir='ltr'><strong>tam</strong></span> <span class='ocrx_word' id='word_1_258' title='bbox 572 3247 613 3308; x_wconf 91' lang='lat' dir='ltr'><strong>ad</strong></span> <span class='ocrx_word' id='word_1_259' title='bbox 623 3247 807 3326; x_wconf 86' lang='lat' dir='ltr'><strong>peccandum</strong></span> <span class='ocrx_word' id='word_1_260' title='bbox 818 3249 1000 3326; x_wconf 76' lang='lat' dir='ltr'><strong>praecipites</strong></span> <span class='ocrx_word' id='word_1_261' title='bbox 1016 3261 1105 3326; x_wconf 60' lang='lat' dir='ltr'><strong>maus</strong></span> <span class='ocrx_word' id='word_1_262' title='bbox 1118 3248 1238 3324; x_wconf 77' lang='lat' dir='ltr'><strong>ineptam</strong></span> <span class='ocrx_word' id='word_1_263' title='bbox 1248 3261 1381 3324; x_wconf 86' lang='lat' dir='ltr'><strong>peccau-</strong></span> 
     </span>
    </p>
   </div>
   <div class='ocr_carea' id='block_1_7' title="bbox 151 3329 691 3412">
    <p class='ocr_par' dir='ltr' id='par_1_8' title="bbox 151 3329 691 3412">
     <span class='ocr_line' id='line_1_33' title="bbox 151 3329 691 3412; baseline -0.007 -17"><span class='ocrx_word' id='word_1_264' title='bbox 151 3343 200 3396; x_wconf 86' lang='lat' dir='ltr'><strong>tes</strong></span> <span class='ocrx_word' id='word_1_265' title='bbox 222 3331 370 3412; x_wconf 63' lang='lat' dir='ltr'><strong>(Cypriam</strong></span> <span class='ocrx_word' id='word_1_266' title='bbox 392 3331 460 3392; x_wconf 91' lang='lat' dir='ltr'><strong>libr.</strong></span> <span class='ocrx_word' id='word_1_267' title='bbox 482 3329 519 3392; x_wconf 91' lang='lat' dir='ltr'><strong>ad</strong></span> <span class='ocrx_word' id='word_1_268' title='bbox 540 3330 691 3408; x_wconf 71' lang='lat' dir='ltr'><strong>Demetai.</strong></span> 
     </span>
    </p>
   </div>
   <div class='ocr_carea' id='block_1_8' title="bbox 151 3427 1383 3916">
    <p class='ocr_par' dir='ltr' id='par_1_9' title="bbox 151 3427 1383 3916">
     <span class='ocr_line' id='line_1_34' title="bbox 240 3427 1383 3511; baseline -0.003 -17"><span class='ocrx_word' id='word_1_269' title='bbox 240 3431 302 3494; x_wconf 89' lang='lat' dir='ltr'><strong>lam</strong></span> <span class='ocrx_word' id='word_1_270' title='bbox 329 3439 428 3493; x_wconf 89' lang='lat' dir='ltr'><strong>autem</strong></span> <span class='ocrx_word' id='word_1_271' title='bbox 450 3439 624 3511; x_wconf 89' lang='lat' dir='ltr'><strong>praesentes</strong></span> <span class='ocrx_word' id='word_1_272' title='bbox 653 3449 705 3492; x_wconf 88' lang='lat' dir='ltr'><strong>cur</strong></span> <span class='ocrx_word' id='word_1_273' title='bbox 727 3429 834 3492; x_wconf 86' lang='lat' dir='ltr'><strong>deiude</strong></span> <span class='ocrx_word' id='word_1_274' title='bbox 855 3429 892 3491; x_wconf 91' lang='lat' dir='ltr'><strong>ab</strong></span> <span class='ocrx_word' id='word_1_275' title='bbox 913 3429 1041 3490; x_wconf 75' lang='lat' dir='ltr'><strong>Auctore</strong></span> <span class='ocrx_word' id='word_1_276' title='bbox 1068 3437 1173 3490; x_wconf 82' lang='lat' dir='ltr'><strong>nostro</strong></span> <span class='ocrx_word' id='word_1_277' title='bbox 1197 3427 1383 3509; x_wconf 87' lang='lat' dir='ltr'><strong>appellantur</strong></span> 
     </span>
     <span class='ocr_line' id='line_1_35' title="bbox 151 3512 1380 3595; baseline -0.007 -15"><span class='ocrx_word' id='word_1_278' title='bbox 151 3521 328 3588; x_wconf 81' lang='lat' dir='ltr'><strong>ueacnarii,</strong></span> <span class='ocrx_word' id='word_1_279' title='bbox 362 3515 412 3595; x_wconf 91' lang='lat' dir='ltr'><strong>qui</strong></span> <span class='ocrx_word' id='word_1_280' title='bbox 443 3533 589 3577; x_wconf 84' lang='lat' dir='ltr'><strong>venenum</strong></span> <span class='ocrx_word' id='word_1_281' title='bbox 616 3514 680 3576; x_wconf 85' lang='lat' dir='ltr'><strong>aliis</strong></span> <span class='ocrx_word' id='word_1_282' title='bbox 711 3516 872 3594; x_wconf 89' lang='lat' dir='ltr'><strong>propinant</strong></span> <span class='ocrx_word' id='word_1_283' title='bbox 899 3522 949 3576; x_wconf 85' lang='lat' dir='ltr'><strong>aut</strong></span> <span class='ocrx_word' id='word_1_284' title='bbox 975 3513 1134 3574; x_wconf 87' lang='lat' dir='ltr'><strong>conficiunt</strong></span> <span class='ocrx_word' id='word_1_285' title='bbox 1162 3522 1212 3574; x_wconf 90' lang='lat' dir='ltr'><strong>aut</strong></span> <span class='ocrx_word' id='word_1_286' title='bbox 1240 3512 1380 3573; x_wconf 88' lang='lat' dir='ltr'><strong>rendunt.</strong></span> 
     </span>
     <span class='ocr_line' id='line_1_36' title="bbox 151 3593 1382 3680; baseline -0.006 -18"><span class='ocrx_word' id='word_1_287' title='bbox 151 3601 216 3662; x_wconf 87' lang='lat' dir='ltr'><strong>Noc</strong></span> <span class='ocrx_word' id='word_1_288' title='bbox 237 3600 285 3663; x_wconf 89' lang='lat' dir='ltr'><strong>bis</strong></span> <span class='ocrx_word' id='word_1_289' title='bbox 307 3593 499 3680; x_wconf 84' lang='lat' dir='ltr'><strong>picculdubio</strong></span> <span class='ocrx_word' id='word_1_290' title='bbox 515 3599 674 3662; x_wconf 84' lang='lat' dir='ltr'><strong>dissimiles</strong></span> <span class='ocrx_word' id='word_1_291' title='bbox 689 3608 773 3661; x_wconf 88' lang='lat' dir='ltr'><strong>crant</strong></span> <span class='ocrx_word' id='word_1_292' title='bbox 786 3597 874 3677; x_wconf 78' lang='lat' dir='ltr'><strong>magi,</strong></span> <span class='ocrx_word' id='word_1_293' title='bbox 896 3597 1004 3677; x_wconf 89' lang='lat' dir='ltr'><strong>quibus</strong></span> <span class='ocrx_word' id='word_1_294' title='bbox 1027 3598 1133 3658; x_wconf 84' lang='lat' dir='ltr'><strong>tertius</strong></span> <span class='ocrx_word' id='word_1_295' title='bbox 1155 3596 1184 3656; x_wconf 91' lang='lat' dir='ltr'><strong>in</strong></span> <span class='ocrx_word' id='word_1_296' title='bbox 1208 3597 1262 3656; x_wconf 92' lang='lat' dir='ltr'><strong>hac</strong></span> <span class='ocrx_word' id='word_1_297' title='bbox 1284 3596 1382 3656; x_wconf 83' lang='lat' dir='ltr'><strong>classe</strong></span> 
     </span>
     <span class='ocr_line' id='line_1_37' title="bbox 151 3679 1380 3762; baseline -0.009 -14"><span class='ocrx_word' id='word_1_298' title='bbox 151 3687 240 3748; x_wconf 86' lang='lat' dir='ltr'><strong>locus</strong></span> <span class='ocrx_word' id='word_1_299' title='bbox 264 3685 358 3746; x_wconf 88' lang='lat' dir='ltr'><strong>datur.</strong></span> <span class='ocrx_word' id='word_1_300' title='bbox 402 3683 562 3746; x_wconf 85' lang='lat' dir='ltr'><strong>Diabolicis</strong></span> <span class='ocrx_word' id='word_1_301' title='bbox 584 3683 730 3762; x_wconf 85' lang='lat' dir='ltr'><strong>siquidem</strong></span> <span class='ocrx_word' id='word_1_302' title='bbox 752 3683 874 3756; x_wconf 88' lang='lat' dir='ltr'><strong>artibus,</strong></span> <span class='ocrx_word' id='word_1_303' title='bbox 905 3681 1056 3744; x_wconf 80' lang='lat' dir='ltr'><strong>mdaiiciis</strong></span> <span class='ocrx_word' id='word_1_304' title='bbox 1079 3689 1109 3744; x_wconf 88' lang='lat' dir='ltr'><strong>et</strong></span> <span class='ocrx_word' id='word_1_305' title='bbox 1131 3679 1298 3759; x_wconf 83' lang='lat' dir='ltr'><strong>praestigiis</strong></span> <span class='ocrx_word' id='word_1_306' title='bbox 1320 3695 1380 3738; x_wconf 90' lang='lat' dir='ltr'><strong>no·</strong></span> 
     </span>
     <span class='ocr_line' id='line_1_38' title="bbox 152 3760 1383 3848; baseline -0.007 -17"><span class='ocrx_word' id='word_1_307' title='bbox 152 3789 223 3832; x_wconf 87' lang='lat' dir='ltr'><strong>cere</strong></span> <span class='ocrx_word' id='word_1_308' title='bbox 245 3769 311 3830; x_wconf 85' lang='lat' dir='ltr'><strong>aliis</strong></span> <span class='ocrx_word' id='word_1_309' title='bbox 334 3785 446 3848; x_wconf 89' lang='lat' dir='ltr'><strong>eosque</strong></span> <span class='ocrx_word' id='word_1_310' title='bbox 468 3768 602 3830; x_wconf 87' lang='lat' dir='ltr'><strong>occidero</strong></span> <span class='ocrx_word' id='word_1_311' title='bbox 624 3766 801 3828; x_wconf 88' lang='lat' dir='ltr'><strong>nitebantur.</strong></span> <span class='ocrx_word' id='word_1_312' title='bbox 830 3767 868 3828; x_wconf 79' lang='lat' dir='ltr'><strong>At</strong></span> <span class='ocrx_word' id='word_1_313' title='bbox 888 3766 920 3828; x_wconf 87' lang='lat' dir='ltr'><strong>bi</strong></span> <span class='ocrx_word' id='word_1_314' title='bbox 942 3773 1021 3839; x_wconf 81' lang='lat' dir='ltr'><strong>strat,</strong></span> <span class='ocrx_word' id='word_1_315' title='bbox 1044 3783 1120 3844; x_wconf 84' lang='lat' dir='ltr'><strong>quos</strong></span> <span class='ocrx_word' id='word_1_316' title='bbox 1135 3763 1274 3826; x_wconf 88' lang='lat' dir='ltr'><strong>Horatius</strong></span> <span class='ocrx_word' id='word_1_317' title='bbox 1296 3760 1383 3822; x_wconf 81' lang='lat' dir='ltr'><strong>hisce</strong></span> 
     </span>
     <span class='ocr_line' id='line_1_39' title="bbox 151 3851 458 3916; baseline -0.007 -2"><span class='ocrx_word' id='word_1_318' title='bbox 151 3861 239 3916; x_wconf 89' lang='lat' dir='ltr'><strong>notat</strong></span> <span class='ocrx_word' id='word_1_319' title='bbox 261 3851 458 3916; x_wconf 89' lang='lat' dir='ltr'><strong>carminibus:</strong></span> 
     </span>
    </p>
   </div>
   <div class='ocr_carea' id='block_1_9' title="bbox 314 3917 1296 4212">
    <p class='ocr_par' dir='ltr' id='par_1_10' title="bbox 314 3917 1296 4212">
     <span class='ocr_line' id='line_1_40' title="bbox 314 3917 959 4050; baseline -0.008 -18"><span class='ocrx_word' id='word_1_320' title='bbox 314 3971 400 4044; x_wconf 88' lang='lat' dir='ltr'><strong>Quae</strong></span> <span class='ocrx_word' id='word_1_321' title='bbox 421 3988 503 4049; x_wconf 84' lang='lat' dir='ltr'><strong>sapa,</strong></span> <span class='ocrx_word' id='word_1_322' title='bbox 526 3972 592 4050; x_wconf 88' lang='lat' dir='ltr'><strong>quis</strong></span> <span class='ocrx_word' id='word_1_323' title='bbox 615 3979 644 4031; x_wconf 91' lang='lat' dir='ltr'><strong>te</strong></span> <span class='ocrx_word' id='word_1_324' title='bbox 666 3917 786 4030; x_wconf 81' lang='lat' dir='ltr'><strong>soluere</strong></span> <span class='ocrx_word' id='word_1_325' title='bbox 811 3965 959 4028; x_wconf 75' lang='lat' dir='ltr'><strong>Thessalis</strong></span> 
     </span>
     <span class='ocr_line' id='line_1_41' title="bbox 363 4047 968 4134; baseline -0.01 -18"><span class='ocrx_word' id='word_1_326' title='bbox 363 4054 469 4134; x_wconf 81' lang='lat' dir='ltr'><strong>Magus</strong></span> <span class='ocrx_word' id='word_1_327' title='bbox 491 4055 624 4124; x_wconf 84' lang='lat' dir='ltr'><strong>uenenis,</strong></span> <span class='ocrx_word' id='word_1_328' title='bbox 647 4056 713 4133; x_wconf 88' lang='lat' dir='ltr'><strong>quis</strong></span> <span class='ocrx_word' id='word_1_329' title='bbox 732 4053 848 4131; x_wconf 88' lang='lat' dir='ltr'><strong>poterit</strong></span> <span class='ocrx_word' id='word_1_330' title='bbox 870 4047 968 4112; x_wconf 72' lang='lat' dir='ltr'><strong>deus?</strong></span> 
     </span>
     <span class='ocr_line' id='line_1_42' title="bbox 594 4132 1296 4212; baseline -0.004 -15"><span class='ocrx_word' id='word_1_331' title='bbox 594 4136 708 4212; x_wconf 87' lang='lat' dir='ltr'><strong>(Horat.</strong></span> <span class='ocrx_word' id='word_1_332' title='bbox 730 4135 781 4196; x_wconf 90' lang='lat' dir='ltr'><strong>lib.</strong></span> <span class='ocrx_word' id='word_1_333' title='bbox 803 4134 826 4195; x_wconf 93' lang='lat' dir='ltr'><strong>l.</strong></span> <span class='ocrx_word' id='word_1_334' title='bbox 850 4133 906 4195; x_wconf 87' lang='lat' dir='ltr'><strong>Qd.</strong></span> <span class='ocrx_word' id='word_1_335' title='bbox 930 4132 1044 4194; x_wconf 78' lang='lat' dir='ltr'><strong>xxvii.</strong></span> <span class='ocrx_word' id='word_1_336' title='bbox 1067 4149 1094 4191; x_wconf 85' lang='lat' dir='ltr'><strong>r.</strong></span> <span class='ocrx_word' id='word_1_337' title='bbox 1117 4133 1156 4194; x_wconf 81' lang='lat'><strong>21</strong></span> <span class='ocrx_word' id='word_1_338' title='bbox 1182 4137 1211 4190; x_wconf 88' lang='lat' dir='ltr'><strong>et</strong></span> <span class='ocrx_word' id='word_1_339' title='bbox 1231 4132 1296 4204; x_wconf 79' lang='lat'><strong>22.)</strong></span> 
     </span>
    </p>
   </div>
   <div class='ocr_carea' id='block_1_10' title="bbox 151 4247 1391 4676">
    <p class='ocr_par' dir='ltr' id='par_1_11' title="bbox 151 4247 1391 4676">
     <span class='ocr_line' id='line_1_43' title="bbox 177 4247 1382 4333; baseline -0.009 -15"><span class='ocrx_word' id='word_1_340' title='bbox 177 4278 183 4288; x_wconf 82' lang='lat'><strong>·</strong></span> <span class='ocrx_word' id='word_1_341' title='bbox 244 4255 345 4318; x_wconf 86' lang='lat' dir='ltr'><strong>Tertia</strong></span> <span class='ocrx_word' id='word_1_342' title='bbox 367 4255 485 4317; x_wconf 91' lang='lat' dir='ltr'><strong>demum</strong></span> <span class='ocrx_word' id='word_1_343' title='bbox 508 4253 538 4315; x_wconf 92' lang='lat' dir='ltr'><strong>in</strong></span> <span class='ocrx_word' id='word_1_344' title='bbox 560 4251 655 4315; x_wconf 86' lang='lat' dir='ltr'><strong>classe</strong></span> <span class='ocrx_word' id='word_1_345' title='bbox 677 4255 862 4333; x_wconf 93' lang='lat' dir='ltr'><strong>reponuntur</strong></span> <span class='ocrx_word' id='word_1_346' title='bbox 884 4269 900 4311; x_wconf 92' lang='lat' dir='ltr'><strong>a</strong></span> <span class='ocrx_word' id='word_1_347' title='bbox 922 4247 1104 4312; x_wconf 83' lang='lat' dir='ltr'><strong>&#39;iertudiauo</strong></span> <span class='ocrx_word' id='word_1_348' title='bbox 1127 4250 1292 4330; x_wconf 86' lang='lat' dir='ltr'><strong>aruspices,</strong></span> <span class='ocrx_word' id='word_1_349' title='bbox 1316 4248 1382 4308; x_wconf 90' lang='lat' dir='ltr'><strong>ori-</strong></span> 
     </span>
     <span class='ocr_line' id='line_1_44' title="bbox 151 4329 1381 4428; baseline -0.013 -22"><span class='ocrx_word' id='word_1_350' title='bbox 151 4342 209 4413; x_wconf 82' lang='lat' dir='ltr'><strong>oli,</strong></span> <span class='ocrx_word' id='word_1_351' title='bbox 230 4341 437 4404; x_wconf 73' lang='lat' dir='ltr'><strong>mathematici</strong></span> <span class='ocrx_word' id='word_1_352' title='bbox 457 4337 641 4412; x_wconf 62' lang='lat' dir='ltr'><strong>(Tertulliani</strong></span> <span class='ocrx_word' id='word_1_353' title='bbox 665 4337 819 4416; x_wconf 76' lang='lat' dir='ltr'><strong>Apologet.</strong></span> <span class='ocrx_word' id='word_1_354' title='bbox 844 4353 907 4414; x_wconf 90' lang='lat' dir='ltr'><strong>cap.</strong></span> <span class='ocrx_word' id='word_1_355' title='bbox 930 4337 1011 4409; x_wconf 87' lang='grc'><strong>43.),</strong></span> <span class='ocrx_word' id='word_1_356' title='bbox 1043 4351 1119 4411; x_wconf 90' lang='lat' dir='ltr'><strong>quos</strong></span> <span class='ocrx_word' id='word_1_357' title='bbox 1141 4331 1260 4410; x_wconf 90' lang='lat' dir='ltr'><strong>quidem</strong></span> <span class='ocrx_word' id='word_1_358' title='bbox 1281 4329 1381 4428; x_wconf 76' lang='lat' dir='ltr'><strong>Arno-</strong></span> 
     </span>
     <span class='ocr_line' id='line_1_45' title="bbox 152 4415 1385 4502; baseline -0.011 -13"><span class='ocrx_word' id='word_1_359' title='bbox 152 4428 223 4488; x_wconf 87' lang='lat' dir='ltr'><strong>bius</strong></span> <span class='ocrx_word' id='word_1_360' title='bbox 253 4423 379 4486; x_wconf 86' lang='lat' dir='ltr'><strong>anobis</strong></span> <span class='ocrx_word' id='word_1_361' title='bbox 408 4423 495 4502; x_wconf 87' lang='lat' dir='ltr'><strong>paulo</strong></span> <span class='ocrx_word' id='word_1_362' title='bbox 523 4431 591 4484; x_wconf 84' lang='lat' dir='ltr'><strong>aute</strong></span> <span class='ocrx_word' id='word_1_363' title='bbox 618 4421 724 4484; x_wconf 84' lang='lat' dir='ltr'><strong>citatus</strong></span> <span class='ocrx_word' id='word_1_364' title='bbox 757 4438 851 4482; x_wconf 89' lang='lat' dir='ltr'><strong>vanos</strong></span> <span class='ocrx_word' id='word_1_365' title='bbox 886 4419 1071 4480; x_wconf 87' lang='lat' dir='ltr'><strong>coniectores</strong></span> <span class='ocrx_word' id='word_1_366' title='bbox 1099 4425 1258 4496; x_wconf 88' lang='lat' dir='ltr'><strong>nuncupat.</strong></span> <span class='ocrx_word' id='word_1_367' title='bbox 1315 4415 1385 4476; x_wconf 81' lang='lat' dir='ltr'><strong>Suis</strong></span> 
     </span>
     <span class='ocr_line' id='line_1_46' title="bbox 153 4500 1384 4585; baseline -0.011 -12"><span class='ocrx_word' id='word_1_368' title='bbox 153 4511 238 4573; x_wconf 88' lang='lat' dir='ltr'><strong>cuim</strong></span> <span class='ocrx_word' id='word_1_369' title='bbox 261 4508 434 4572; x_wconf 85' lang='lat' dir='ltr'><strong>execrandis</strong></span> <span class='ocrx_word' id='word_1_370' title='bbox 457 4507 580 4580; x_wconf 78' lang='lat' dir='ltr'><strong>munus,</strong></span> <span class='ocrx_word' id='word_1_371' title='bbox 604 4507 680 4568; x_wconf 90' lang='lat' dir='ltr'><strong>dolis</strong></span> <span class='ocrx_word' id='word_1_372' title='bbox 703 4513 790 4585; x_wconf 85' lang='lat' dir='ltr'><strong>atquc</strong></span> <span class='ocrx_word' id='word_1_373' title='bbox 812 4502 979 4584; x_wconf 78' lang='lat' dir='ltr'><strong>praestigiis</strong></span> <span class='ocrx_word' id='word_1_374' title='bbox 1002 4503 1099 4562; x_wconf 88' lang='lat' dir='ltr'><strong>lutura</strong></span> <span class='ocrx_word' id='word_1_375' title='bbox 1121 4519 1155 4564; x_wconf 86' lang='lat' dir='ltr'><strong>se</strong></span> <span class='ocrx_word' id='word_1_376' title='bbox 1175 4500 1384 4580; x_wconf 86' lang='lat' dir='ltr'><strong>praenuntiare</strong></span> 
     </span>
     <span class='ocr_line' id='line_1_47' title="bbox 151 4583 1391 4676; baseline -0.012 -18"><span class='ocrx_word' id='word_1_377' title='bbox 151 4611 251 4676; x_wconf 84' lang='lat' dir='ltr'><strong>posse</strong></span> <span class='ocrx_word' id='word_1_378' title='bbox 273 4593 471 4657; x_wconf 72' lang='lat' dir='ltr'><strong>condiebant.</strong></span> <span class='ocrx_word' id='word_1_379' title='bbox 513 4591 606 4654; x_wconf 79' lang='lat' dir='ltr'><strong>bricii</strong></span> <span class='ocrx_word' id='word_1_380' title='bbox 627 4599 727 4656; x_wconf 88' lang='lat' dir='ltr'><strong>autem</strong></span> <span class='ocrx_word' id='word_1_381' title='bbox 749 4589 811 4652; x_wconf 83' lang='lat' dir='ltr'><strong>sive</strong></span> <span class='ocrx_word' id='word_1_382' title='bbox 837 4586 948 4663; x_wconf 88' lang='lat' dir='ltr'><strong>iarioli,</strong></span> <span class='ocrx_word' id='word_1_383' title='bbox 971 4585 1137 4668; x_wconf 89' lang='lat' dir='ltr'><strong>dequibus</strong></span> <span class='ocrx_word' id='word_1_384' title='bbox 1159 4603 1249 4666; x_wconf 87' lang='lat' dir='ltr'><strong>supra</strong></span> <span class='ocrx_word' id='word_1_385' title='bbox 1271 4583 1391 4664; x_wconf 81' lang='lat' dir='ltr'><strong>egimus</strong></span> 
     </span>
    </p>
   </div>
   <div class='ocr_carea' id='block_1_11' title="bbox 0 0 1610 5250">
    <p class='ocr_par' dir='ltr' id='par_1_12' title="bbox 0 0 1610 5250">
     <span class='ocr_line' id='line_1_48' title="bbox 0 0 1610 5250; baseline 0 0"><span class='ocrx_word' id='word_1_386' title='bbox 0 0 1610 5250; x_wconf 95' lang='lat' dir='ltr'><strong> </strong></span> 
     </span>
    </p>
   </div>
  </div>
 </body>
</html>
