3122 5250
503 409 636 453 lucrans
659 409 717 453 ure.
740 409 777 452 ms
798 408 925 453 namur.
1258 393 1321 458 395

103 557 181 620 mini
202 557 280 619 illurn
301 560 435 620 conterre
456 567 593 639 possunt.
636 559 709 621 Nam
736 559 767 620 bi
796 559 836 622 dii
862 559 908 620 vel
936 559 1095 622 daemones
1123 569 1194 622 sunt
1224 569 1320 642 atque,

103 651 139 704 ut
161 641 297 722 superius
320 643 445 718 dictum,
472 645 595 724 pessimi
617 645 757 724 spiritus,
786 644 892 724 perditi
921 662 955 706 ac
975 644 1118 717 damnati,
1146 645 1192 707 vel
1220 646 1320 726 potius

103 727 216 789 mortni
237 726 383 801 homines,
406 729 650 808 quemadmodum
674 729 783 791 ethnici
803 728 924 808 propria
944 729 1122 792 conscientia
1137 739 1320 810 compertum

103 811 254 874 habebant
285 820 315 874 et
343 831 400 874 nos
433 815 508 876 inira
541 814 742 876 ostendemus.
764 813 944 876 ·Christiani
973 814 1063 893 igitur
1090 815 1240 878 aneutrie
1268 835 1319 878 sa-

104 897 198 958 lutem
219 898 431 976 imperatarum
453 917 508 961 nec
528 907 665 979 poterant
686 916 806 979 sperare
827 916 883 958 nec
903 907 1004 978 petere
1027 897 1181 960 debebant.

192 981 259 1055 Quo
288 983 366 1044 enim
393 983 482 1044 modo
511 984 576 1045 falsi
603 983 643 1046 illi
667 984 707 1046 dii
735 1001 799 1045 eam
822 983 892 1044 dare
913 990 1066 1062 poterant,
1098 983 1148 1062 qui
1169 1001 1320 1064 nunquam

75 1073 267 1146 ‚punierunt
293 1074 343 1128 aut
364 1086 396 1129 se
422 1067 504 1148 ipsos
543 1077 593 1130 aut
619 1087 672 1130 sue
699 1069 805 1148 templa
834 1076 864 1129 et
890 1068 1044 1130 simulacra
1074 1085 1090 1129 a
1118 1068 1231 1130 iuribus
1270 1078 1321 1132 aut
1408 1087 1411 1096 ⁴

104 1159 273 1230 temporum
294 1151 411 1213 iniuriis
432 1152 543 1215 tutari?
571 1153 759 1233 Quapropter
780 1152 816 1214 ad
838 1171 871 1214 ea
894 1153 1035 1214 seruanda
1057 1152 1226 1232 indigebant
1240 1154 1320 1216 mili-

102 1244 178 1308 tnm,
200 1236 244 1297 uti
266 1235 306 1299 ait
319 1237 429 1298 ductor
449 1247 562 1313 noster,
584 1238 714 1300 excubiis
737 1238 767 1299 id
789 1247 835 1299 est
856 1238 961 1300 diurna
981 1246 1181 1318 nocturnaque
1202 1238 1320 1302 illorum

103 1319 249 1382 custodia.
303 1321 482 1384 Tertulliano
515 1330 613 1384 autem
646 1323 731 1403 plane
765 1325 943 1402 suffragatur
973 1330 1075 1384 auctor
1107 1322 1250 1401 epistolae
1283 1323 1320 1386 ad

103 1403 291 1484 Diognetum,
313 1406 385 1468 baec
407 1407 532 1468 ethnicis
554 1407 617 1469 iure
639 1426 673 1469 ac
694 1407 799 1470 merito
822 1408 866 1468 sic
887 1407 1129 1488 exprobrantem
1154 1403 1239 1483 Τοὺς
1259 1405 1319 1489 μὲν
1427 1435 1433 1447 ·

103 1487 257 1566 λίθινους
277 1489 331 1552 καὶ
354 1483 563 1574 impetuose
578 1495 728 1575 σέβοντες
750 1484 965 1576 ἀφυλάκτους,
988 1487 1064 1567 τοὺς
1086 1489 1123 1555 δὲ
1145 1483 1320 1576 ἀργυρέους

101 1574 158 1638 καὶ
179 1576 319 1658 χρυσοῦς
341 1570 537 1658 tutelonis
557 1579 631 1652 ταῖς
652 1575 731 1654 νυξὶ,
753 1576 808 1639 καὶ
829 1585 904 1651 ταῖς
924 1569 1061 1662 ἡμέραις
1083 1572 1231 1660 φύλακας
1252 1599 1320 1641 nu-

102 1663 354 1742 ρακαθίσαυτες,
377 1658 432 1724 ἵνα
452 1659 497 1744 μὴ
519 1659 706 1726 madoci:
730 1662 808 1724 Deos
832 1662 964 1741 lapideos
988 1663 1103 1742 qudem
1125 1674 1153 1726 et
1175 1671 1320 1726 testaceos

101 1749 298 1818 veneramini,
322 1747 493 1808 custodibus
516 1759 667 1820 carentem
690 1757 849 1827 argenteos
870 1758 969 1809 autent
990 1755 1019 1808 et
1039 1765 1151 1809 aureas
1164 1747 1320 1810 includitis

102 1840 196 1892 noctu
225 1849 261 1892 aa
282 1831 415 1892 interdiu
439 1833 575 1894 custodes
598 1837 759 1914 apponitis,
781 1851 819 1892 ne
840 1831 928 1910 furto
951 1831 1267 1912 auferanturllipist.
1282 1833 1319 1894 ad

102 1913 210 1992 Diogn.
232 1922 300 1993 post
321 1913 385 1975 init.
408 1933 474 1995 pag.
497 1917 591 1992 495.).
613 1925 617 1934 ’
636 1917 725 1986 Recte
747 1933 817 1994 ergo
840 1915 1037 1976 Tertullianus
1065 1917 1153 1978 hasce
1181 1916 1318 1979 excubias

103 1996 263 2059 christiano
289 1998 374 2060 militi
396 1999 499 2061 uetitas
528 2019 595 2061 esse
624 2001 668 2062 sic
688 1999 873 2082 pronuntiat:
910 2000 1077 2063 Tacububit
1103 2019 1166 2082 pra
1199 2002 1319 2083 templis

102 2083 210 2165 quidun
233 2088 429 2156 renuntiavit,
452 2097 482 2147 ct
503 2086 638 2148 coenabit
662 2085 727 2148 illic
747 2086 802 2147 nbi
820 2085 958 2166 apostolo
980 2103 1041 2147 nou
1060 2085 1170 2164 placet,
1194 2097 1224 2147 et
1245 2105 1319 2168 quos

100 2167 238 2230 interdiu
271 2173 448 2231 euarcismis
480 2171 612 2252 fugauit,
649 2170 787 2232 nimimm
816 2169 976 2231 daemones
1007 2177 1036 2231 et
1061 2170 1212 2248 gentilium
1236 2172 1319 2245 deos,

101 2253 242 2314 noctibus
265 2254 432 2333 defensabit
453 2257 624 2317 incumbens
645 2267 674 2317 et
696 2260 883 2337 requiescens
905 2273 999 2335 super
1019 2256 1115 2335 pilum
1136 2255 1318 2329 (Tertullian.

102 2337 140 2397 de
162 2337 280 2397 Corona
301 2355 363 2417 cap.
389 2342 462 2414 ll).
505 2339 585 2400 Aliae
607 2339 752 2402 editiones
774 2358 868 2420 caper
891 2339 1000 2401 innuba
1023 2339 1084 2400 sive
1112 2339 1226 2415 lancea,
1261 2360 1319 2422 qua

100 2423 280 2502 perfossum
301 2433 345 2484 eet
367 2423 449 2484 latus
474 2424 594 2486 Christi.
639 2425 742 2485 Cernis
765 2427 897 2503 prolecto
920 2443 975 2502 quo
999 2425 1106 2485 ethnici
1128 2425 1243 2486 ratione
1264 2443 1319 2504 pro

103 2505 161 2567 diis
185 2507 248 2567 suis
272 2505 449 2569 excerbarent
469 2508 689 2588 vigilarentque.
734 2509 794 2569 Sed
815 2509 845 2570 bi
867 2509 1016 2582 custodes,
1039 2509 1250 2588 quantumlibet
1271 2510 1317 2570 ri-

102 2591 195 2670 giles‚
229 2591 372 2670 impedire
393 2609 454 2652 non
474 2603 634 2672 potuemnt
655 2595 813 2672 quominus
844 2593 960 2654 illorum
983 2593 1091 2672 templa
1113 2602 1142 2654 et
1164 2594 1319 2656 simulacra

102 2675 238 2754 spoliata,
267 2686 349 2755 rapte
377 2695 411 2737 ac
431 2677 565 2756 plurimis
586 2677 712 2739 ludibrio
734 2677 943 2756 despectuique
965 2678 1082 2738 luerint.
1111 2679 1318 2740 Verumtamen

102 2760 228 2839 gentiles
249 2779 425 2840 persuasum
447 2762 546 2840 utique
568 2761 715 2823 habebant
736 2763 808 2823 baec
831 2761 985 2822 simulacra
1000 2762 1144 2841 ipsosmet
1159 2763 1231 2823 deos
1246 2781 1318 2824 suos

102 2863 174 2906 esse
203 2856 253 2906 aut
281 2863 383 2906 eorum
406 2853 485 2907 certe
499 2846 688 2920 domicilium,
712 2847 813 2908 sedem
829 2845 1090 2907 athabitationem.
1119 2844 1206 2906 Plura
1221 2853 1317 2907 autem

102 2931 141 2991 do
169 2929 208 2990 iis
236 2929 304 2990 alibi
335 2932 537 2992 annotavimus
566 2930 732 3003 (dissertat.
755 2931 786 2991 in
806 2930 917 2991 Amob.
941 2949 1003 3010 cap.
1027 2933 1079 2994 td.
1100 2929 1162 2991 Art.
1185 2935 1214 2994 5.
1237 2939 1267 2992 et
1289 2931 1318 2991 in

103 3014 235 3076 Lactant.
258 3033 320 3094 cap.
344 3018 395 3080 35.
417 3015 479 3076 brt.
502 3020 545 3092 5.)
568 3022 598 3077 et
618 3016 712 3076 adbuc
733 3015 807 3076 inira
829 3014 971 3078 dicemus.

189 3098 246 3160 Tac
269 3107 380 3172 tamen,
403 3100 429 3160 si
450 3099 540 3173 velis,
562 3099 685 3179 gentiles
707 3117 769 3161 non
791 3099 954 3160 credidisse
980 3099 1052 3160 haec
1073 3098 1229 3161 simulacra
1250 3117 1318 3161 esse
1393 3106 1398 3121 '

102 3183 189 3257 deos,
211 3183 264 3245 sed
286 3183 323 3244 iis
345 3193 457 3246 tantum
481 3185 705 3264 repraesentari,
728 3183 797 3264 quid
819 3183 887 3245 inde
908 3182 1069 3263 proficies?
1096 3185 1218 3246 Constat
1240 3185 1318 3246 enim

101 3268 159 3330 bos
182 3269 328 3348 ipsosmet
348 3269 499 3348 gentilium
519 3271 601 3343 deos,
625 3270 789 3350 quicunque
811 3269 930 3342 luerint,
954 3268 990 3328 ad
1016 3277 1120 3331 nutum
1146 3269 1316 3332 arbitrium-

101 3371 161 3432 que
189 3353 366 3432 pependisse
393 3354 589 3434 imperatoris.
633 3355 671 3417 Et
697 3354 727 3414 id
749 3353 866 3434 quidem
888 3353 972 3414 multi
999 3361 1032 3415 ut
1053 3353 1189 3434 superius
1213 3361 1318 3415 osten·
1393 3371 1397 3384 ·

102 3438 212 3512 dunas,
236 3438 347 3517 experti
370 3447 448 3500 sunt.
479 3439 557 3512 Quin
579 3439 666 3501 etiam
688 3439 789 3520 plures
811 3441 860 3510 dii,
884 3438 969 3499 sicuti
991 3438 1087 3501 aiebat
1108 3439 1317 3513 Tertullianus,

102 3523 276 3586 babumunt
299 3523 456 3586 Caesarem
477 3527 592 3586 iratum
613 3525 796 3600 (Tertullian.
810 3523 963 3604 Apologet.
986 3541 1049 3604 cap.
1065 3526 1140 3600 29.),
1163 3524 1317 3604 qui‘ride-

101 3607 171 3669 lieet
193 3623 254 3668 non
275 3608 371 3670 solum
393 3609 510 3670 illorum
533 3609 597 3671 lana
620 3618 649 3671 et
670 3617 781 3672 statuas
803 3609 965 3680 aedificari,
997 3609 1051 3670 sed
1077 3609 1161 3687 ipsos
1183 3626 1237 3687 pra
1260 3607 1317 3669 diis

101 3691 206 3753 baberi
238 3692 438 3772 prohibuerat.
487 3693 565 3756 Nihil
593 3701 689 3756 autem
716 3693 873 3756 absurdius
911 3711 997 3773 quam
1025 3693 1119 3754 adils
1147 3691 1317 3770 imperatori

101 3776 245 3840 subiectis
268 3776 390 3838 salntem
413 3777 491 3839 illins
513 3785 629 3858 petere,
652 3778 701 3857 qui
724 3797 807 3839 suam
829 3778 928 3856 potins
951 3776 1059 3839 abillo
1092 3793 1178 3855 quam
1205 3774 1254 3835 bic
1281 3775 1317 3836 ab

103 3860 161 3922 illis
194 3869 312 3941 poterat
344 3861 489 3924 obtinere.
534 3861 722 3941 Quapropter
743 3861 941 3924 Temdlianus
971 3862 1091 3923 eosdem
1113 3857 1246 3920 ethnicos
1269 3859 1316 3920 bis

106 3945 263 4026 compellat
283 3925 399 4008 verbis:
436 3947 495 4009 Sed
516 3965 570 4010 aas
590 3947 764 4028 irreligiosi,
793 3951 845 4028 qui
865 3965 929 4008 eunt
950 3946 1078 4009 salutem
1099 3946 1244 4024 quaeritis
1265 3943 1319 4005 ubi

106 4047 168 4092 naa
190 4043 244 4102 eet,
262 4035 367 4112 petitis
390 4051 409 4093 a
430 4033 536 4114 quibus
559 4033 630 4094 dari
646 4050 709 4094 nan
728 4041 829 4112 pateat
851 4031 958 4108 (ibid).
1002 4031 1045 4092 lta
1067 4027 1183 4107 quidem
1205 4026 1237 4088 in
1258 4045 1316 4088 no-

109 4114 176 4178 stris
199 4115 351 4178 mdiaibus
378 4123 408 4178 et
438 4115 616 4179 editionibus
644 4116 781 4196 antique.
824 4115 861 4177 lt
892 4115 1033 4195 Rigaltius
1067 4119 1169 4175 conus
1199 4111 1316 4174 illorum

106 4201 239 4262 amnium
260 4201 464 4264 audacitatem
486 4201 575 4262 scribi
596 4201 685 4263 iussit
706 4200 856 4280 religiosi,
888 4200 967 4262 baud
994 4197 1081 4260 dubie
1107 4197 1174 4276 quia
1194 4197 1317 4278 putabat

104 4283 171 4348 illas
187 4285 234 4354 ,ibi
257 4285 414 4365 religiosos
437 4284 549 4348 bonico
570 4285 719 4368 appellari.
756 4282 815 4346 Sed
835 4285 941 4346 licetne
962 4285 1043 4346 hans
1059 4282 1097 4344 ob
1118 4281 1316 4344 coniecturam

105 4370 279 4432 annositate
292 4370 412 4451 propria
426 4379 537 4432 textum
551 4372 680 4432 auctoris
695 4371 859 4444 immutare,
872 4377 959 4448 atque
972 4375 1035 4430 tum
1048 4367 1184 4442 maxime,
1199 4367 1316 4447 quanm

104 4455 260 4536 uniusque
280 4455 416 4518 lectionis
438 4455 518 4517 idem
537 4463 581 4517 est
604 4452 737 4518 sensus?
1271 4451 1283 4489 ³¹

189 4539 307 4602 llursus
329 4548 426 4602 autem
448 4539 497 4602 ille
518 4539 699 4603 demonstrat
713 4537 896 4603 Christianos
916 4537 1010 4617 magis
1032 4555 1120 4618 quam
1141 4535 1264 4616 gentiles
1280 4535 1317 4598 do

105 4620 292 4705 imperatoris
320 4625 368 4688 sai
394 4623 488 4688 salute
509 4641 576 4688 esse
602 4625 744 4690 sollicitos
767 4623 851 4702 (ibid.
875 4641 937 4704 cap.
960 4625 1035 4702 bb),
1065 4631 1170 4703 utpote
1190 4619 1239 4701 qri
1262 4637 1315 4682 ex·
