3122 5250
262 369 331 438 338
364 383 556 431 orsssnrsno
571 383 602 429 us
617 379 866 436 ausarensem.
881 382 1076 428 usnmumur
1089 381 1313 427 monossnuus
1327 381 1409 426 carr.

263 537 420 620 hpologet.
442 556 505 620 cap.
528 527 583 616 2.),
615 535 748 616 nihilque
775 535 909 616 amplius.
952 534 989 598 ht
1009 553 1077 597 nrm
1097 553 1146 598 res
1167 534 1208 597 ita
1228 534 1275 609 sit,
1302 533 1396 614 pergit
1414 533 1465 608 ille,

265 632 362 686 certe:
392 623 585 686 Christianos
612 625 642 684 si
665 621 782 684 nullius
811 623 944 684 criminis
966 638 1075 682 nomen
1095 629 1149 691 est,
1177 619 1264 682 ualde
1283 621 1469 700 ineptamsr'

264 709 363 772 sols'os
391 711 521 792 amoime
550 710 662 770 crinea
691 716 735 768 est
762 705 944 779 (Tertullian.
967 704 1061 782 ibid.).
1103 703 1141 765 Et
1166 704 1207 766 ita
1234 703 1351 783 quidem
1361 703 1400 775 ,iu
1419 703 1466 764 tti-

266 791 346 874 galtii
368 791 506 854 editione.
549 791 583 853 ln
603 790 715 852 nostris
736 809 808 852 vero
831 789 996 852 codicibus:
1020 789 1210 854 Christianus
1232 793 1262 851 si
1278 787 1393 850 nullius
1413 791 1467 850 cri-

263 881 355 946 minis
375 895 484 940 nomen
498 895 570 940 rests
582 887 636 949 est,
659 875 746 938 valde
766 879 921 947 incestum,
943 874 1320 945 recentioresziarertcm,
1343 877 1371 935 si
1381 871 1467 934 solies

265 965 398 1025 norains's
422 965 533 1024 aminea
553 969 607 1023 sat.
650 959 684 1020 ln
706 958 881 1040 quibusdam
903 958 1112 1038 manuscriptis
1134 968 1165 1020 et
1185 957 1271 1020 editis
1286 955 1406 1037 Rigaitio
1420 975 1467 1018 an-

266 1045 460 1126 tiquioribus:
484 1045 674 1109 massanus
696 1048 726 1106 si
745 1043 861 1107 acilius
884 1047 1019 1106 criminis
1040 1062 1111 1106 raes
1132 1051 1185 1116 est,
1208 1060 1318 1105 nomen
1332 1041 1414 1104 ualde
1426 1045 1469 1104 in-

265 1133 390 1212 festum,
417 1133 447 1194 si
473 1129 570 1193 solies
596 1133 726 1192 comicis
756 1132 868 1192 eminere
895 1138 950 1190 est.
992 1128 1086 1208 Atque
1114 1127 1188 1190 baec
1213 1127 1329 1188 videtur
1354 1125 1468 1206 genuino

267 1215 439 1278 Tertulliani
459 1214 558 1290 lectio,
579 1221 666 1293 atque
687 1213 718 1274 in
739 1212 805 1275 aliis
826 1211 977 1274 codicibus
1000 1232 1034 1275 ea
1055 1231 1112 1274 vox
1133 1231 1242 1275 nomen
1255 1210 1432 1291 transposita
1444 1219 1469 1270 et

266 1300 358 1364 altera
390 1304 536 1362 incestum
566 1306 712 1377 corrupta.
765 1297 877 1360 Sensus
911 1315 1036 1377 namque
1068 1296 1240 1359 Tertulliani
1273 1303 1321 1358 est
1346 1294 1470 1356 christia-

266 1401 340 1446 num
366 1401 476 1446 nomen
502 1383 596 1446 luisse
621 1382 745 1445 ethnicis
766 1382 849 1444 valde
870 1381 1018 1456 iniestum,
1047 1380 1270 1461 propterquod
1305 1379 1398 1442 solum
1423 1397 1471 1439 uec

267 1469 346 1532 aliud
367 1487 491 1548 prorsus
514 1467 552 1529 ob
584 1467 694 1529 crimen
716 1465 901 1529 Christianos
923 1474 984 1528 tam
1006 1465 1361 1546 crudelitertorquebaut
1381 1471 1409 1526 et
1427 1464 1468 1524 iu-

267 1553 461 1616 terficiehant.

351 1638 389 1699 lt
409 1636 520 1700 nullum
542 1644 631 1710 certe,
654 1644 738 1716 urget
753 1635 950 1698 Tertullianus
974 1633 1057 1708 (lhid.
1081 1653 1145 1714 cap.
1160 1637 1214 1711 3.),
1236 1634 1368 1696 nominis
1382 1632 1470 1693 odium

266 1721 383 1820 concipi
409 1728 517 1818 potest,
545 1721 613 1817 nisi·
630 1720 702 1817 illud
730 1719 836 1817 aliquid
860 1718 1004 1816 significet
1034 1719 1192 1782 barbarum
1220 1727 1271 1782 aut
1292 1720 1427 1781 citimum
1440 1716 1471 1813 ‘in

266 1803 1470 1969 liulhllllllllialibili{phisilal'lillllhsolih‘lili

267 1975 370 2068 audire
397 1973 561 2036 noluerant
605 1973 683 2034 Nibil
710 1973 797 2034 etiam
823 1972 980 2035 barbamm
1006 1974 1037 2034 in
1059 1973 1217 2036 Christiani
1244 1973 1375 2046 nomine,
1402 1968 1471 2050 quod

269 2060 305 2123 de
330 2063 479 2131 coctione,
512 2058 553 2120 ait
578 2057 785 2132 Tertullianus,
818 2058 976 2121 deducitur
1003 2057 1112 2135 (ibid).
1155 2058 1216 2120 Nec
1242 2057 1337 2120 hilum
1364 2056 1470 2138 quidem

265 2143 480 2224 promovebant
500 2141 593 2222 ignari
615 2141 747 2220 gentiles,
770 2141 819 2221 qui
843 2142 1045 2214 Chrestinam,
1073 2161 1133 2204 non
1157 2143 1358 2216 Christtums,
1380 2139 1469 2221 appel-

266 2227 374 2290 landos
396 2246 462 2289 esse
484 2226 658 2306 garriebant.
701 2226 775 2287 Nam
795 2226 854 2288 hoc
874 2227 972 2306 ipsum
992 2246 1101 2289 nomen
1123 2229 1158 2290 ds
1190 2231 1343 2290 suavitate
1364 2225 1411 2288 oel
1429 2226 1472 2286 be-

266 2316 415 2394 niqritote
442 2311 603 2373 derivatum
624 2318 671 2372 est
698 2309 806 2389 (ibid).
849 2310 886 2372 ht
907 2309 943 2372 de
963 2311 1019 2374 hac
1039 2312 1192 2393 utriusque
1213 2312 1347 2375 nominis
1368 2320 1471 2392 etymo·
1544 2321 1545 2382 q

265 2395 346 2478 logia
366 2395 434 2458 alibi
455 2395 650 2458 disseruimus
672 2395 839 2472 (Dissertat.
861 2395 892 2456 in
913 2395 1043 2458 Lactant.
1065 2415 1128 2478 cap.
1154 2400 1202 2462 tt.
1223 2397 1287 2459 hrt
1311 2401 1363 2474 1.).
1544 2383 1545 2400 ’

761 2563 928 2616 anniculus
946 2564 988 2614 lli.

268 2667 340 2720 Quam
358 2666 453 2712 absurde
471 2667 552 2712 ethnici
570 2666 692 2712 obiicerem
708 2666 845 2711 Christianos
862 2675 953 2724 propter
970 2679 1035 2712 suum
1054 2676 1091 2712 sut
1108 2668 1204 2713 auctoris
1222 2668 1257 2712 sui
1277 2681 1358 2714 nomon
1377 2668 1424 2713 odio
1439 2663 1473 2708 ha·

270 2735 366 2788 bardos,
383 2736 436 2791 quis
453 2736 528 2780 nullus
545 2735 692 2791 philosophus
709 2734 844 2788 Platonicos,
861 2735 993 2791 Epicureos,
1013 2735 1171 2792 Pythagoreos,
1188 2736 1275 2781 Stoicos
1294 2744 1316 2780 st
1332 2735 1474 2782 neaemias

309 2804 383 2848 nuilus
401 2801 500 2848 modicus
517 2801 681 2856 Erasistratum,
699 2803 773 2846 nullus
791 2803 949 2856 grammaticus
965 2804 1123 2857 Aristarchum,
1141 2805 1217 2848 nullus
1234 2816 1321 2859 coquus
1338 2804 1440 2861 Apicium,
1544 2797 1545 2846 i

457 2879 569 2916 sectarum
587 2882 677 2916 suarum
696 2877 797 2914 suctores
816 2871 844 2914 ob
863 2882 928 2914 suum
947 2883 1028 2916 nomen
1046 2873 1120 2916 odisse
1138 2873 1303 2928 perhibeantur.

354 2983 426 3046 Cum
446 2984 520 3048 nibil
541 2985 581 3048 sit
601 2985 665 3047 sole
686 2985 773 3046 etiam
794 2984 955 3047 meridiano
978 2985 1094 3060 clarius,
1116 2984 1197 3064 quod
1216 2986 1378 3048 bmnanum
1397 2986 1472 3062 inqe-

269 3069 362 3144 uium,
384 3070 474 3132 salsae
494 3069 645 3149 religionis
660 3069 847 3149 praeiudiciis
871 3079 1064 3144 excaecatum,
1087 3069 1244 3132 obscurare
1259 3089 1321 3132 non
1337 3069 1471 3138 mohatur,

269 3169 331 3214 non
358 3153 466 3215 mirum
493 3154 637 3234 prolecto,
667 3136 695 3214 si
724 3154 833 3218 ethnici
861 3154 1035 3234 quibusdam
1067 3154 1203 3234 litigiosis
1236 3153 1472 3236 disputationibus

269 3236 437 3316 propositas
459 3237 495 3298 ab
517 3237 641 3299 Auctore
662 3245 767 3300 nostro
789 3237 995 3300 invictissimas
1020 3238 1052 3299 in
1073 3238 1310 3302 Christianorum
1332 3237 1472 3302 detensio-

268 3337 340 3381 nem
367 3318 633 3399 argumentationes
663 3321 780 3384 eludere
802 3331 851 3384 aut
872 3323 1020 3385 infirmare
1042 3324 1226 3386 tentaverint
1268 3324 1412 3386 Audiendi
1430 3329 1472 3382 ta-

269 3419 340 3465 men
367 3403 497 3466 bisunt
522 3405 570 3484 qui
593 3405 776 3468 Christianos
797 3407 899 3468 audire
921 3408 1061 3469 nolebant
1082 3416 1111 3470 et
1133 3408 1333 3484 excutiendae,
1363 3405 1471 3489 quales-

270 3505 396 3567 cumque
418 3485 486 3560 sint,
509 3489 625 3551 illorum
646 3489 785 3552 rationes.

356 3571 545 3634 Clamitabant
571 3580 754 3636 autemnon
787 3575 962 3654 requirenda
994 3595 1061 3638 esse
1093 3577 1328 3640 Christianorum
1362 3575 1470 3647 scelera,

270 3675 346 3738 quae
369 3657 466 3719 omnia
488 3676 547 3719 uno
571 3676 674 3720 eorum
695 3658 814 3720 nomine
836 3661 1133 3740 comprehenduntur.
1164 3662 1222 3723 Sed
1244 3661 1398 3726 falsissima
1413 3675 1471 3721 esse

270 3743 344 3804 baec
370 3741 492 3804 crimina
519 3741 577 3804 iam
605 3742 798 3805 ostendimus,
840 3743 899 3806 Fac
924 3753 1031 3820 amen,
1065 3746 1090 3807 si
1116 3747 1225 3826 possis,
1258 3747 1308 3809 illa
1334 3755 1392 3809 tam
1411 3759 1470 3804 rara

269 3845 339 3890 esse
361 3845 447 3907 quam
469 3826 541 3889 laisa
563 3835 642 3902 sunt,
663 3827 805 3907 numquid
827 3827 972 3892 homicida
1005 3831 1051 3891 vel
1083 3830 1157 3892 alius
1179 3830 1301 3910 quilibet
1322 3831 1469 3894 sceleratus

269 3911 361 3974 bomo
382 3919 504 3991 propter
524 3929 610 3974 suum
632 3912 728 3974 solum
749 3929 858 3973 nomen
879 3914 1068 3976 condemnari
1089 3913 1198 3977 debet?
1240 3915 1346 3978 Nonne
1369 3914 1471 3978 iudices

269 4003 410 4058 tenentur
435 3996 518 4058 illum
544 3996 647 4058 audire
675 3997 904 4076 etinvestigare
930 3999 992 4072 ubi,
1025 3999 1152 4078 quando,
1185 4002 1344 4079 quomodo,
1374 3996 1468 4079 quibus

271 4079 362 4142 sociis
383 4080 493 4143 crimen
514 4079 751 4162 perpetraverit?
779 4081 886 4144 Verum
898 4082 1056 4144 Christiani
1078 4085 1253 4147 contrahas
1275 4083 1467 4165 aequissimas,

271 4163 315 4224 uti
335 4164 473 4238 diximus,
494 4165 574 4246 leges
596 4165 873 4228 condemnabantur.
915 4165 1133 4246 iniquissimum
1155 4187 1225 4248 ergo
1248 4178 1311 4232 erat
1330 4166 1467 4249 gentilium

270 4245 411 4310 iudicium
432 4250 612 4324 (Tertsdliau.
633 4250 786 4331 Apoloqet.
808 4269 870 4330 cap.
893 4254 922 4315 2.
946 4259 976 4312 et
995 4252 1045 4314 lib.
1068 4254 1091 4315 1.
1113 4253 1149 4314 ad
1170 4254 1287 4317 Nation.
1309 4271 1371 4334 cap.
1393 4254 1440 4326 6.).

356 4331 503 4411 Urgebant
527 4343 625 4398 mmen
646 4335 786 4415 gentiles:
824 4331 912 4398 Sesto
932 4335 1164 4400 Christianorum
1184 4340 1340 4403 aditoria
1360 4335 1470 4399 nomiae

270 4417 373 4496 satique
400 4421 450 4478 rut
474 4425 609 4482 acetaria
636 4420 747 4498 (ibid).
794 4419 941 4500 Numquid
968 4439 1039 4501 erqo
1072 4423 1294 4486 examinandum
1324 4439 1384 4484 non
1413 4419 1467 4479 erat

271 4503 371 4562 uhum
399 4499 451 4561 :itte
476 4511 580 4563 auctor
610 4513 659 4566 aut
686 4505 750 4566 eius
778 4512 938 4566 sectatores
967 4505 1036 4566 odio
1068 4525 1169 4569 resera
1189 4507 1291 4572 baberi
1312 4495 1468 4568 deberent?

270 4583 470 4648 Tertullianus
499 4593 596 4648 sutem
610 4641 613 4646 .
628 4588 846 4652 evidentissime
877 4589 1060 4654 demonstrat
1094 4593 1227 4656 ethnicos
1263 4591 1386 4658 absurda
1418 4586 1470 4645 1¹³⁶
