3196 5250
546 393 681 439 secretus
702 395 761 440 nte.
783 397 821 441 ur
842 395 970 443 noomr.
1306 391 1371 458 435

144 539 275 602 clamore
289 538 400 636 ubique
415 542 652 606 vociferabantur
665 544 733 607 illos
755 546 785 608 in
807 547 987 628 reipublicae
1009 556 1093 613 ortos
1108 570 1178 615 esse
1192 558 1368 634 perniciem.
1432 525 1435 532 Ι
1488 544 1527 612 0

144 623 270 703 Exque
292 643 372 686 enrm
394 645 498 688 eorum
520 627 623 706 religio
647 629 842 692 inmundum
864 632 1055 696 disseminata
1083 643 1143 698 est:
1180 638 1371 722 Templomus

132 715 327 790 ‚nostrorum
349 709 530 789 inquiebam,
553 713 712 794 ceetiqolio
733 715 864 796 quotidie
885 719 1056 798 decoquunt
1084 720 1269 796 (Tertullian.
1285 727 1367 807 Apo-

142 792 234 871 lcget.
249 811 313 872 cap.
325 797 402 869 42),
425 795 483 856 hoc
505 804 551 856 est
571 797 711 876 paulatim
726 798 909 862 minuuntur.
954 801 1080 864 Cuilibet
1095 806 1173 868 enim
1190 808 1368 888 Christiana

142 876 187 938 uti
209 877 338 956 ipsemet
352 877 550 942 Tertullianus
572 882 689 954 latetur,
713 883 895 961 prohibitum
918 895 990 959 erat,
1013 905 1051 950 ue
1073 907 1165 952 curos
1188 893 1371 973 teotplcruos

143 957 259 1043 deleqet
279 973 334 1023 eut
355 964 514 1044 oectoqolio
536 983 641 1027 eorum
659 980 810 1046 procuret
837 968 931 1042 (idem
952 969 1005 1032 lib.
1026 970 1063 1033 de
1084 973 1218 1037 idololat
1242 996 1267 1037 c.
1293 983 1365 1058 12).

143 1045 217 1106 Cum
239 1045 335 1107 maior
357 1046 465 1126 itaque,
488 1048 531 1109 uti
555 1051 673 1128 saepius
689 1050 827 1125 diximus,
850 1060 933 1115 esset
943 1053 1180 1120 Christianorum
1196 1079 1284 1139 quam
1299 1065 1366 1126 etb-

138 1130 278 1275 qiqqrqqn
299 1147 453 1205 uumerus,
475 1133 609 1212 proiecto
632 1134 719 1214 longe
740 1135 896 1216 pauciores
915 1139 1096 1220 templorum
1118 1143 1268 1224 vectigalia
1288 1165 1366 1227 pen·

163 1233 180 1274 e

227 1331 336 1392 Verum
358 1333 412 1394 etsi
434 1351 483 1393 res
505 1333 545 1396 ita
568 1334 615 1406 sit,
640 1335 748 1396 ethnici
774 1356 836 1398 non
858 1338 894 1400 de
910 1338 1086 1404 Christianis
1107 1350 1229 1420 mutum,
1253 1347 1307 1408 sed
1329 1347 1367 1412 de

140 1413 210 1477 suis
238 1415 326 1477 etiam
355 1417 550 1479 sectatoribus
574 1420 761 1498 expostulare
784 1421 938 1484 debebant
981 1425 1025 1486 Ab
1047 1426 1091 1488 eis
1113 1427 1222 1508 quippe
1244 1429 1366 1494 'iertul-

141 1497 240 1560 lianus
268 1500 356 1579 petit:
394 1500 493 1580 Stipes
530 1509 763 1585 quotusquisque
789 1509 850 1566 ium
870 1510 965 1570 iuctct
992 1509 1086 1585 (Idem
1115 1512 1269 1592 Apologet.
1298 1515 1365 1578 loco

140 1581 233 1660 cit.)‘l
270 1583 368 1664 Stipes
392 1592 490 1646 autem
511 1604 651 1648 nummus
674 1594 738 1650 erat
758 1589 901 1667 signatus.
947 1591 1006 1665 Qui
1029 1595 1107 1655 enim
1131 1596 1188 1658 diis
1212 1617 1277 1660 cum
1300 1600 1366 1663 tlte-

139 1671 258 1744 suuris,
286 1668 327 1729 ait
347 1669 450 1742 Varro,
480 1689 564 1731 ossea
588 1671 670 1743 daut,
694 1676 801 1752 stipem
822 1674 927 1738 dicum
953 1675 1047 1753 (Varr.
1070 1678 1120 1739 lib.
1131 1679 1179 1741 tv.
1192 1681 1228 1742 de
1250 1681 1365 1764 Lingua

139 1750 207 1812 Lat.
232 1751 297 1822 suh.
319 1752 394 1831 un).
440 1752 640 1826 Quamobrem
663 1755 786 1818 Ovidius
809 1757 947 1820 canebat:

298 1869 433 1934 Contulit
454 1889 504 1934 ces
523 1872 678 1952 populus:
702 1874 736 1934 de
758 1894 816 1956 quo
839 1875 966 1939 delubro
987 1837 1128 1941 Metellus

347 1953 436 2027 Fecit,
460 1959 520 2017 cit:
542 1957 657 2020 dundee
677 1976 742 2021 mos
765 1963 852 2037 stipis
874 1960 943 2022 iude
963 1971 1075 2023 mouet.

776 2042 876 2116 (ovio.
897 2043 948 2104 lib.
972 2045 1020 2105 tv,
1041 2045 1158 2107 Foster.
1181 2049 1212 2122 §-
1234 2048 1278 2124 3.)

138 2151 259 2214 Etbnici
287 2171 357 2232 ergo
385 2156 412 2216 si
442 2155 548 2236 stipem
577 2156 695 2236 templis
722 2175 784 2218 non
811 2159 934 2234 dabant,
970 2177 1031 2221 non
1053 2161 1152 2224 minus
1174 2169 1254 2222 certe
1276 2180 1364 2242 mam

137 2236 302 2298 Christiani
323 2237 360 2299 iis
382 2238 527 2300 iaciebant
548 2239 767 2302 detrimentum.

225 2353 377 2417 instabant
398 2356 522 2434 gentiles
544 2364 640 2436 atque,
669 2365 703 2418 ut
723 2358 765 2419 ait
785 2357 946 2434 Arnobius,
975 2359 1168 2434 coniectores,
1193 2361 1287 2434 arioli,
1309 2357 1367 2424 va-‘

140 2445 188 2498 tes
212 2446 242 2499 et
263 2438 311 2500 alii
334 2439 519 2502 amarissime
547 2441 739 2520 deplorabant
765 2443 797 2503 in
814 2444 941 2523 ‚templis
970 2444 1033 2506 suis
1057 2449 1218 2507 raritatem
1239 2445 1362 2519 (druch.

136 2522 191 2583 tit,
214 2521 251 2582 ll.
273 2523 396 2585 Advers.
420 2524 528 2602 Genu),
558 2543 591 2585 uc
612 2544 668 2586 nee
689 2525 808 2604 exiguas
830 2527 949 2606 quidem
972 2528 1065 2607 stipes
1087 2547 1180 2606 posse
1202 2547 1219 2589 a
1240 2529 1361 2607 paucis-

138 2605 226 2667 simis
249 2607 468 2670 consultoribus
492 2609 671 2687 extorqueri.
717 2609 832 2671 Scimus
856 2611 974 2689 quidem
996 2610 1123 2672 Plinium
1139 2610 1307 2674 Secundum
1329 2610 1362 2674 in

137 2709 195 2752 sua
217 2689 253 2750 ad
276 2690 435 2754 Traianum
457 2693 666 2772 imperatorem
689 2693 813 2771 epistola
836 2695 996 2774 scripsisse
1019 2693 1127 2774 templa
1150 2703 1179 2755 et
1202 2713 1285 2754 sacra
1307 2713 1361 2754 so-

137 2773 248 2836 lemnia
272 2776 408 2855 coepisse
431 2795 487 2838 suo
510 2785 644 2854 tempore
665 2777 771 2855 repeti.
816 2775 954 2838 'lotidem
976 2777 1053 2838 enim
1076 2776 1149 2837 haee
1169 2775 1250 2836 illius
1272 2776 1363 2838 verba

135 2858 281 2936 legimus:
307 2861 392 2922 Certe
415 2865 489 2922 sotis
513 2870 632 2924 constat
647 2878 747 2938 prope
768 2863 828 2921 ium
851 2859 984 2923 desoluto
1007 2857 1117 2939 templo
1139 2863 1269 2938 coepisse
1284 2859 1362 2922 cele-

137 2943 232 3005 brari
250 2954 278 3004 et
300 2963 389 3006 sacro
411 2943 556 3006 solemnio
579 2945 628 3004 diu
650 2947 825 3005 intermisso
847 2947 944 3023 repeti
957 2946 1129 3023 passimque
1150 2945 1253 3003 uenire
1274 2945 1363 3006 uicti-

136 3045 223 3099 mos,
256 3047 386 3108 quorsom
414 3027 510 3090 adbuc
539 3029 716 3089 rora'ssimus
746 3035 863 3105 emptor
891 3027 1101 3087 iuoeuiebotur
1132 3023 1219 3098 (Plin.
1246 3024 1297 3086 lib.
1325 3025 1362 3090 X.

135 3109 236 3190 Epist
255 3114 349 3188 ton).
380 3110 439 3172 Sed
462 3110 541 3189 quod
562 3112 669 3170 latetur
691 3127 784 3188 prope
807 3108 939 3170 desolata
961 3105 1054 3170 luisse
1076 3107 1260 3170 ebreicorum
1282 3117 1361 3170 tem-

137 3193 189 3273 pla
212 3202 242 3256 et
263 3213 356 3268 sacra,
384 3195 444 3256 hcc
463 3193 651 3256 verissimum
674 3199 731 3256 est.
776 3190 863 3265 Quod
885 3210 956 3252 vero
978 3189 1132 3270 subiungit
1154 3190 1202 3252 illa
1224 3191 1361 3272 coepisse

137 3277 251 3356 repeti,
283 3278 330 3349 his
352 3276 450 3338 verbis
472 3279 572 3356 inepte
594 3275 727 3338 adulatus
751 3279 797 3338 est
817 3275 974 3352 Traiano„
997 3275 1081 3337 cuius
1103 3275 1286 3336 clementiam
1308 3294 1363 3355 per

136 3361 185 3422 ias
219 3369 249 3422 et
280 3362 373 3424 nelos⁴
397 3362 538 3423 extollere
570 3358 695 3422 volebat.
739 3360 813 3421 Nam
841 3368 993 3422 crescente
1020 3355 1145 3420 numero
1174 3359 1360 3421 Christiano·

136 3463 206 3588 ruqn
223 3445 337 3588 l'minus
373 3445 632 3524 frequentabantur
664 3443 850 3506 ethnicorum
877 3443 984 3524 templa
1017 3442 1173 3522 minusque
1211 3442 1361 3522 vectigalia

134 3547 222 3590 sore
243 3537 342 3590 antur.

226 3644 425 3706 Tertullianus
448 3644 546 3723 itaque
569 3643 598 3704 id
619 3642 698 3704 ultro
719 3645 828 3706 latetur
849 3651 879 3704 et
900 3642 1058 3732 gentilibus
1080 3641 1244 3722 respondet
1264 3659 1360 3720 qusn-

137 3737 321 3808 tumeunque
347 3727 437 3788 luerit
463 3727 532 3790 illud
563 3728 717 3800 damnum,
751 3727 962 3789 aGhristianis
990 3726 1107 3788 abunde
1128 3725 1256 3788 restitui.
1298 3722 1362 3783 Nos

135 3810 220 3873 enim
242 3829 303 3872 non
326 3811 501 3883 sufficimus,
523 3810 629 3889 inquit,
658 3822 687 3872 et
709 3809 877 3872 bominibus
900 3821 929 3872 et
952 3811 1008 3873 diis
1030 3814 1141 3872 vestris
1162 3807 1363 3868 mendicanti-

86 3935 89 3944 ι
136 3896 196 3957 tm
219 3913 304 3975 opem
324 3896 412 3975 ferre
434 3893 619 3968 (Terudlian.
640 3891 794 3972 apologet
818 3896 975 3972 capite),
1008 3892 1066 3954 hoc
1093 3898 1140 3951 est
1162 3888 1261 3949 omnia
1282 3887 1362 3949 bona
1488 3895 1492 3909 '

134 3985 243 4040 nostra
272 3995 436 4056 omnesque
463 3984 585 4041 nostrae
612 3974 764 4038 iacultates
791 3993 851 4036 non
875 3975 1039 4048 sufficiunt,
1072 3982 1107 4035 ut
1127 3969 1368 4032 mendicantibus

135 4061 248 4123 restris
276 4080 343 4124 cum
373 4060 429 4122 diis
456 4069 520 4122 tum
542 4058 730 4132 hominibus,
761 4059 799 4120 de
821 4058 929 4137 quibus
956 4058 1026 4120 alibi
1047 4075 1065 4116 a
1085 4055 1173 4116 nobis
1195 4061 1292 4116 actum
1314 4061 1362 4114 est

132 4145 240 4220 (Tem.
262 4144 287 4206 l.
308 4145 447 4224 Apparet.
469 4161 535 4224 pag.
553 4145 649 4220 784),
672 4160 760 4222 opem
783 4143 920 4204 luamus.
963 4141 998 4203 ln
1019 4139 1166 4202 aerarium
1188 4155 1258 4216 ergo
1281 4145 1360 4198 tem-

133 4229 257 4310 plorum
284 4236 470 4302 vestrorum,
502 4227 534 4288 in
561 4246 637 4307 quae
664 4245 722 4289 nos
744 4224 898 4288 uobiscum
925 4223 1084 4286 convenire
1104 4223 1188 4283 ncias
1210 4228 1271 4293 est,
1305 4220 1362 4282 etsi

131 4311 248 4374 nullam
271 4310 379 4391 stipem
401 4311 557 4386 iactemua,
587 4309 655 4372 alibi
678 4318 775 4372 tamen
797 4308 980 4388 quibuslibet
997 4305 1168 4386 petentibus
1189 4304 1309 4384 saepius
1331 4310 1365 4365 et

129 4397 226 4474 longe
249 4394 446 4457 abundantius
469 4413 533 4457 eam
554 4393 740 4473 impertimus
761 4392 899 4469 (Dissert
921 4392 953 4452 in
973 4390 1081 4452 Minue.
1097 4389 1197 4452 Oetae
1220 4405 1284 4467 cap.
1307 4390 1360 4451 20.

129 4479 200 4541 Art.
223 4481 301 4556 30.).
343 4478 414 4540 Plus
438 4478 599 4552 enimvero,
622 4477 662 4540 ait
682 4477 741 4552 ille,
768 4486 878 4540 uestro
897 4473 1108 4537 misericordie
1128 4476 1254 4534 insumit
1276 4475 1370 4532 cieo--

130 4567 206 4638 trba,
241 4579 297 4625 seu
317 4561 403 4644 plura
425 4561 606 4645 quibuslibet
632 4580 687 4644 per
707 4561 789 4624 uicos
817 4557 929 4622 etuias
958 4557 1105 4622 civitatum
1126 4553 1377 4619 mendicantibus

1102 4651 1160 4709 28*
