3114 5240
492 367 626 434 morona
647 368 705 412 uro.
729 368 765 414 as
788 369 913 414 uoumr.
1254 353 1315 421 lm

617 517 736 580 CAPUT
758 518 796 580 ll.

99 639 124 688 lla
140 637 195 686 tisri
214 635 364 700 Apologetiei
382 644 470 690 aerato.
488 637 575 701 quibua
593 637 698 704 directus
721 647 918 703 nrrnmpatuaqna
935 640 974 700 ait,
992 649 1070 692 utruro
1089 643 1194 692 auctoris
1212 644 1310 693 aomina

98 705 191 768 primam
212 704 354 768 inscriptos,
370 706 426 768 qais
444 705 511 756 iilius
529 705 621 764 titulus,
639 705 730 769 quodve
747 715 922 768 argumentum,
940 723 952 757 a
971 709 1058 772 quibua
1075 710 1099 760 in
1117 711 1194 772 capita
1217 711 1310 766 divisus

96 773 231 830 unraefixa
251 773 357 838 capitum
375 773 522 830 summaria.
546 789 593 838 quo
613 773 731 838 applausu
755 783 896 838 susceptus,
922 791 936 824 a
963 791 1010 842 quo
1033 778 1185 840 ingraacam
1204 779 1308 844 linguaue

451 855 579 891 conuersus
598 857 626 890 aa
644 857 691 906 quo
709 841 770 904 stylo
790 843 947 907 conscriptus.

644 967 763 980 ——

597 1061 763 1111 surrectus
784 1061 801 1110 l.

252 1167 301 1216 Quo
319 1173 418 1220 temporo
436 1163 586 1206 Tertullianus
603 1165 768 1219 apologeticon
786 1165 896 1220 publicam
914 1167 935 1208 in
953 1166 1025 1210 lucem
1043 1168 1148 1212 emiserit.

172 1281 265 1342 Extra
288 1299 376 1342 omne
398 1278 519 1340 dubimn
547 1289 593 1342 est
614 1279 843 1353 Tertullianum,
871 1281 912 1342 nti
939 1281 996 1344 iam
1025 1283 1219 1356 ostendimus,
1242 1301 1310 1350 osse

92 1368 176 1430 iuius
200 1364 385 1446 Apologetici
406 1353 473 1424 libri
495 1383 596 1426 vermo
625 1384 658 1426 ac
685 1365 843 1443 genuinum
872 1373 1031 1428 auctorem.
1052 1367 1090 1428 tr
1103 1387 1160 1447 quo
1176 1378 1310 1448 temporo

93 1471 156 1514 enm
186 1449 409 1529 composuerit,
438 1467 498 1510 non
525 1467 582 1510 una
611 1459 656 1512 est
683 1450 814 1512 omnium
845 1451 1015 1514 consensio.
1066 1452 1210 1532 Georgius
1230 1455 1309 1518 anim

92 1535 301 1600 ,imbianensis
323 1541 426 1614 putant
447 1533 528 1596 illum
550 1554 566 1594 a
589 1534 768 1598 Tertulliano
797 1535 907 1596 editum
929 1535 1032 1614 primis
1055 1537 1156 1598 Severi
1178 1538 1308 1617 impera-

93 1623 163 1684 toris
187 1620 294 1692 annis,
324 1619 381 1682 lroc
402 1627 449 1680 est
473 1618 560 1698 paulo
588 1629 660 1698 post
680 1638 789 1680 annum
812 1619 920 1682 Christi
943 1619 1064 1682 exult.
1079 1621 1199 1700 (Georg.
1225 1623 1307 1689 vinu.

95 1705 212 1770 Tertull.
236 1713 314 1786 part
344 1703 393 1764 lll.
423 1707 452 1780 ξ.
479 1707 505 1766 1.
534 1723 600 1784 pag.
629 1707 702 1782 ²⁰·ls
733 1723 791 1783 quo
819 1705 868 1766 ille
894 1705 1017 1768 Romani
1038 1705 1153 1785 imperii
1178 1707 1308 1772 tubuas

95 1791 238 1854 moderari
262 1789 370 1868 coepit.
393 1788 481 1849 Suam
503 1798 600 1860 autem
616 1789 787 1868 opinionem
802 1789 870 1852 inde
888 1789 1060 1856 confirmare
1075 1801 1208 1865 conatur,
1230 1793 1310 1872 quod

97 1877 240 1937 existimet
252 1873 481 1946 Tertullianum,
504 1873 553 1934 ubi
574 1872 613 1935 lle
633 1875 791 1954 superstite
812 1874 1031 1953 parricidarum,
1054 1876 1103 1956 qui
1126 1894 1229 1938 nocem
1250 1877 1308 1940 irn-

98 1961 280 2041 peatoribus
291 1958 461 2030 intulerant,
483 1959 680 2020 incarnatione
692 1960 831 2039 loquitur,
855 1959 895 2020 ibi
910 1959 1118 2024 daPortinacis
1133 1961 1307 2024 interlecto-

98 2047 174 2108 ribus
202 2045 315 2108 lenisse
337 2061 507 2106 sermonem
529 2043 711 2110 (Tertullian.
733 2044 913 2124 Apologetic.
936 2064 998 2123 cap.
1022 2048 1085 2122 35.)
1140 2046 1216 2118 Quia
1238 2065 1308 2110 vero

95 2133 203 2202 munt,
234 2129 285 2209 qui
307 2130 452 2190 adsersus
480 2129 620 2192 Severum
648 2128 853 2208 imperatorem
882 2130 1073 2208 conspiravit.
1089 2148 1209 2202 nomen,
1231 2131 1311 2210 quod

95 2219 123 2278 in
143 2225 225 2278 textu
249 2213 423 2274 Tertulliani
445 2212 553 2277 ibidem
574 2213 689 2293 legitur,
712 2215 781 2276 lruic
802 2213 965 2276 sententiae
992 2215 1139 2278 adversari
1161 2215 1309 2290 cernebat,

97 2301 159 2366 illud
183 2301 333 2362 inuusum
362 2307 450 2377 atque
478 2317 513 2360 ex
534 2297 609 2361 libro
631 2298 668 2359 ad
689 2298 841 2376 Scapulam
864 2299 921 2360 lruc
948 2300 1118 2362 translatum
1146 2319 1214 2362 esse
1235 2313 1320 2378 pro-¹

98 2387 205 2447 nuntiat
227 2385 324 2458 (ldem
354 2382 404 2444 lib.
428 2383 463 2443 ad
485 2383 600 2462 Scapul.
623 2402 685 2464 cap.
717 2386 769 2458 2.).
804 2382 853 2444 Sic
881 2384 978 2462 itaque
1000 2384 1175 2447 difficultatis
1198 2385 1309 2448 nodum

99 2472 178 2532 troius
201 2469 285 2532 uerbi
307 2467 510 2547 amputatione
533 2468 626 2530 secari
648 2468 748 2528 voluit.
771 2468 878 2530 Verum
900 2487 966 2548 qua,
989 2467 1092 2532 amabo
1109 2479 1148 2540 te,
1170 2469 1310 2534 rationo?

102 2555 176 2618 Nrdla
195 2554 334 2635 penitus,
365 2571 399 2614 ao
420 2561 522 2614 contra
550 2553 680 2614 omnium
703 2553 967 2632 manuscriptorum
994 2554 1126 2616 codicum
1149 2555 1309 2618 anctorita-

104 2649 165 2704 ten.
207 2640 320 2700 Ererso
344 2638 443 2716 itaque
465 2655 553 2698 ranae
572 2637 649 2700 illius
672 2637 819 2718 opinionis
840 2637 1027 2700 fundamento
1057 2641 1172 2719 etipsa
1193 2639 1310 2716 peniturs

102 2736 159 2786 rant
183 2743 311 2786 necesse
342 2731 398 2782 est.
443 2721 521 2796 Quin
549 2722 637 2784 etiam
663 2722 740 2784 illios
771 2723 883 2784 falsitas
905 2741 939 2784 ex
966 2742 1033 2784 mox
1062 2723 1194 2786 dicendis
1217 2724 1311 2792 adhuc

100 2811 197 2872 darius
219 2808 344 2888 patebit.

176 2895 309 2973 Scaliger
331 2900 431 2952 autern
453 2900 483 2952 et
502 2891 623 2952 rillixios
646 2890 757 2968 opinati
779 2899 848 2952 sunt
863 2885 941 2952 bunc
954 2891 1060 2952 librum
1083 2891 1112 2952 in
1128 2891 1222 2956 lucem
1245 2901 1310 2954 tan·-

102 2989 155 3040 tum
181 2979 335 3060 prodiisse
357 2987 429 3055 post
456 2975 587 3037 eiusdem
616 2974 717 3034 Seueri
744 2975 932 3052 imperatoris
962 2983 1103 3048 mortem,
1132 2995 1206 3054 quae
1234 2995 1311 3040 anuo

101 3065 201 3128 Cluisti
231 3063 330 3126 ccxl.
362 3079 464 3122 mense
493 3058 653 3144 Februario
682 3058 794 3120 accidit.
838 3059 874 3120 tt
894 3059 1002 3120 nullam
1033 3060 1212 3139 opinationis
1240 3079 1311 3124 suae

103 3151 179 3212 aliam
187 3150 319 3212 reddunt
330 3146 488 3218 rationem,
500 3144 558 3206 nisi
569 3144 637 3223 quia
649 3143 826 3204 arbitranttu·
838 3145 891 3204 bac
902 3143 1073 3206 Tertulliani
1085 3145 1188 3208 rerba:
1200 3147 1309 3227 raptor

106 3231 175 3312 lapan
189 3235 254 3298 leri
268 3235 536 3296 constantissimus
550 3234 722 3310 principum
738 3229 870 3292 Senarus
886 3229 1015 3294 aurlrrrt‘t
1036 3229 1129 3300 (ldem
1147 3232 1310 3312 apologet,

105 3337 163 3396 rap.
182 3323 231 3396 4.),
260 3337 324 3379 non
348 3315 443 3382 aliter,
473 3333 558 3394 qnam
586 3314 623 3374 dc
644 3315 703 3375 lroc
724 3315 908 3392 imperatore,
932 3314 988 3375 iam
1010 3323 1128 3376 mortno
1151 3335 1240 3395 posse
1263 3317 1311 3378 in-

108 3402 202 3482 tellegi.
232 3401 384 3480 Numquid
408 3417 477 3477 ergo
506 3399 675 3460 adverbium
705 3399 773 3460 bari
799 3398 877 3459 illum
906 3400 1005 3477 potius
1033 3409 1197 3476 mortuum,
1224 3420 1312 3482 quam

101 3488 188 3548 arllruc
208 3489 360 3548 virentem
384 3482 548 3562 significat?
569 3483 680 3546 Deinde
703 3503 773 3544 vero
795 3483 835 3544 ibi
865 3483 993 3546 Severus
1016 3485 1147 3562 glorioso
1170 3495 1310 3550 constan·

101 3573 200 3634 tissimi
222 3570 370 3652 principis
394 3568 475 3630 titulo
498 3577 666 3634 exornatur.
686 3571 724 3630 At
745 3568 894 3648 quomodo
917 3568 1114 3632 Tertullianus
1137 3572 1195 3630 lroo
1216 3569 1312 3647 elogio

100 3657 175 3718 illurn
198 3657 343 3718 decorare
367 3653 477 3734 potuit,
500 3653 558 3714 nisi
580 3662 734 3732 antequam
757 3653 880 3733 publicis
904 3653 1006 3716 edictis
1030 3653 1122 3715 diram
1138 3654 1168 3714 in
1184 3653 1312 3716 Christi·

100 3761 169 3802 anos
191 3741 353 3803 excussor
374 3736 634 3818 persecutionem?
655 3738 740 3817 Atqui
763 3758 826 3800 earn
848 3739 976 3800 movisse
997 3739 1170 3818 perhibetur
1191 3743 1314 3798 exeunte

101 3845 172 3887 anno
200 3826 311 3888 Christi
334 3823 464 3886 secundo
492 3841 582 3901 supra
610 3823 852 3886 ducentesimum.
897 3823 1093 3884 Tertullianus
1118 3821 1218 3898 igitur·
1236 3819 1315 3886 hunc

101 3911 203 3974 librum
225 3921 292 3972 ante
316 3910 396 3970 hunc
416 3925 541 3977 armum,
568 3927 602 3968 ac
622 3907 747 3987 proinde
775 3917 841 3968 ante
869 3908 956 3970 lrnins
982 3904 1170 3984 imperatoris
1202 3903 1315 3968 obitum

105 3997 262 4058 couleusse
285 3993 429 4056 dicendus
452 4001 508 4054 est
551 3992 612 4054 Nec
632 3991 729 4054 minus
752 3992 869 4071 quidem
891 4004 972 4054 certo
993 3989 1063 4052 illud
1078 3988 1196 4068 probari
1212 3996 1315 4068 posset

108 4079 151 4140 his
169 4081 244 4144 illius
268 4078 384 4141 verbis:
407 4079 494 4157 Lepas
506 4079 653 4140 aduersus
672 4077 858 4140 Christianos
874 4078 979 4142 niellus
995 4075 1128 4136 Severus
1145 4077 1309 4156 impressit,

108 4181 175 4242 quae
195 4165 223 4228 iu
246 4163 426 4246 quibusdam
453 4161 541 4224 huius
562 4161 743 4242 Apologetici
764 4161 971 4240 manuscriptis
994 4167 1023 4220 et
1050 4158 1137 4221 editis
1165 4159 1314 4224 codicibus

104 4247 233 4327 leguntur
256 4247 345 4320 (ibid.
379 4267 440 4327 cap.
470 4252 524 4324 5.).
569 4246 644 4320 Quia
674 4257 771 4308 tamen
797 4247 828 4306 in
856 4246 921 4308 aliis
943 4242 1121 4309 editionibus
1150 4253 1180 4305 et
1201 4253 1315 4324 septem

103 4335 208 4398 noso-is
241 4332 395 4396 codicibus
422 4332 628 4412 manuscriptis
651 4331 875 4409 scriptumest:
898 4329 1003 4392 nullus
1029 4327 1122 4391 Varus
1150 4333 1312 4410 impressit.
1374 4365 1377 4372 »

103 4417 187 4490 baec,
209 4419 246 4480 de
260 4417 368 4498 quibus
382 4415 476 4476 adhuc
488 4425 599 4495 postea.
614 4435 675 4480 non
688 4415 762 4478 ultra
776 4433 863 4493 quam
878 4421 1012 4492 oporteat
1022 4415 1150 4492 urgenda
1168 4413 1313 4476 unumne

184 4503 279 4564 lnstat
301 4520 371 4563 vero
399 4499 537 4563 Allixius:
567 4503 602 4562 ad
630 4519 717 4564 sumn
740 4498 935 4562 Tertullianus
964 4498 1001 4559 do
1028 4496 1312 4577 praescriptionibus

106 4585 324 4651 Haeredcorom
354 4585 460 4650 librum
487 4585 614 4649 alludere
637 4585 765 4656 ridetur,
789 4583 839 4646 ubi
861 4582 891 4644 in
913 4583 1102 4662 Apologetioo
1124 4591 1225 4644 conua
1244 4581 1313 4646 illos
