3166 5250
21 363 51 404 '¹'
66 368 174 432 'mlle
499 405 633 452 sacrans
654 407 712 452 um.
734 407 772 452 cs
793 407 921 453 aoamr.
1255 393 1318 458 tte

7 539 227 630 ‘wfflttrat
249 564 309 627 aut,
330 556 451 635 etipse
472 557 670 620 Tertullianus
692 577 746 621 eos
769 558 971 638 compellando
991 558 1136 638 loquitur:
1171 560 1242 622 Cam
1264 559 1321 622 cb'i

30 634 106 682 “³⁹⁸³
117 645 176 729 ”aba
199 641 309 714 colitis,
332 645 433 720 utique
455 661 529 723 quos
550 661 613 706 nou
635 643 742 717 colitis,
765 645 928 726 offenditis.
972 641 1125 706 Praelatio
1146 649 1238 706 aaron
1253 650 1317 708 aine

7 703 36 760 lt
57 705 106 772 laet
120 729 229 795 pur-ius
254 725 432 788 contumelia
453 745 515 789 noo
533 739 635 806 potest
652 729 817 808 procedere
838 726 1022 801 (Tertullian.
1044 727 1109 790 loco
1132 727 1204 805 cit).

7 806 27 848 ⁵·
47 803 163 874 ἘΜ
182 809 312 883 Quidam
334 819 558 892 autem-‘putant
576 812 770 891 Augustinum
791 811 828 874 ad
849 812 922 873 haec
942 810 1029 874 acrba
1051 812 1232 891 respexisse,
1265 813 1316 876 ubi
1393 887 1396 895 Ι

167 913 187 956 n
211 893 292 956 illam
314 895 597 972 argumentationem
619 897 767 976 improbat
788 897 890 976 sicque
911 896 1031 960 refellit:
1065 897 1134 960 Noa
1156 899 1220 959 dico
1237 900 1317 978 quod

7 983 148 1076 'veliam
164 983 229 1042 tius
259 983 302 1042 ait
333 977 536 1042 Tertullianus
574 981 710 1060 sortasse
743 1001 830 1064 mam
851 986 971 1044 versus:
1007 981 1043 1044 Si
1073 983 1116 1044 dii
1145 983 1317 1063 seliguntur

7 1096 46 1151 ‚aa
62 1063 247 1146 scamellos}
269 1069 372 1146 uta'que
394 1069 487 1126 ceteri
507 1066 632 1146 reprobi
651 1069 836 1131 dedicantur.
868 1063 939 1128 Noa
954 1066 1097 1140 bocaico.
1131 1065 1216 1129 Va'dm
1239 1071 1316 1128 eaba

7 1167 183 1230 ‘serenet‘
207 1167 249 1211 em
270 1149 386 1211 selectis
408 1149 494 1228 seligi
514 1150 631 1231 ola'puos
652 1153 691 1214 od
706 1151 828 1234 aliquod
839 1155 939 1214 maius
955 1162 983 1213 et
994 1157 1213 1231 praestantius,
1238 1155 1316 1214 sicut

15 1232 73 1312 [bg
88 1233 263 1318 gpgptlc'ta’a,
287 1253 353 1296 aaut
374 1238 495 1296 urooes
514 1235 601 1297 electi
619 1237 746 1314 suerint,
769 1254 807 1298 aas
828 1235 874 1298 leia
890 1254 1003 1318 qaoque
1017 1235 1171 1316 eligantur
1185 1237 1226 1298 ad
1239 1255 1315 1317 opus

7 1390 11 1398 ,
159 1319 220 1382 uod
247 1323 346 1380 maios
374 1337 530 1380 armorum
533 1363 641 1382 .....
665 1319 734 1383 Noa
757 1340 831 1402 opas
853 1332 898 1382 est
917 1319 1014 1382 multa
1031 1338 1227 1400 percurrere,
1251 1341 1316 1384 mm

7 1397 91 1488 {FP
107 1399 200 1477 “ibin
224 1416 333 1483 aperto
357 1407 407 1464 sit.
454 1403 655 1476 Quamobrem
681 1424 746 1469 ooo
765 1424 804 1467 ee
826 1405 880 1467 boc
902 1405 980 1486 quod
1001 1405 1044 1467 dii
1063 1421 1102 1467 eo·
1122 1406 1225 1469 multis
1247 1409 1315 1488 qai-

7 1475 88 1525 l'l'ffl
101 1485 161 1546 :ma
183 1487 293 1550 selecti
312 1499 394 1559 sunt,
416 1488 465 1549 uel
486 1493 512 1550 a's
540 1493 594 1570 aar·
618 1494 750 1571 ccm'psit,
773 1489 822 1552 uel
843 1507 948 1552 eoram
970 1489 1114 1567 caltores,
1137 1490 1186 1552 uel
1201 1491 1243 1552 dii
1255 1493 1317 1570 ipsc·

154 1573 296 1653 peranda·
315 1585 404 1648 curat:
428 1574 481 1642 aad
501 1574 717 1638 advertendum
735 1579 839 1655 potios
854 1578 975 1656 gainam
989 1578 1118 1638 istisiot
1132 1585 1161 1636 et
1175 1575 1316 1657 adquam
1394 1589 1397 1596 ·

7 1655 157 1739 :acapna
179 1656 289 1718 selecti
309 1659 471 1720 videantur
492 1657 623 1736 (August
646 1657 696 1720 lib.
712 1659 773 1719 Vll.
796 1658 833 1720 de
856 1658 942 1734 Civit,
962 1659 1016 1720 Dei
1037 1677 1101 1738 cap.
1126 1661 1176 1734 1.).
1206 1659 1314 1722 Vemm

7 1745 132 1807 ‘ruerunt
151 1741 274 1820 ponderi
297 1741 419 1802 forsitan
440 1743 552 1820 poterit
572 1742 612 1803 ibi
626 1743 822 1822 bulgaminum
843 1743 880 1804 dc
903 1742 959 1804 diis
980 1741 1163 1804 ethnicorum
1186 1743 1314 1818 selectis,

86 1825 311 1895 dilitullianum
334 1844 404 1886 vero
427 1826 464 1887 de
486 1826 684 1906 quorumlibet
704 1828 827 1889 deorum
848 1826 1013 1890 simulacris
1025 1828 1113 1889 citato
1128 1827 1193 1889 loco
1209 1828 1314 1910 dispu-

148 1927 171 1971 e.
217 1910 277 1971 Sed
298 1909 438 1972 obiicient
460 1911 508 1972 alii
531 1911 680 1987 ethnicos,
703 1913 778 1974 sicut
799 1911 944 1986 diximus,
973 1911 1135 1974 credidisse
1156 1913 1229 1974 haec
1248 1904 1315 1992 ipsa

14 1993 348 2158 ffl‘tl'liibbidbi
367 1996 1315 2160 tltlta,blut'ttt⁰lr„,tt‘¹¹tl,lt,ttt;¹¹¹tatt

7 2169 22 2208 l
41 2141 256 2244 uuufflgusgnj
283 2166 313 2225 in
342 2163 553 2227 Tertullianum
581 2127 805 2245 argumentatio.
849 2165 958 2230 Verum
990 2166 1090 2246 negari
1122 2185 1183 2227 non
1214 2175 1316 2246 potest

23 2235 182 2330 blitiri-gc
204 2248 303 2310 maius
326 2267 395 2310 esse
418 2249 495 2311 illius
517 2251 650 2329 pondus,
685 2250 711 2312 si
731 2251 912 2329 Augustinus
934 2251 971 2311 ad
999 2270 1032 2312 ea
1054 2251 1219 2330 respexerit
1240 2269 1315 2331 quae

140 2341 203 2398 etor
235 2341 339 2395 noster
366 2334 396 2394 in
418 2334 502 2396 libris
524 2334 561 2396 ad
582 2335 723 2396 Nationes
750 2343 853 2396 contra
874 2335 1015 2398 Varronis
1042 2335 1079 2396 de
1100 2334 1236 2414 ipsismet
1257 2335 1314 2398 diis
1417 2413 1421 2418 ‚

11 2431 125 2488 anana
139 2419 214 2482 ectis
238 2420 414 2480 seutentiam
434 2419 531 2480 fusius
553 2419 713 2499 disputavit
739 2419 873 2495 (Tertull.
895 2419 945 2480 lib.
967 2419 1004 2481 ll.
1025 2420 1063 2480 ad
1085 2419 1150 2481 Nat.
1173 2439 1235 2500 cap.-
1258 2422 1314 2499 9.),

9 2513 180 2590 agtmplopae
203 2503 243 2564 ad
266 2503 340 2564 baec
359 2503 546 2584 potissimum
562 2505 627 2565 eius
641 2504 743 2566 rerba:
767 2503 802 2566 sa·
823 2516 918 2566 certos
941 2503 1049 2566 ethnici
1071 2504 1144 2566 deos
1159 2504 1314 2577 botetour,

9 2619 63 2662 effi
75 2593 235 2678 puecateati
255 2607 319 2650 esse
341 2588 508 2652 debuerunt
535 2607 589 2650 aec
611 2589 719 2652 electos
742 2589 925 2651 desiderare.
970 2587 1008 2650 lo
1029 2607 1086 2670 quo
1108 2593 1198 2651 eticae
1208 2589 1315 2652 irreli-

10 2679 170 2785 mmUmatia
190 2672 471 2754 deprebeaduatar.
501 2673 538 2735 Si
558 2678 634 2736 eodo
656 2675 705 2744 dii,
727 2683 763 2734 ut
785 2673 888 2744 uultis,
911 2673 1088 2752 seligentur,
1111 2677 1165 2755 qui
1182 2692 1245 2736 aaa
1265 2691 1315 2735 aa·

7 2815 53 2875 bus.
72 2815 126 2866 stit

7 2921 21 2962 ⁵·
50 2899 175 2989 Mica
197 2946 255 3006 pro
277 2926 367 2987 verbo
390 2925 483 2987 uultis
506 2944 615 2988 nomen
638 2925 721 2988 bulbi
740 2926 877 2988 audacter
898 2925 1096 3005 reposuerint.

7 2999 75 3077 *llll
86 2976 130 3035 ω’
180 3011 293 3087 Contra
315 2993 412 3072 tamen
433 3009 555 3072 instabit
575 3009 679 3090 aliquis
701 3009 922 3084 Tertullianum,
945 3009 1001 3072 etsi
1021 3009 1052 3070 in
1066 3009 1255 3088 llpologctico
1277 3010 1315 3072 de

10 3071 88 3134 ‚editu
99 3073 223 3156 'ssorum
246 3095 411 3157 simulacris
433 3093 571 3165 disserat
596 3094 703 3156 exiliis
719 3094 922 3168 nibilominus,
944 3091 1019 3173 quae
1034 3093 1142 3155 ethnici
1158 3093 1229 3155 deos
1244 3113 1313 3156 esse

122 3177 304 3258 pinabautur,
317 3187 319 3192 '
333 3180 455 3242 eandem
478 3186 564 3258 atque
587 3179 617 3240 ia
638 3179 716 3241 libro
738 3179 775 3242 ad
796 3177 937 3241 Nationes
960 3179 997 3240 do
1020 3178 1076 3240 diis
1099 3178 1173 3258 ipsis
1196 3179 1313 3241 selectis

128 2862 218 2906 asum
243 2841 298 2903 luit
318 2842 397 2903 hunc
417 2841 515 2903 locum
537 2842 573 2903 ab
594 2841 757 2920 Augustino
780 2841 886 2912 notari,
918 2836 952 2903 ut
973 2859 1040 2902 eum
1074 2841 1168 2903 secuti
1200 2840 1231 2903 iu
1257 2842 1315 2904 boc

83 2805 86 2812 .
132 2769 252 2830 eatur,
286 2758 412 2836 reprobi
434 2761 682 2838 pronuntiantur
710 2757 837 2834 (luico,
862 2755 1018 2818 Nonnullis
1046 2765 1143 2818 autem
1173 2757 1214 2818 ita
1242 2776 1313 2836 per·
1431 2796 1434 2805 ι

121 3281 173 3325 auc
192 3263 329 3326 intulisse
352 3264 586 3326 conclusionem:
615 3263 720 3329 Status
743 3267 791 3328 dei
811 3267 951 3346 aciesque
971 3268 1005 3326 ia
1026 3274 1149 3326 senatus
1172 3269 1315 3327 cestram-
1403 3269 1408 3280 '

120 3356 179 3412 'eae
211 3350 371 3430 pendebat.
430 3349 511 3411 Dens
541 3368 603 3412 ooo
637 3361 704 3412 erat
736 3368 823 3432 queat
854 3349 940 3412 barto
974 3347 1130 3413 romuleos
1167 3347 1315 3412 noluisset
1415 3365 1419 3374 ·

8 3431 189 3514 :eulssjdem
212 3433 365 3513 Apologet.
389 3451 451 3513 cap.
477 3436 550 3512 te).
593 3435 702 3496 Vemm
731 3433 757 3496 is
780 3433 1011 3496 animadvertere
1038 3433 1125 3495 debet
1146 3433 1194 3495 bis
1216 3434 1315 3498 verbis

11 3507 156 3610 5²³4,'[{.“,',on
178 3518 315 3581 denotari
337 3519 411 3580 deos
434 3517 576 3590 selectos,
610 3519 664 3580 sed
684 3517 855 3599 quommvis
883 3517 1007 3580 deorum
1035 3517 1205 3592 simulacra,
1239 3537 1315 3598 quae

7 3599 216 3688 thnici,
240 3604 283 3664 uti
299 3603 348 3664 ille
362 3603 471 3666 ibidem
486 3602 602 3676 adiecit,
624 3623 679 3683 pro
693 3604 778 3666 libito
799 3603 963 3683 pignerare,
986 3603 1123 3677 vendere,
1147 3603 1313 3676 immutare,

104 3707 240 3776 pangere·
258 3694 405 3767 poterant.
448 3687 486 3749 lc
513 3687 542 3748 id
571 3687 635 3748 siue
663 3688 780 3750 illorum
806 3688 918 3768 probro
947 3697 978 3748 et
1003 3687 1147 3749 dedecoro
1175 3685 1316 3766 neqaaibat

7 3764 98 3841 burel!
114 3774 159 3834 eri
196 3781 287 3852 atque
319 3781 388 3834 tunc
418 3773 544 3834 maxime
577 3771 694 3850 quando
727 3791 787 3834 uno
827 3771 986 3852 reprobato
1010 3771 1103 3832 *aliud
1142 3768 1313 3850 eligebatur.
1366 3793 1369 3800 ·

7 3876 21 3917 u
36 3843 204 3919 mffltonne
226 3857 314 3918 etiam
336 3856 392 3918 dici
413 3864 513 3936 potest
534 3857 698 3934 argumenti
720 3856 789 3918 inde
811 3856 1022 3919 a=Tert1dliano
1045 3855 1123 3917 ducti
1145 3855 1203 3916 vim
1225 3854 1256 3914 in
1277 3871 1314 3915 eo

7 3933 228 4004 atumfmstcam
251 3959 326 4016 esse,
350 3941 439 4022 quod,
463 3941 629 4021 quicumque
652 3940 692 4001 dii
715 3941 874 4019 finguntur,
902 3941 923 4002 ii
945 3949 996 4002 aut
1017 3939 1235 4018 omnipotentes
1248 3953 1314 3999 esse

7 4053 18 4092 ι.
40 4017 208 4092 itN'lebent
229 4034 279 4087 aut
299 4026 371 4088 nulli
393 4017 436 4088 dii
455 4033 534 4088 suat.
563 4025 601 4086 lt
620 4043 680 4086 aon
704 4025 782 4086 inter
801 4025 902 4106 plures
918 4025 1146 4105 omnipotentes,
1170 4021 1224 4084 sed
1238 4021 1315 4084 bene

14 4091 222 4256 “wideffi
241 4109 318 4172 inter
338 4111 452 4172 tirones
474 4115 504 4172 'et
525 4109 633 4172 milites
655 4127 733 4172 unus
755 4091 876 4171 rabasior
896 4110 997 4189 potius
1026 4126 1114 4189 quam
1139 4105 1213 4168 alter
1242 4115 1314 4187 pot·

7 4205 33 4265 is
91 4257 92 4260 ,
133 4203 201 4256 tse
214 4195 262 4273 'gi

21 4271 98 4346 adst
185 4279 322 4341 Ceterum
348 4279 376 4341 si
402 4287 464 4342 tota
490 4279 564 4341 baec
590 4278 803 4359 argumentatio
831 4278 945 4340 infirma
972 4277 1059 4357 mane
1085 4276 1138 4338 tibi
1170 4276 1314 4350 videatur,

22 4354 184 4431 befaliam
206 4364 244 4427 ab
265 4364 315 4426 illo
338 4365 446 4446 accipe,
469 4381 555 4444 quam
576 4363 772 4444 proculdubio
794 4362 916 4424 maioris
936 4353 1086 4442 ‘ponderis
1110 4379 1176 4424 csse
1198 4361 1311 4424 lateba-

7 4449 150 4522 altmarus.
196 4449 335 4523 Constat,
368 4448 479 4530 iuquit,
502 4449 599 4528 omnia
621 4449 771 4529 gentilium
794 4446 963 4521 simulacra,
991 4445 1038 4508 vel
1058 4447 1136 4526 quod
1158 4446 1235 4530 idem
1257 4454 1313 4520 est,

7 4531 204 4628 Maeones
235 4535 355 4597 illorum
387 4533 461 4596 deos
493 4541 543 4594 aut
573 4534 752 4596 domesticos
785 4539 815 4594 et
845 4531 975 4610 privatos
1007 4539 1058 4594 aut
1083 4549 1256 4608 communes
1285 4537 1316 4593 et

7 4649 32 4714 pe
46 4611 234 4712 ¹dl'patblicos
255 4620 358 4684 luisse.
386 4617 480 4682 Primi
500 4626 597 4682 autem
617 4617 695 4682 lares
718 4626 747 4681 et
765 4625 888 4699 penates
908 4615 1095 4694 vombaattu,
1117 4635 1194 4698 quos
1216 4633 1314 4682 unaa-

7 4717 74 4784 pum
