3020 5230
444 405 578 450 sacrans
600 406 641 450 ra.
666 405 727 450 sss.
751 405 875 450 sarissa.
950 462 956 472 Ι
1204 395 1266 460 653
1295 413 1305 426 ·

195 549 313 603 bdssrsas
331 537 484 606 iisraianem.
848 557 966 608 tavena·
984 558 1094 608 iudaeos.

25 636 155 694 tactum
177 643 225 694 est
244 654 334 716 super
353 637 510 699 humerum
525 637 629 717 ipsius.
680 637 759 700 rium
788 640 896 701 iactum
921 647 968 700 cst
993 655 1084 720 super
1100 641 1263 706 humerum

30 715 126 790 Quis
156 719 277 780 omnino
305 737 408 798 regum
433 721 549 799 insigne
571 741 630 803 po·
681 721 784 800 ipsius.
832 723 909 796 Quis
935 724 1056 785 omnino
1082 743 1184 806 regum
1214 730 1262 790 in·

23 805 163 864 testatis
180 821 253 866 suas
275 804 401 864 humero
427 807 570 883 praefert,
601 814 630 867 et
681 806 758 884 signi
776 814 924 887 potestati
942 825 1014 870 tuae
1034 807 1158 870 humero
1173 828 1262 891 prae-

21 905 101 946 nou
119 895 170 946 ant
185 888 279 965 capite
295 888 443 962 diadema,
470 897 521 950 ant
540 907 629 950 manu
679 889 746 962 sert,
763 899 794 951 et
809 909 868 952 non
884 901 933 956 aut
947 891 1042 971 capite
1052 893 1196 966 diadema,
1213 904 1263 956 aut

23 979 204 1049 sceptrum,
221 979 273 1032 aut
286 973 411 1051 aliquam
424 974 562 1052 propriae
573 991 626 1033 ve·
679 979 711 1035 in
736 993 826 1036 manu
850 985 999 1055 sceptrum
1025 985 1076 1038 aut
1099 978 1262 1058 aliqnando

24 1055 96 1114 stis
113 1053 240 1116 notam?
284 1056 342 1116 sea
365 1057 627 1118 solusnovusrex
676 1058 815 1138 propriae
829 1060 922 1120 vestis
938 1059 1063 1120 nonni
1100 1061 1159 1122 Sed
1176 1063 1259 1124 solus

20 1156 193 1200 atavorum
213 1156 359 1201 aevorum
374 1139 508 1203 Christus
528 1140 625 1216 lesus,
676 1159 836 1214 uorusrex
849 1145 1016 1204 seculorum
1035 1143 1259 1208 Christuslesns

21 1241 135 1282 novae
151 1222 263 1300 gloriae
277 1233 307 1284 et
320 1231 498 1302 potestatem
510 1234 540 1286 et
551 1224 624 1285 suh·
676 1242 770 1286 novae
781 1226 928 1304 gloriaest
936 1236 1111 1310 pptestatem
1123 1237 1153 1290 et
1163 1229 1258 1291 subli-

19 1306 193 1366 limitatem
231 1325 314 1367 snam
350 1307 474 1368 humero
512 1309 625 1381 extulit,
675 1309 807 1370 mitatem
834 1329 918 1372 suam
944 1315 976 1373 in
1001 1312 1126 1373 humero
1148 1313 1259 1387 extulit,

1 1402 2 1407 ’
22 1407 156 1450 crucem
172 1389 293 1462 scilicet,
310 1398 342 1452 ut
355 1391 517 1454 secundum
531 1410 623 1471 supe·
675 1410 792 1454 ornaem
808 1394 930 1466 scilicet,
945 1404 978 1456 ut
992 1395 1153 1458 secundum
1166 1415 1257 1476 sups-

22 1473 150 1534 riarem
166 1475 350 1553 prophetiam
366 1475 471 1537 exinde
486 1476 623 1537 dominns
673 1475 783 1538 riorem
805 1479 991 1564 prophetiam
1010 1479 1115 1541 exinde
1130 1481 1258 1542 dominis
1370 1489 1372 1496 ’

22 1566 176 1636 regnaret
197 1575 213 1618 a
234 1557 324 1636 ligno.
346 1547 433 1622 'Hos
459 1560 574 1638 ispnnn
595 1569 624 1622 et
673 1571 811 1637 regnaret
839 1581 854 1622 a
884 1562 974 1641 ligno.
1023 1563 1068 1624 De
1097 1565 1151 1626 boc
1180 1570 1258 1626 enim

23 1641 208 1704 Hieremias
238 1643 294 1704 tibi
328 1645 465 1706 instituat
494 1647 622 1706 dictans
675 1643 754 1724 lipna
771 1647 947 1708 etiamDeus
963 1652 1099 1709 insinuat
1112 1667 1170 1728 per
1184 1647 1256 1711 Hie-

1 1746 2 1749 *
21 1727 217 1804 praedicans
241 1726 371 1788 Indaeis.
426 1727 530 1788 Venite
549 1727 620 1788 inii·
672 1734 797 1790 rentiam
810 1731 890 1809 qnod
904 1732 1137 1793 essentdiatnri:
1153 1733 1256 1794 Venite

25 1809 149 1870 ciamus
165 1807 277 1887 iignum
296 1810 327 1870 in
347 1829 454 1889 panem
469 1812 545 1884 eius,
560 1811 620 1873 uti-
672 1812 822 1874 mittamus
837 1813 866 1873 in
882 1832 990 1893 panem
1005 1815 1069 1876 eius
1084 1815 1207 1894 lignum,
1227 1826 1256 1878 et

1 1913 94 1972 >que
111 1894 141 1954 in
157 1911 275 1976 carpus.
312 1893 363 1956 Sia
384 1899 462 1957 enirn
483 1895 566 1957 Dens
588 1899 621 1958 in
673 1908 863 1958 conteramus
887 1918 952 1960 enm
967 1918 987 1960 a
1002 1909 1089 1960 terra
1104 1905 1253 1972 uirorum,

1 2002 3 2007 ·
27 1977 190 2056 euonpeh'o
213 1986 327 2058 qnoque
345 1990 448 2041 aestro
464 1980 619 2052 revetavit,
671 1991 700 2042 et
721 1999 829 2042 nonen
848 1980 933 2044 iilius
955 2000 1016 2045 non
1038 1986 1255 2046 memorabitur

25 2079 143 2139 panem
159 2079 268 2138 carpus
289 2080 375 2124 sunm
398 2063 560 2142 appellans.
584 2075 620 2126 nt
670 2065 811 2143 amphias.
861 2065 967 2146 Utique
992 2065 1022 2126 in
1051 2085 1161 2146 conius
1191 2072 1254 2129 eins
1320 2071 1326 2090 '
1410 2159 1412 2166 k

26 2157 64 2208 et
94 2146 165 2207 bine
192 2151 252 2206 som
278 2164 346 2207 enm
373 2147 525 2227 inteiligas
550 2166 619 2210 cor·
671 2147 783 2230 lipnnan
797 2153 922 2211 missum
936 2160 991 2211 est.
1015 2150 1153 2213 Ss'cenim
1165 2151 1256 2212 Chri-

1 2226 120 2308 'poris
149 2234 201 2291 sni
224 2230 356 2308 liparam
380 2235 471 2310 panis
494 2233 619 2303 dedisse,
671 2243 738 2294 stus
749 2233 906 2306 revelavit,
921 2253 1027 2314 panem
1042 2253 1151 2314 carpus
1167 2253 1254 2296 suum

670 2316 839 2479 appffiaepsb
854 2401 932 2463 libro
948 2403 1017 2464 odo.
1033 2399 1102 2462 iud.
1117 2402 1252 2478 absunt.)

1 2486 3 2521 r
29 2479 120 2540 cuius
140 2489 222 2541 retro
243 2499 353 2559 corpus
374 2481 405 2542 in
424 2501 530 2561 panem
545 2502 618 2562 pro·
670 2485 754 2545 cuins
769 2493 849 2545 retro
870 2503 977 2564 corpas
998 2485 1029 2545 in
1049 2502 1156 2564 panem
1178 2504 1252 2564 pra·
1368 2559 1373 2566 ,

1 2581 2 2586 ’
26 2564 139 2643 phetes
159 2565 303 2642 figuravit,
331 2569 399 2645 ipso
420 2568 540 2629 damino
564 2568 619 2630 boa
668 2568 774 2645 phetes
790 2569 934 2645 figurarit.
969 2568 1000 2629 Si
1016 2569 1112 2628 adhuc
1125 2588 1252 2648 quaeres

1 2665 2 2682 ¹
26 2657 256 2710 sacramentnm
274 2659 382 2728 postea
396 2645 618 2731 interpretatu·
651 2650 832 2712 'dominicae
861 2651 957 2718 crucis
992 2651 1250 2730 praedicationem,

1 2752 80 2793 ro.
126 2732 156 2792 Si
182 2733 276 2794 adhue
305 2739 425 2813 qnaeris
454 2733 619 2795 dominicae
669 2735 742 2794 satis
765 2735 822 2794 iam
839 2739 954 2815 potent
979 2736 1033 2796 tihi
1051 2736 1155 2812 faeere
1175 2735 1249 2794 xxt.
1354 2759 1360 2766 ·

26 2813 130 2876 crucis
145 2816 386 2894 predicationem,
404 2817 476 2877 satis
492 2817 549 2878 iam
566 2819 620 2879 tibi
667 2816 820 2886 Psaimus,
847 2825 938 2878 totam
960 2816 1070 2878 Christi
1095 2817 1250 2878 continens

20 2911 132 2980 potest
166 2902 269 2978 [acere
306 2899 466 2978 vigesimus
501 2899 617 2978 primm
667 2899 857 2980 passionem,
879 2899 1012 2962 canentis
1027 2900 1085 2961 iam
1100 2899 1249 2977 tuncgia·

26 2983 181 3064 psalmus,
212 2992 303 3045 totam
329 2982 444 3050 Christi
460 2983 617 3046 conusens
667 2985 740 3045 riam
757 3003 851 3046 suam.
886 2984 1047 3057 Foderunt,
1063 2984 1169 3063 inquit,
1185 3003 1249 3046 ma-

27 3067 220 3146 passiouem,
243 3067 376 3129 canentia
391 3067 448 3128 iam
465 3075 535 3128 tuuc
549 3068 615 3146 glo·
667 3087 725 3128 nus
740 3087 837 3137 meas,
865 3077 894 3129 et
907 3068 1013 3146 pedes,
1040 3085 1115 3146 quae
1130 3067 1251 3147 propria
1308 3085 1312 3096 ¹

24 3153 105 3212 riam
121 3170 220 3212 suam:
243 3150 407 3223 Foderunt,
430 3151 536 3230 inquit,
551 3170 616 3212 ma·
669 3165 714 3214 est
739 3159 886 3222 atrocitas
916 3152 1023 3213 crucis.
1072 3152 1110 3213 Et
1134 3170 1272 3224 rursus„

26 3253 90 3298 nus
105 3253 202 3308 meas,
225 3243 256 3296 et
270 3235 380 3313 pedes,
406 3253 481 3314 quae
495 3237 617 3315 propria
668 3254 734 3297 curn
765 3235 903 3298 auxilium
932 3236 1024 3314 patris
1054 3236 1249 3316 inploraret:

27 3324 149 3382 atrocia
178 3319 284 3380 crucis.
333 3319 372 3380 Et
399 3338 519 3393 nusus,
550 3338 617 3382 cum
668 3319 793 3381 Saiousn
807 3339 852 3380 me
866 3321 926 3400 [aa.
942 3326 1049 3402 inquit,
1066 3340 1101 3381 ex
1117 3338 1169 3380 ore
1183 3321 1249 3380 leu-

27 3402 168 3478 auxilium
184 3402 277 3482 patris
292 3404 453 3482 implorat.-
479 3404 614 3476 Salvam,
667 3403 729 3476 nis,
750 3404 852 3483 utique
867 3404 989 3476 mortis,
1012 3414 1043 3466 et
1057 3406 1094 3467 de
1109 3404 1248 3465 cornibus

29 3491 136 3566 inquit,
153 3489 260 3565 facins
275 3505 375 3550 exors
390 3487 496 3560 leonis,
512 3489 614 3568 ntique
664 3493 908 3551 unicornuorum
932 3489 1124 3550 bumilitatem
1143 3506 1248 3550 nasoon.
1317 3565 1322 3570 ι
1365 3543 1371 3556 ,

28 3570 152 3645 mortis,
178 3582 208 3632 et
228 3572 265 3632 de
289 3571 430 3634 carnibus
443 3577 614 3636 'unicornis
664 3569 708 3632 [ie'
721 3571 853 3651 apicibus
870 3573 981 3634 scilicet
994 3573 1101 3645 crucis,
1117 3580 1249 3649 utsupra

29 3655 240 3729 bumilitatem,
277 3655 313 3716 de
342 3655 474 3734 apicibus
503 3657 615 3718 scilieet
666 3656 867 3728 ostendimus,
883 3674 970 3734 quam
986 3655 1246 3718 crucemneciia-

29 3740 135 3810 crucis,
152 3747 288 3816 utsupra
304 3739 500 3799 ostendimus.
517 3739 612 3811 Quam
662 3739 710 3799 rid
725 3758 834 3818 passus
850 3747 905 3810 est,
920 3758 976 3800 nec
990 3739 1066 3800 nilus
1077 3751 1179 3813 regum
1191 3736 1241 3796 lu-

1 3847 2 3856 *
29 3841 146 3884 erucem
168 3838 223 3880 nso
243 3821 307 3898 ipse
322 3821 413 3882 David
432 3839 540 3899 passus
555 3830 612 3898 ast,
663 3821 820 3892 dacorum,
850 3840 888 3882 ne
912 3822 1023 3900 putetis
1046 3819 1166 3882 alterius
1191 3817 1246 3878 ali·

1 3959 2 3962 ,
31 3925 88 3965 nec
102 3903 176 3964 ullus
192 3921 242 3962 rex
258 3902 451 3976 ludaeorum,
474 3921 512 3964 ue
526 3912 614 3982 putes
663 3905 747 3964 cuius
759 3904 944 3984 prophetari
955 3909 1135 3984 passionen,
1159 3920 1248 3983 paam

1 4029 2 4040 ι
32 3985 289 4059 alteriusaiicuius,
304 3985 354 4065 qui
371 3986 454 4048 salus
469 4005 485 4047 a
500 3985 611 4066 pupulo
663 3991 743 4056 eius,
774 3988 825 4066 qui
849 3988 963 4048 salusa
984 3986 1094 4066 populo
1118 3995 1176 4045 tam
1196 3985 1245 4045 in-

30 4081 89 4132 tam
104 4069 259 4149 insigniter
271 4069 430 4132 crucifixus
445 4077 501 4131 est.
528 4069 614 4134 Nune
663 4070 788 4147 signiter
802 4071 956 4133 crucifixus
978 4080 1034 4132 est.
1077 4068 1162 4130 Nune
1176 4075 1205 4128 et
1220 4068 1246 4128 ai

31 4154 99 4216 etsi
120 4172 223 4215 omnes
245 4157 321 4216 istas
342 4159 611 4232 interpretationes
663 4163 768 4215 omnes
791 4159 1059 4233 interpretationes
1089 4158 1165 4214 istas
1195 4168 1245 4212 re-

30 4237 175 4318 respuerit
196 4245 226 4298 et
239 4237 368 4300 irriserit
388 4237 538 4300 haeretica
553 4239 611 4300 dn·
661 4237 776 4316 spuerit
797 4246 838 4314 st,
856 4237 989 4299 inriserit
1011 4239 1125 4299 duritia
1147 4236 1245 4298 cardis
1284 4257 1292 4266 ·

30 4326 116 4393 sitia,
138 4321 295 4384 concedam
315 4321 358 4382 iili
372 4320 481 4383 nullam
497 4321 607 4385 Christi
658 4325 765 4393 omtri,
781 4321 982 4401 probavimus.

31 4425 142 4468 crucem
153 4405 344 4483 significatam
354 4413 524 4466 amentore:
539 4406 608 4485 quia

30 4508 84 4552 nec
96 4510 129 4552 cx
144 4491 202 4552 boo
214 4487 352 4569 probabit
363 4489 452 4551 alium
463 4507 542 4562 esse,
557 4491 607 4568 qui
702 4488 824 4565 (Cetera
839 4491 952 4551 andsto
966 4447 1063 4560 suni.)

32 4575 180 4636 crucifixus
196 4572 336 4662 est,¹nisi
352 4573 429 4634 farte
444 4573 610 4634 ostenderit
