3144 5236
246 355 306 419 194
338 370 532 414 ntssstttttto
548 369 578 410 ut
594 368 641 417 ΟΠ.
657 367 742 410 sest.
758 365 843 409 stoa.
859 365 1054 408 rsnruttttut
1068 365 1296 408 motousrtctttt
1310 365 1399 408 ΟΞΠ.

244 520 350 584 divinis
372 519 512 599 personis
535 525 565 579 et
585 533 644 578 una
666 515 828 594 eademque
851 533 952 578 earum
966 525 1082 588 natura,
1104 514 1230 576 firmiter
1243 515 1391 576 credenda
1403 533 1472 578 esse

244 605 388 668 declarat:
415 603 621 672 custodiatur,
645 601 750 678 inqrrit,
774 605 960 662 oeconomiae
983 611 1211 669 sacramentum,
1234 617 1310 679 puae
1323 605 1473 664 unitatem

243 695 277 752 in
303 687 478 750 Trinitatem
507 687 648 766 disponit,
680 695 742 748 tres
773 685 914 762 diripens,
942 684 1065 746 Patrem
1092 695 1120 745 et
1141 682 1252 744 Filium
1273 693 1302 745 et
1324 682 1473 765 Spiritum

245 783 399 836 sanctum:
424 783 487 833 tres
502 780 674 832 autemnon
689 780 781 838 statu,
805 770 857 830 sed
870 769 987 847 pradu,·
1010 787 1064 829 nec
1080 769 1261 838 substantia,
1284 768 1337 829 aed
1349 769 1470 846 [armas

244 875 299 920 nec
324 866 482 935 potestate,
512 855 564 916 sed
592 857 706 933 speu'e;
734 857 827 914 unius
850 864 949 914 autern
970 852 1158 914 substantiae
1186 863 1216 914 et
1245 855 1337 914 unius
1369 863 1470 914 status

245 952 275 1003 et
301 944 394 1001 unius
419 942 598 1018 potestatis;
628 941 697 1016 prtia
722 955 805 998 unus
828 935 918 1007 Deus,
952 955 991 998 en
1012 955 1069 1016 pua
1092 947 1120 997 et
1141 935 1257 1015 pradus
1279 940 1332 997 isti
1349 947 1377 998 et
1396 938 1468 1015 sor-
1549 965 1555 976 ·

243 1043 309 1086 mae
341 1035 370 1084 et
390 1028 502 1102 species
525 1027 558 1084 in
579 1026 699 1084 nomine
719 1020 823 1081 Patris
846 1032 874 1082 et
900 1020 972 1082 Filii
991 1029 1019 1082 et
1042 1019 1178 1099 Spiritus
1201 1025 1302 1082 sancti
1321 1021 1471 1100 deputan-

246 1119 299 1170 tur
321 1101 458 1181 (Tertull.
480 1106 532 1166 lib.
554 1105 620 1167 adr.
642 1105 729 1165 Prax.
753 1121 816 1183 cap.
839 1107 892 1182 2.).
922 1103 1016 1164 Nemo
1039 1110 1204 1164 astantem
1227 1103 1275 1182 qui
1298 1121 1358 1164 non
1380 1104 1470 1166 intel-

244 1191 324 1270 ligat,
347 1191 468 1252 nomine
490 1199 599 1260 status,
623 1189 700 1251 sicut
721 1188 752 1248 in
768 1189 922 1266 superiore
937 1188 1060 1248 ardema
1075 1186 1257 1260 monuimus,
1268 1185 1358 1249 idem
1374 1189 1471 1267 signi-

244 1275 325 1336 ficari
347 1293 382 1336 ae
403 1273 599 1336 substantiam
621 1281 651 1334 et
672 1279 808 1333 neutram
829 1272 893 1344 liei,
914 1273 1029 1353 pradus
1051 1279 1159 1344 autem,
1183 1273 1294 1334 formae
1315 1281 1345 1333 et
1360 1273 1472 1352 speciei

245 1358 428 1431 nominibus,
451 1357 564 1419 divinas
587 1374 734 1436 personas
756 1365 844 1435 atqrn
867 1374 971 1418 corum
986 1355 1121 1417 ordinem
1135 1363 1165 1417 et
1180 1355 1323 1417 existendi
1338 1358 1472 1418 modum.

244 1443 400 1506 bianiieste
421 1442 511 1521 igitur
533 1441 619 1502 docet
640 1450 702 1502 tres
726 1459 793 1502 esse
816 1440 1019 1502 sanctissimae
1043 1439 1194 1501 Trinitatis
1215 1458 1372 1519 personas,
1395 1459 1473 1520 qnae

243 1545 403 1590 namnum
424 1531 490 1589 stne
511 1528 657 1589 divisione
676 1530 850 1606 patiuntur,
879 1525 932 1586 sed
959 1543 1047 1586 unam
1075 1523 1257 1602 eandemque
1278 1543 1348 1586 esse
1369 1543 1474 1588 aarum

245 1611 451 1674 substantiam.

328 1695 438 1756 Postea
460 1691 536 1754 'vero
564 1693 641 1754 banc
669 1693 827 1754 catholicae
851 1691 1000 1754 Ecclesiae
1033 1692 1197 1753 deciduam
1225 1701 1321 1771 atque,
1349 1702 1381 1754 ut
1402 1693 1472 1771 ipse

245 1778 297 1851 ait,
319 1778 449 1856 regrrlam
470 1777 566 1839 lusius
589 1777 725 1856 bunoque
748 1778 779 1838 in
800 1777 922 1838 modum
944 1776 1065 1855 exponit
1085 1795 1119 1838 ac
1140 1777 1310 1838 confirmat:
1335 1776 1471 1840 Trinitas

241 1881 301 1943 per
330 1873 485 1924 consertos
508 1872 537 1924 et
560 1879 711 1924 canneaos
732 1861 847 1942 pradela
869 1881 888 1922 a
910 1861 1002 1922 Patre
1035 1862 1199 1922 decurrens
1228 1872 1257 1924 et
1278 1861 1474 1924 monarchiae

245 1945 325 2008 nihil
352 1947 499 2026 obstrepit
527 1956 556 2008 et
583 1951 770 2008 aeconomiae
805 1957 918 2008 statum
942 1950 1084 2025 protopit.
1139 1945 1226 2007 Hanc
1256 1963 1301 2007 nte
1335 1945 1474 2024 requiam

242 2031 428 2110 professum,
452 2034 521 2110 quia
543 2035 735 2109 inseparatos
758 2031 794 2092 ah
817 2029 969 2092 alterutro
991 2028 1114 2090 Patrem
1146 2041 1173 2090 et
1206 2029 1316 2092 Filium
1347 2040 1375 2091 et
1398 2029 1474 2110 Spi-

246 2119 342 2176 ritum
364 2125 503 2176 sanctum
525 2123 630 2185 testor,
654 2124 720 2176 tene
741 2115 857 2193 ulique,
881 2119 963 2177 etita
978 2123 1007 2174 ct
1021 2115 1167 2194 quomodo
1184 2115 1472 2193 dicaturapnoeces.

245 2197 320 2259 hicce
342 2201 419 2259 enim
442 2201 506 2260 dico
528 2198 623 2260 alium
646 2216 711 2259 esse
733 2198 863 2268 Patren,
886 2209 915 2259 et
936 2198 1029 2259 alnum
1051 2197 1169 2269 Filium,
1203 2209 1232 2259 et
1251 2197 1347 2259 aliurn
1367 2198 1474 2278 Spiri-

246 2292 311 2343 tum
332 2293 480 2344 sanctum.
514 2282 593 2345 hlale
614 2285 723 2362 accipit
744 2283 850 2344 idiotes
872 2285 995 2361 quisque
1017 2293 1072 2344 aut
1089 2299 1256 2361 perversus
1279 2282 1334 2358 hoc
1349 2283 1473 2354 dictura,

246 2369 337 2446 quasi
363 2366 567 2428 diversitatem
607 2378 695 2428 sonet
727 2377 755 2428 et
782 2385 820 2427 eac
847 2359 1277 2446 diversitate'separationem
1305 2369 1475 2446 protendat

245 2449 350 2510 Patris
383 2459 412 2510 et
434 2449 505 2512 Filii
526 2460 554 2512 et
575 2449 723 2530 Spiritus.
764 2449 945 2512 Necessitate
967 2460 1066 2512 autem
1087 2451 1142 2512 hoc
1163 2452 1237 2522 dieo,
1260 2469 1327 2512 cum
1348 2452 1476 2514 eundem

246 2532 370 2594 Patrem
392 2544 421 2595 et
442 2533 552 2596 Filium
583 2545 610 2596 et
635 2533 786 2614 Spiritum
808 2535 991 2596 contendunt
1012 2532 1160 2596 aduersus
1183 2540 1384 2598 oeconomiam
1405 2555 1476 2598 ma

151 2631 156 2638 ·
246 2616 391 2679 narchiae
411 2613 584 2689 adulantes,¹
603 2636 666 2681 non
688 2627 807 2680 tantuna
829 2619 1002 2680 diuersitate
1017 2619 1111 2680 alsium
1127 2616 1237 2681 Filium
1258 2618 1394 2695 aPatre,
1418 2639 1476 2684 nea

247 2702 393 2764 dius‘sione
420 2701 523 2774 aliens,
553 2703 606 2764 sed
628 2703 833 2775 distinctione;
862 2706 932 2783 puio
954 2705 1079 2763 nonsit
1101 2704 1177 2764 idem
1198 2702 1293 2766 Pater
1314 2714 1342 2765 et
1364 2704 1474 2776 Filius,

246 2782 296 2846 uel
321 2785 442 2848 modulo
472 2785 552 2848 alius
582 2787 618 2848 ah
648 2786 710 2847 alio
739 2785 825 2856 (ibid.
847 2804 910 2865 cap.
933 2787 986 2862 9.).
1030 2786 1178 2865 Numquid
1199 2786 1306 2848 clarius
1328 2786 1477 2850 meliusve

246 2868 384 2947 explicari
406 2877 507 2948 potest
527 2888 596 2932 vera
618 2877 648 2931 et
668 2869 809 2932 catholica
831 2869 868 2930 de
884 2887 969 2930 sacro
985 2867 1138 2932 'Trinitatis
1155 2872 1295 2950 mysterio
1310 2871 1475 2934 docuinat

245 2951 345 3014 Palam
375 2954 455 3014 enim
483 2963 513 3015 et
541 2961 644 3016 contra
672 2954 888 3016 haereticorum
914 2972 1033 3016 errares
1055 2955 1166 3016 Auctor
1187 2963 1293 3016 noster
1313 2957 1477 3036 profitetur

239 3036 364 3118 ¹Patrem
394 3046 424 3100 et
455 3036 562 3099 Filium
590 3045 621 3100 et
651 3038 795 3117 Spiritum
816 3047 950 3099 sanctum
972 3045 1034 3099 tres
1057 3057 1124 3100 esse
1146 3057 1302 3119 personas,
1325 3059 1342 3101 a
1363 3058 1398 3101 se
1420 3041 1475 3102 in-

246 3121 340 3182 vicem
353 3120 520 3198 distinctas,
534 3122 589 3183 sed
602 3122 668 3184 sine
683 3122 863 3194 diversitate,
886 3122 1032 3183 divisione
1049 3130 1080 3184 et
1100 3123 1298 3203 separatione,
1322 3123 1388 3202 quia
1411 3143 1476 3186 una

246 3209 294 3263 est
315 3203 430 3264 illarum
452 3203 629 3266 substantia.
672 3207 709 3266 ht
730 3206 805 3268 banc
826 3224 895 3266 esse
917 3215 1068 3267 asseverat
1090 3208 1272 3269 orthodoxae
1295 3208 1362 3270 lidei
1378 3227 1474 3288 regn·

204 3335 209 3344 .
245 3284 313 3358 lun,
341 3286 468 3364 quaein
491 3287 589 3349 Sacris
612 3289 773 3369 Scriptnris
795 3290 900 3351 tradita
928 3299 1016 3370 atque
1045 3309 1061 3352 a
1094 3291 1254 3354 maioribus
1287 3300 1407 3372 accepta
1437 3293 1475 3355 ab

244 3368 389 3440 omnibus
408 3372 535 3434 tenenda
556 3381 612 3433 est

248 3507 252 3515 .
333 3452 522 3534 Quapropter
542 3456 573 3517 id
594 3475 656 3518 non
679 3457 773 3519 semel
793 3455 899 3536 bisque
921 3457 1032 3520 dixisse
1054 3466 1212 3520 contentus
1246 3469 1353 3540 pastea
1373 3460 1476 3523 adbuc

245 3538 354 3616 repetit
375 3546 405 3599 et
426 3539 615 3602 corroborat:
644 3540 717 3609 Nos.
740 3539 845 3620 inquit,
866 3545 919 3623 qni
937 3552 968 3604 et
989 3555 1125 3624 tempora
1146 3555 1175 3606 et
1198 3563 1304 3607 causas
1327 3545 1476 3626 Scriptu-

245 3639 355 3684 rarum
372 3641 432 3702 per
454 3623 512 3686 Dei
530 3629 661 3704 pralium
681 3628 869 3705 inspicimus,
891 3631 1020 3689 mamma
1041 3627 1203 3701 Paracleti,
1232 3647 1295 3690 nan
1317 3629 1476 3692 hammum

246 3707 395 3787 discipuli,
419 3707 494 3769 duos
517 3711 632 3789 quidem
654 3709 812 3789 definimus
835 3708 957 3771 Patrem
979 3722 1008 3773 et
1029 3711 1147 3783 Filium,
1183 3723 1212 3775 et
1232 3716 1293 3776 iam
1315 3725 1379 3777 tres
1404 3731 1475 3776 mam

246 3789 366 3872 Spiritu
389 3801 494 3855 sancto
523 3794 686 3855 secundum
708 3797 858 3855 rationem
880 3799 1075 3868 aeconomiae,
1105 3815 1180 3876 puae
1200 3797 1277 3875 facit
1298 3815 1472 3872 numeriam,

245 3893 293 3946 ne,
315 3887 351 3938 ut
372 3887 477 3938 uestra
495 3880 685 3957 peruersitas
707 3879 813 3956 insert,
836 3876 930 3940 Pater
950 3882 1014 3960 ipse
1037 3883 1283 3944 credaturuatus
1297 3893 1327 3944 et
1345 3900 1473 3962 passus,

246 3958 326 4038 pund
352 3977 417 4022 nau
438 3960 508 4023 le'cet
529 3961 618 4032 credi,
648 3965 789 4041 quoniam
810 3979 873 4026 nan
894 3967 938 4024 ita
960 3965 1107 4026 traditum
1128 3975 1174 4027 est
1195 3964 1281 4039 (ibid.
1304 3983 1368 4044 cap.
1395 3967 1474 4043 ts).

247 4039 321 4102 tium
342 4049 441 4104 autem
468 4043 517 4106 ille
537 4045 612 4106 baec
633 4044 787 4118 scriberet,
809 4045 868 4107 ianr
890 4047 1037 4110 deiecerat
1057 4048 1093 4110 ab
1114 4047 1246 4110 Ecclesia
1268 4049 1410 4111 catbobca
1434 4051 1475 4112 ad

246 4123 492 4190 blontanistarum
518 4147 637 4191 errores
666 4137 695 4190 et
722 4129 883 4191 absurdum
905 4131 971 4194 ialsi
992 4131 1135 4195 Paracleti
1156 4141 1357 4195 commentum
1378 4133 1472 4196 imbi-

245 4205 340 4268 berat.
384 4209 492 4274 Sanam
519 4220 618 4275 mmen
645 4221 674 4275 et
696 4213 890 4276 orthodoxam
911 4215 948 4278 de
971 4215 1123 4278 Trinitatis
1144 4217 1287 4296 mysterio
1308 4217 1398 4280 tidem
1420 4218 1472 4280 di·
1545 4277 1551 4286 .

245 4297 326 4352 serte
347 4295 459 4356 asserit
478 4313 513 4357 ac
533 4305 640 4360 tuetur.
671 4297 745 4372 Quis
767 4317 838 4378 ergo
860 4300 978 4378 negabit
998 4319 1102 4362 rernm
1123 4319 1191 4364 esse
1204 4302 1264 4364 hoc
1277 4302 1473 4382 praecipuum

246 4373 423 4438 christianae
450 4379 603 4457 religionis
630 4382 851 4456 documentum,
879 4385 959 4462 quod
986 4384 1035 4447 ille
1063 4403 1239 4465 quacunque
1261 4386 1292 4447 in
1325 4395 1407 4449 statu
1435 4405 1473 4450 ac

244 4465 413 4553 perlatam
434 4461 522 4524 vitam
554 4473 613 4526 mm
635 4475 806 4530 constanter
825 4469 1022 4548 propugnavit
1044 4479 1073 4532 et
1094 4489 1112 4532 a
1133 4470 1207 4533 solis
1229 4471 1317 4550 plane
1338 4473 1471 4534 errami-

243 4541 302 4606 tur
324 4553 527 4625 impugnatum
547 4549 639 4612 luisse
661 4551 842 4614 testificatur.
