3196 5250
283 341 365 406 tos.
381 359 572 404 ιιιιιιιιιιο
588 361 618 402 ιιι
634 338 681 411 ou'.
697 360 781 403 scer.
798 361 882 406 ιιοι.
899 360 1094 406 acarnaniam
1109 360 1335 405 ιιοιοιιιιιιιι
1351 361 1439 405 carr.

287 516 439 591 Quirites,
454 513 613 586 Romanos,
635 514 734 592 ipsane
754 511 950 574 vernaculam
972 523 1083 594 septen
1106 511 1236 583 collium,
1265 510 1323 574 boc
1344 521 1390 576 cst
1410 512 1494 576 urbis

282 601 394 662 Romae
417 599 533 680 plebem
560 601 717 676 convenio,
753 615 794 659 an
822 596 915 660 alicui
943 598 1067 659 Caesari
1091 607 1201 678 parcat
1229 596 1332 676 linqua
1358 595 1495 660 Romana

283 683 466 760 (Tertullian.
488 683 641 763 Apologet.
664 701 726 761 cap.
749 683 825 757 35.),
847 681 877 743 id
900 689 946 743 est
966 687 1067 760 parcat
1087 681 1227 753 diensis,
1256 681 1368 755 sannis,
1392 683 1495 744 conri-

282 769 335 832 ciis
356 776 386 830 et
407 767 602 842 contumeliis,
624 766 730 846 quibus
752 765 948 846 imperatores
969 784 1041 828 suos
1063 765 1291 828 insectabantur.
1335 767 1496 830 Tantarum

283 854 432 916 enimvero
461 851 716 924 contumeliarum,
746 851 786 912 ait
807 851 865 923 ille,
895 854 980 915 testis
1003 862 1047 914 est
1071 850 1183 913 Tiberis
1206 863 1235 916 et
1256 850 1361 913 ecbola
1384 852 1497 916 bestia·

190 941 196 958 '
281 957 351 1002 runt
372 936 483 1014 (ibid).
527 935 587 998 Sed
609 935 768 1016 quodnam,
791 935 907 1015 rogabit
927 935 1043 1014 aliquis,
1064 935 1162 1016 potuit
1183 953 1253 998 csse
1274 934 1353 998 istud
1377 935 1496 998 Tiberis

280 1023 362 1085 ιιιιιιι
382 1020 609 1084 testimouium?
651 1021 845 1101 Respondent
864 1019 997 1082 nonnulli
1020 1039 1056 1080 eo
1079 1020 1199 1082 nomine
1221 1019 1368 1099 designari
1392 1030 1497 1082 nautas

280 1108 374 1188 ripam
394 1107 483 1169 buius
504 1107 585 1169 fluvii
607 1106 779 1178 incolentes,
801 1107 882 1166 ieros
904 1123 1103 1202 procacesqne
1125 1103 1271 1177 homines,
1294 1104 1343 1182 qui
1355 1107 1497 1184 penuriae

280 1200 415 1290 tempore
443 1200 473 1254 ct
492 1190 646 1252 deficiente
672 1192 820 1251 trumento
843 1189 1011 1252 solebant
1004 1208 1034 1250 m
1063 1189 1159 1269 ipsum
1182 1189 1336 1250 Caesarem
1357 1191 1496 1270 petulan-

281 1277 395 1340 tissima
415 1276 513 1356 lingna
534 1275 642 1336 invehi,
684 1275 792 1336 Verium
813 1274 887 1336 baec
908 1274 1061 1354 explicatio
1084 1275 1130 1336 vix
1153 1273 1203 1335 ulli
1234 1272 1409 1353 probabitur
1443 1295 1499 1337 nec

281 1361 373 1424 menti
401 1360 573 1423 Tertulliani
600 1351 716 1421 ridetur
743 1359 909 1420 convenire.
952 1359 1007 1420 Αιιι
1036 1359 1195 1439 opinantur
1223 1357 1340 1420 'liberis
1375 1360 1497 1422 nomine

280 1445 414 1508 denotari
435 1456 558 1542 pontem
583 1445 629 1506 ιιι
657 1445 754 1506 lunam
776 1444 931 1524 quendam,
955 1463 992 1504 ιι
1013 1462 1070 1523 quo
1086 1442 1219 1506 maledici
1236 1449 1265 1504 et
1280 1441 1496 1507 obtrectatum

280 1530 540 1612 proiiciebantnr
531 1549 562 1591 ιιι
585 1528 733 1602 Τιιιιιιιιι;
768 1529 822 1590 sed
842 1529 873 1590 id
895 1528 1019 1590 forsitan
1040 1547 1102 1590 non
1123 1526 1240 1589 melius.
1282 1526 1375 1589 Nobis
1398 1528 1498 1626 itaque

280 1616 394 1678 lacibus
430 1614 624 1694 persuadebis
658 1614 870 1675 Tertullianum
905 1613 1033 1675 alludere
1070 1613 1106 1674 ad
1142 1620 1254 1673 statuas
1283 1613 1478 1691 quasdam
1470 1633 1498 1676 ιι

279 1701 404 1782 publicis
427 1699 538 1761 Romae
565 1698 639 1762 locis
669 1707 699 1759 ct
725 1699 756 1759 in
778 1698 895 1760 Tiberis
922 1698 985 1778 ripa
1006 1697 1134 1778 positas,
1167 1698 1204 1758 ad
1235 1715 1307 1775 quas
1340 1699 1497 1761 mordaces

279 1784 484 1846 huiuscemodi
516 1783 606 1845 bbelli
638 1781 969 1862 augaunensium
1003 1781 1189 1862 siquidem
1181 1800 1247 1861 ipse
1280 1781 1497 1846 Tertullianus.

229 1883 232 1892 ’
284 1869 439 1940 Vanitatis,
463 1868 512 1942 ait,
542 1868 701 1948 sacrilepia
722 1873 897 1931 conveniam
920 1879 947 1930 et
968 1871 1064 1948 ipsius
1087 1864 1269 1929 auunculus
1291 1871 1409 1947 pentir
1412 1872 1497 1931 i-rre

279 1958 446 2016 verentium
468 1971 678 2032 recopnoscam
700 1964 727 2014 et
747 1954 875 2033 festivos
899 1951 1024 2024 libellos,
1047 1971 1120 2033 quos
1142 1962 1261 2015 statuae
1282 1955 1383 2013 scium
1398 1964 1427 2014 et
1444 1953 1497 2016 illa

253 2038 401 2120 *obliqua
421 2055 637 2118 nonnunquam
660 2038 739 2099 dicta
759 2057 779 2098 c
801 2037 926 2100 concilio
954 2049 1042 2118 atque
1062 2035 1219 2098 nealedieta
1246 2053 1320 2116 quae
1347 2040 1426 2099 circi
1446 2057 1497 2100 so-

279 2134 371 2186 nunt:
408 2127 439 2184 si
463 2143 526 2185 non
554 2126 662 2191 arenis,
697 2121 800 2201 liupuu
828 2141 945 2203 semper
972 2121 1097 2184 rebelles
1125 2123 1195 2182 estis
1225 2120 1317 2192 (ldem
1338 2120 1390 2181 lib.
1413 2121 1438 2184 1.
1461 2121 1495 2184 ad

279 2206 396 2268 Notion.
419 2225 482 2286 cap.
507 2209 580 2282 ιι).
622 2205 727 2268 Nonne
749 2205 827 2268 euim
857 2205 897 2267 ibi
920 2205 984 2266 aliis
1006 2205 1105 2267 verbis
1128 2204 1176 2266 illa
1197 2203 1256 2266 duo
1279 2204 1397 2277 indicat,
1421 2227 1495 2287 quae

280 2289 316 2352 ab
338 2310 374 2353 eo
400 2290 511 2353 Tiberis
534 2301 563 2352 et
584 2289 687 2352 sabula
709 2290 907 2354 bestiarum'
900 2309 930 2351 ιιι
957 2290 1146 2370 bpologetico
1176 2288 1340 2352 vocantur?
1383 2289 1495 2354 Fesiiri

279 2375 388 2472 quippe
408 2373 528 2436 libelli
520 2392 552 2435 m
572 2374 759 2458 imperatoris
781 2374 987 2436 contumeliam
1010 2373 1251 2456 appendebantur
1273 2375 1392 2449 statuis
1421 2395 1495 2456 quae

279 2459 310 2520 in
331 2459 457 2541 publicis
479 2458 564 2532 locis,
586 2458 686 2520 Tiberi
707 2459 900 2538 proculdubio
924 2458 1037 2532 ricinis,
1060 2457 1216 2520 collocatae
1239 2460 1364 2521 lucrant
1400 2460 1495 2558 lltqpe

279 2543 348 2606 binc
362 2543 478 2606 Tiberis
499 2504 606 2605 borinn
627 2543 732 2605 ιιιιιιι
753 2551 783 2604 et
804 2543 1017 2604 contumeliose
1040 2543 1186 2606 dictorum
1209 2545 1295 2606 testis
1311 2543 1369 2606 dici
1385 2547 1493 2626 potnit

361 2631 399 2692 At
418 2627 579 2690 bestiarum
600 2638 697 2690 autem
718 2628 850 2690 scholam
871 2630 950 2707 quod
972 2636 1093 2708 spectat,
1122 2646 1183 2688 non
1213 2629 1339 2706 deerunt
1366 2629 1494 2693 iortasse

279 2713 329 2792 qui
350 2719 454 2794 putent
474 2731 510 2774 eo
532 2713 653 2774 nomine
675 2712 823 2791 designari
845 2712 959 2775 illarum
982 2731 1108 2786 caveam,
1132 2711 1162 2773 in
1184 2713 1268 2775 cuius
1283 2713 1371 2776 ianua
1385 2715 1492 2778 inscri-

277 2797 422 2860 bebantur
451 2796 501 2858 illa
531 2798 623 2859 lucete
653 2805 682 2858 et
709 2805 792 2859 acute
821 2797 912 2872 dicta,
949 2797 1055 2876 quibus
1088 2797 1280 2876 imperatores
1314 2799 1493 2880 pungebant.

279 2882 357 2956 Quid
379 2889 476 2944 tamen
499 2882 525 2943 si
546 2882 646 2944 schola
674 2881 836 2944 bestiarum
872 2901 925 2943 seu
953 2883 1030 2942 torte
1056 2880 1264 2944 bestiariorum
1285 2893 1420 2946 sumatur
1441 2904 1492 2965 pro

277 2975 340 3030 toto
368 2967 456 3040 circo,
484 2967 521 3028 dc
548 2985 607 3046 quo
636 2985 705 3028 mox
733 2966 951 3030 aTertulbano
979 2966 1087 3028 dictum
1116 2965 1297 3028 audirimus:
1335 2967 1494 3033 Maledicta

279 3055 354 3114 circi
379 3049 515 3115 sonunt?
558 3051 610 3113 Vix
637 3051 715 3112 enirn
743 3051 811 3113 alibi
838 3052 961 3132 gentiles
990 3051 1101 3113 maiore
1130 3051 1263 3123 licentia,
1296 3054 1491 3116 amarioribus

278 3135 408 3198 ιιιιιιιιιι
438 3153 472 3197 ιι
497 3135 590 3215 magis
612 3137 729 3198 scurrili
750 3136 901 3198 dicacitate
923 3137 1115 3215 imperatores
1137 3155 1209 3198 suos
1231 3135 1349 3198 laedere
1364 3157 1490 3202 eonsue-

277 3227 389 3282 verant.
433 3220 523 3282 Visne
544 3220 598 3296 iu,
621 3221 701 3300 quod
723 3220 797 3282 satis
819 3229 919 3282 tamen
945 3229 1048 3283 notum
1078 3229 1139 3295 est,
1173 3221 1319 3319 aliquibus
1348 3223 1489 3320 exemplis

187 3317 191 3336 ·
277 3303 421 3385 probari‘l
441 3304 517 3365 ludi
538 3305 611 3366 baec
625 3305 759 3366 Suetonii
781 3305 817 3366 de
830 3304 963 3388 Augusto
979 3305 1113 3380 Caesare,
1136 3307 1193 3368 etsi
1215 3306 1326 3386 optimo
1337 3309 1491 3408 principa,

276 3389 380 3450 verba:
402 3388 538 3489 Populus
560 3391 708 3472 quondam
728 3395 890 3452 uniuersus
913 3389 1057 3452 ludorum
1078 3391 1124 3453 die
1145 3404 1174 3453 et
1196 3395 1308 3492 occepit
1330 3395 1364 3455 in
1387 3406 1490 3457 contu-

204 3511 209 3522 ·
277 3473 395 3536 melium
417 3478 479 3536 ιιιιι
502 3484 531 3536 et
552 3493 679 3536 mceusu
704 3479 835 3535 inanimo
865 3476 1070 3554 conprobauit
1097 3493 1219 3539 cusum
1246 3481 1277 3538 in
1306 3495 1399 3540 amna
1418 3497 1489 3560 prc-

275 3562 450 3621 nuntiatum
470 3558 505 3621 de
518 3557 598 3637 pullo
615 3557 725 3636 Matris
741 3558 835 3620 ileum
851 3564 1075 3638 tympanizante
1097 3559 1255 3636 (Sueton.
1247 3579 1278 3622 m
1292 3560 1356 3623 Vita
1368 3561 1489 3643 lugani

160 3641 167 3655 ‘
276 3661 341 3723 cap.
364 3645 443 3719 68.)·

433 3726 554 3790 Videsne
575 3737 610 3789 ut
632 3727 771 3790 u'uaedus
794 3728 894 3790 orbem
917 3728 1006 3809 dipito
1029 3739 1182 3828 recuperet.

141 3867 149 3894 ,
276 3811 384 3873 Postea
405 3830 475 3874 vero
498 3812 535 3872 dc
556 3811 677 3872 Tiberio
699 3811 891 3890 imperatore:
924 3811 1088 3876 Urebant
1075 3833 1202 3893 insuper
1222 3831 1346 3877 nimiam
1367 3825 1487 3877 menteat

276 3887 365 3960 caric
379 3898 509 3978 undique
525 3900 667 3968 convicia,
689 3895 775 3959 nullo
798 3914 860 3960 non
882 3897 1094 3960 damnatorum
1108 3907 1194 3961 anne
1204 3899 1317 3979 probri
1331 3917 1428 3978 penus
1441 3917 1487 3962 co-

277 3999 346 4043 rana
377 3982 426 4045 uel
449 4000 507 4062 per
530 3980 646 4043 libellos
675 3986 708 4043 in
731 3981 891 4044 orchestra
908 3986 1026 4062 positos
1055 3987 1207 4061 inperante
1239 3982 1372 4057 (ldem'
1365 4002 1396 4044 ιιι
1429 3983 1485 4044 vta

277 4065 387 4129 'liberii
410 4085 472 4146 cap.
495 4067 569 4142 66..)
597 4065 687 4127 lulius
716 4073 812 4127 autem
839 4065 1020 4146 Capitolinus
1047 4068 1120 4129 baec
1148 4067 1184 4128 dc
1211 4067 1287 4128 Vero
1309 4067 1482 4148 imperatore

276 4157 390 4210 narrat:
415 4151 600 4214 Circensium
622 4161 737 4214 tuntum
759 4169 863 4214 curam
879 4149 990 4228 babuit,
1012 4162 1046 4214 ut
1060 4152 1237 4233 [requenter
1248 4153 1482 4234 provincialcbus

279 4233 395 4296 litteras
427 4254 518 4298 causa
551 4237 727 4298 circensium
760 4247 789 4298 et
819 4240 935 4299 miserit
965 4246 994 4297 et
1025 4241 1183 4318 acceperit.
1234 4237 1368 4320 lienique
1402 4241 1482 4300 arian

275 4335 423 4398 promens
445 4330 561 4382 etcum
583 4320 687 4384 Murco
717 4321 820 4384 sedens
844 4317 956 4383 multas
979 4341 997 4382 a
1023 4319 1187 4384 uenenum
1210 4334 1256 4385 est
1273 4341 1387 4419 passus
1409 4326 1484 4384 inin

278 4405 357 4473 rios,
390 4404 469 4483 quod
496 4410 669 4484 turpissime
697 4415 805 4470 contra
832 4424 880 4468 ecs
901 4407 1017 4486 [acuet
1049 4404 1114 4481 (lul.
1137 4405 1290 4552 Capitql.
1282 4426 1313 4468 ιι
1334 4406 1399 4470 Vita
1420 4403 1480 4496 leri

276 4503 342 4565 pag.
365 4487 460 4563 306..)
503 4487 561 4548 Sed
588 4489 674 4564 baec,
707 4509 781 4570 quae
808 4497 867 4552 tam
894 4508 983 4569 saepe
1010 4489 1197 4570 obtigerunt,
1231 4490 1325 4554 insius
1346 4485 1478 4572 prosequi

279 4570 349 4652 quid
370 4589 492 4634 necesse
515 4569 585 4634 est?
