3196 5250
206 347 217 364 ⁰
262 421 271 443 .
317 352 383 420 aot
417 369 607 416 ntssnnrarra
622 372 652 415 ne
668 369 1452 423 on.ssrr.-rnon.rraarunnran1ironoaarrcurrcarr.

812 536 983 590 anniculus
1001 536 1031 586 ll.

318 635 392 696 quem
410 641 504 688 meando
523 643 604 687 ethnici
622 641 743 690 obiicerent
760 641 897 685 Christianae
915 653 966 684 essa
984 640 1085 696 publicos
1102 639 1187 692 hosne,
1205 639 1255 695 quin
1275 639 1425 696 imperatorum
1440 639 1503 682 solen·

204 723 206 728 ’
318 712 357 757 nia
374 723 418 755 nan
436 712 493 755 elcut
510 711 541 754 illi
558 711 702 755 celebrabant
718 711 781 754 locor
799 717 821 753 et
836 716 897 753 toron
915 709 1031 754 educendo
1049 707 1071 750 in
1088 707 1209 764 publicum,
1228 708 1434 763 epulandoriaatinr,
1448 707 1502 750 nte·

316 791 362 824 naa
386 779 460 824 habitu
484 779 651 824 abolalaoiondo
669 777 785 830 civitatem,
808 777 858 820 rino
876 778 945 822 lutum
964 775 1072 830 cogendo,
1097 775 1223 820 cursitando
1242 776 1410 820 aunuatim-ed
1426 774 1504 827 idunan,

369 847 397 890 ad
413 847 560 904 impudentiae
577 845 739 900 illecebraaque
757 845 881 900 voluptatis,
900 857 926 888 aa
945 845 1023 888 domur
1040 854 1095 888 eune
1113 853 1157 886 non
1175 855 1242 887 secus
1260 855 1290 888 ac
1305 845 1356 888 nori
1373 839 1482 899 lupanaria

679 911 779 968 portibus
797 913 873 956 lauros
891 913 1039 966 luecrnasque
1057 910 1176 966 attigendo.

402 1028 475 1092 Cum
497 1027 655 1090 Christiani
676 1027 712 1089 ah
734 1028 813 1090 omni
835 1027 962 1090 vindicta
987 1043 1113 1106 prorsus
1129 1025 1323 1088 abhorrerent
1337 1034 1366 1087 et
1379 1026 1415 1087 de
1428 1021 1503 1085 omui·

316 1113 374 1176 hus
398 1113 474 1176 bene
496 1122 695 1185 mererentur,
718 1131 775 1192 quo
798 1112 944 1186 dementi,
966 1112 1104 1192 inquies,
1127 1112 1228 1173 lurore
1250 1109 1360 1172 ethnici
1374 1110 1442 1172 illos
1460 1107 1502 1168 ho·

317 1207 379 1262 stes
399 1197 532 1278 publicos
553 1215 621 1259 esse
643 1205 702 1258 tam
723 1197 862 1259 audacter
881 1194 1138 1258 rocilmabantur‘l
1166 1195 1250 1257 Nulla
1264 1214 1348 1270 sane,
1370 1195 1425 1256 nisi
1438 1191 1503 1272 plane

316 1282 446 1346 absurda
474 1281 605 1354 ratione,
638 1280 680 1342 nti
709 1300 744 1342 ex
771 1281 818 1344 his
845 1280 990 1359 intelliges
1020 1266 1192 1342 Tertulliani
1213 1280 1326 1341 serbis:
1365 1280 1504 1358 Propterea

315 1367 430 1450 publici
450 1366 548 1430 laertes
566 1366 737 1437 Christiani,
759 1371 830 1447 qnia
849 1367 1083 1447 imperatoribus
1105 1384 1200 1446 neqne
1214 1384 1309 1427 nanae
1332 1383 1420 1445 neque
1440 1380 1503 1422 nnn-

318 1457 425 1514 tientea
446 1470 539 1532 neme
569 1455 746 1514 temerarios
769 1451 897 1513 bonores
921 1451 1030 1521 dicant,
1054 1453 1123 1530 quia
1145 1468 1235 1511 aerae
1256 1449 1410 1530 relipionis
1430 1448 1503 1508 boni

217 1585 222 1599 .
316 1555 370 1600 nee
390 1541 480 1599 etaiam
500 1535 646 1598 solemma
667 1553 774 1598 eoram
796 1539 975 1597 eomcientio
995 1538 1098 1614 potine
1120 1553 1209 1615 qnam
1229 1534 1357 1596 lasn‘oia
1377 1533 1503 1596 celebrant

314 1609 502 1698 luendum.
518 1621 671 1700 apologet
686 1639 748 1699 cap.
765 1623 839 1697 35.).
883 1618 990 1681 Totum
1011 1619 1100 1699 igitur
1121 1619 1230 1697 grande
1252 1618 1324 1680 illud
1346 1616 1503 1680 Christian·

315 1723 383 1766 rnun
406 1705 504 1766 scelus
526 1711 597 1777 erat,
620 1705 698 1784 quod
720 1705 930 1783 imperatorum
946 1702 1089 1783 solemnia
1104 1721 1159 1765 suo
1174 1712 1288 1765 tanturn
1302 1703 1352 1782 pio
1368 1721 1401 1764 ao
1413 1707 1503 1766 sanata

316 1809 377 1855 non
400 1788 624 1869 corruptissimo
646 1788 797 1868 gentilium
818 1787 876 1850 ritu
898 1787 1030 1868 agebant.
1197 1799 1198 1804 ’

403 1873 485 1946 Quae
511 1882 608 1935 antem
629 1873 739 1934 luerint
765 1892 798 1934 ea
821 1872 965 1934 solemnia
988 1872 1101 1952 siquis
1123 1871 1252 1950 primum
1274 1873 1352 1934 scire
1372 1877 1459 1942 areat,
1483 1865 1503 1925 is

316 1957 489 2020 meminisse
511 1957 598 2019 dehet
617 1958 689 2018 haec
710 1957 746 2018 ah
768 1958 834 2038 ipso
855 1957 982 2018 Auctore
1002 1966 1106 2018 nostro
1128 1956 1266 2036 appellari
1295 1957 1435 2020 solemma
1458 1953 1501 2012 tos

312 2048 489 2125 prinoipem
521 2061 554 2103 ac
580 2054 651 2105 nota
680 2051 708 2103 et
727 2043 838 2122 gandia
867 2042 1030 2104 Caesarum
1052 2041 1160 2118 (ibid),
1195 2060 1271 2121 quae
1299 2041 1411 2104 solebat
1435 2033 1502 2098 rarii

316 2127 501 2208 temporibus
523 2125 673 2188 celebrari.
702 2125 775 2188 Nam
798 2125 921 2205 singulis
943 2125 1028 2187 annis
1045 2139 1119 2207 post
1142 2125 1281 2188 colendas
1304 2128 1452 2188 ionaoriaa
1470 2121 1502 2180 dit

315 2216 420 2356 tt't’
437 2209 695 2374 ll⁰li³lg⁰³li⁵t
708 2207 1502 2374 tnttttttlttt‘tttttttltttllttt

316 2383 476 2460 incipiente
507 2398 597 2455 anno,
625 2383 783 2460 incipiente
803 2398 902 2440 menae
924 2379 1058 2453 (Tertull.
1081 2379 1117 2440 ad
1139 2377 1227 2440 Uror.
1250 2399 1316 2460 cap.
1338 2383 1390 2456 6.).
1429 2375 1499 2438 Prat-

198 2446 208 2539 ζ
315 2471 396 2525 terea
418 2463 577 2543 agebantur
597 2463 754 2542 quotannis
776 2462 874 2535 natali,
895 2463 958 2524 siva
981 2462 1047 2542 ipso
1069 2462 1116 2524 die
1139 2482 1198 2542 quo
1221 2463 1312 2526 creati
1334 2465 1440 2526 lucrant
1457 2457 1499 2516 in·

315 2556 487 2628 peratore&
520 2567 554 2610 aa
574 2547 761 2628 potissimum
782 2547 901 2628 quinto,
931 2545 1061 2622 decimo,
1095 2541 1313 2626 quintodecimo
1337 2557 1366 2610 et
1385 2541 1500 2624 vigesimo

316 2632 523 2694 ahhincanno.
555 2631 636 2704 Quae
651 2631 768 2710 quidem
790 2633 871 2694 lesta
887 2631 1123 2712 quinquennalia,
1146 2633 1326 2708 decennalia,
1348 2631 1500 2714 quindecen-

315 2717 392 2779 nalia
414 2726 444 2778 et
462 2716 629 2790 vicennalia,
643 2717 830 2778 vocabantur.
873 2717 915 2778 lle
942 2717 989 2777 his
1017 2725 1114 2778 autem
1136 2735 1191 2779 nos
1219 2717 1330 2796 aliquid
1350 2709 1501 2798 perstrinxi·

314 2819 382 2864 mus
405 2801 459 2864 alia
481 2802 511 2863 in
534 2801 742 2863 dissertatione
769 2801 934 2876 (Dissertat.
957 2801 988 2862 in
1009 2801 1080 2863 Luc.
1104 2801 1206 2864 Caecil.
1230 2821 1294 2882 cap.
1322 2806 1368 2866 ll.
1390 2801 1444 2862 hrt
1462 2796 1502 2868 3-l·

315 2887 366 2949 uhi
394 2885 513 2967 Pagium
541 2887 657 2966 (Pagina
679 2887 710 2948 in
731 2885 855 2947 Dissert,
878 2885 982 2966 Hypat.
1004 2885 1082 2946 Part.
1105 2889 1135 2949 2.
1159 2905 1221 2968 cap.
1244 2889 1288 2965 2.)
1320 2896 1349 2949 et
1374 2885 1441 2947 alios
1464 2874 1499 2956 qtti

314 2972 400 3052 plura
421 2973 457 3033 de
479 2971 525 3032 his
547 2971 698 3051 disputant
719 2970 823 3032 citatos
845 2970 987 3032 invenies.

400 3055 476 3117 'lum
497 3063 593 3117 autem
615 3055 672 3116 illis
694 3054 725 3115 in
740 3055 892 3116 solemniis
914 3054 1021 3116 ethnici
1043 3055 1129 3116 fictos
1151 3055 1224 3116 deos
1243 3074 1319 3117 suos
1333 3051 1500 3136 precabantur

313 3133 1498 3304 qqqstqffiqnosriqqqiqnffie(gqirqrqeqqqdaeqqiqqaqsssqqerqoqorqqqqq

315 3305 456 3386 Panegpr.
486 3308 603 3368 Traian.
630 3315 700 3388 post
718 3308 827 3384 med),
859 3306 1012 3370 Brissonio
1041 3307 1184 3382 (Brisson.
1205 3308 1256 3370 lib.
1277 3309 1315 3371 ll.
1338 3309 1373 3371 de
1392 3295 1496 3367 romu·

314 3407 381 3470 pag.
407 3395 489 3468 llll.)
512 3389 634 3470 aliisque
657 3391 840 3453 observatum
863 3399 918 3453 est.
962 3391 1120 3454 Christiani
1147 3394 1261 3474 itaque,
1294 3395 1344 3474 qui
1371 3405 1459 3453 renim
1476 3385 1498 3441 tl

314 3473 433 3537 monna
455 3473 588 3536 colebant
608 3475 701 3536 licum
728 3493 783 3537 nec
807 3483 943 3555 poterant
970 3476 1044 3538 alios
1066 3496 1153 3556 quam
1174 3497 1263 3540 veros
1285 3489 1317 3540 et
1337 3476 1425 3539 sacris
1443 3465 1497 3531 reli·

315 3558 411 3640 gionis
433 3577 503 3622 suae
523 3559 636 3638 legibus
662 3560 859 3639 praescriptos
891 3560 1021 3624 honores
1043 3561 1270 3643 imperatoribus
1292 3563 1413 3633 deterre,
1438 3552 1497 3616 cale·

314 3643 440 3706 brabant
459 3643 577 3725 quidem
606 3663 708 3706 eorum
730 3644 872 3706 solemnia
899 3662 960 3706 non
981 3647 1083 3708 eadem
1103 3648 1205 3726 utique
1226 3665 1282 3728 qua
1305 3645 1409 3710 ethnici
1428 3633 1495 3702 lasci·

315 3729 370 3805 ria,
393 3731 446 3792 sed
468 3732 656 3801 torneientio,
679 3729 721 3790 ait
742 3728 939 3792 Tertullianus
961 3729 1143 3806 (Tertullian.
1158 3733 1312 3812 apologet
1329 3750 1390 3812 cap.
1405 3730 1457 3800 35.)
1474 3715 1495 3812 id

315 3822 364 3876 est
384 3832 454 3875 vero
475 3812 649 3892 sinceraque
670 3814 777 3875 mentis
798 3814 929 3888 adiectu,
961 3825 1051 3895 prout
1077 3825 1221 3878 noverant
1241 3836 1257 3878 a
1278 3817 1340 3879 llea
1365 3807 1495 3896 possano·

315 3898 515 3972 Quamobrem
536 3897 584 3960 ille
606 3897 689 3960 alibi:
726 3899 815 3973 Qnod
835 3905 942 3962 attinet
962 3901 1002 3961 ad
1024 3900 1153 3963 bonores
1181 3920 1285 3984 repant
1307 3912 1337 3965 et
1355 3897 1493 3979 inperato-

313 4002 393 4056 rana
415 3989 490 4048 aotr'e
508 3987 732 4065 praescriptum
755 3983 892 4046 habentne
914 3987 946 4046 in
969 3989 1053 4046 omni
1071 3983 1208 4066 obseqaio
1230 4005 1286 4048 noa
1302 4006 1365 4050 esee
1380 3985 1495 4063 oportere

313 4053 476 4131 senodum
497 4067 637 4150 apostoli
653 4079 847 4150 praeceptam
868 4069 1003 4131 subditos
1024 4071 1251 4149 magistratibus
1272 4083 1302 4135 et
1318 4062 1490 4154 principiis,

313 4163 346 4215 et
364 4155 571 4232 potestatibus,
593 4151 645 4215 sed
665 4157 748 4215 intra
769 4153 878 4215 limites
900 4153 1083 4232 disciplinae,
1111 4174 1263 4237 qumque
1283 4156 1321 4219 ab
1342 4147 1494 4216 idololotttl

266 4261 270 4272 e
313 4251 494 4314 separantur
516 4238 609 4312 (idern
627 4236 677 4299 lib.
700 4238 736 4298 de
757 4237 891 4298 idololat.
914 4256 976 4317 cap.
1002 4241 1074 4316 tat.

399 4319 516 4382 Fatetur
535 4321 633 4402 itaque
653 4322 797 4384 solemnia
817 4321 1026 4402 imperatorum
1047 4323 1253 4399 aChristianis
1268 4323 1406 4388 celebrata
1418 4313 1493 4378 luiatt

315 4404 478 4466 secundam
499 4405 574 4468 hano
593 4407 727 4488 Apostoli
747 4407 858 4486 legem,
890 4425 924 4468 ac
944 4405 1017 4468 lusia
1046 4408 1082 4470 ad
1102 4408 1196 4471 Deum
1217 4409 1321 4471 intimo
1342 4403 1432 4469 cordis
1449 4391 1491 4456 od·

314 4487 404 4561 dectu,
425 4496 458 4550 ut
472 4505 562 4568 supra
574 4490 711 4566 vidimus,
733 4509 789 4571 pro
810 4491 987 4571 imperatore
1001 4500 1031 4554 et
1043 4493 1166 4573 imparia
1179 4493 1327 4574 precihus,
1343 4507 1401 4554 non
1412 4488 1492 4546 anteat

304 4573 465 4654 ¹gentilium
485 4591 579 4648 more,
601 4593 699 4654 quem,
721 4576 764 4637 uti
786 4575 852 4657 ipse
873 4594 926 4639 eos
949 4576 1131 4658 adloquendo
1150 4578 1203 4656 ait,
1224 4597 1277 4644 neo
1298 4575 1431 4644 mnata
1449 4575 1492 4628 ast
