3132 5238
437 403 570 447 inercie
593 403 688 448 rsrao
710 405 807 448 enarr.
829 404 855 448 r.
878 405 907 448 n.
930 405 960 448 ι.
1266 373 1329 460 se*
1374 431 1377 440 .

166 551 308 614 Tertium
330 561 386 626 est,
409 571 474 616 curn
496 573 557 615 non
578 553 735 616 admodum
758 574 793 616 ex
814 553 862 616 bis
886 555 1004 636 scriptis
1026 557 1123 636 possit
1137 557 1232 638 colligi
1248 577 1308 639 quo

89 657 158 699 anno
182 637 323 717 praecise
345 639 422 700 edita
446 637 516 713 sint,
537 639 628 700 rideri
652 641 772 702 omniuo
794 640 926 702 drtilibus
948 641 1050 703 nescio
1065 641 1150 720 queis
1165 643 1307 706 abductos

87 723 275 802 praeiudiciis
298 721 460 785 Pamelium
488 743 521 784 ac
540 723 715 798 Baronium,
748 734 781 786 ut
808 725 880 786 haec
902 725 1010 806 scripta
1032 726 1062 788 in
1084 743 1152 790 eum
1173 729 1308 792 ordinem

86 809 264 888 digererent.

165 893 279 954 Gaium
307 892 363 953 sub
384 891 550 973 zephyrino
579 894 655 954 circa
684 911 805 956 annuum
820 893 916 956 CCXI.
945 904 995 956 aut
1022 895 1143 958 ccxlii.
1166 897 1306 959 adversus

84 977 223 1039 Proclum
247 977 493 1040 liontanisiarum
514 979 708 1059 coryphaeum
731 979 900 1059 disputasse
921 979 1042 1060 recipio.
1086 980 1119 1042 ld
1140 981 1216 1044 dare
1236 989 1308 1062 post

82 1061 249 1124 Eusebium
270 1061 480 1146 Hieronymus.

164 1147 369 1227 Zephyriuum
400 1157 461 1210 tum
488 1147 644 1208 damnasse
671 1147 806 1210 Proclum
837 1157 867 1210 et
895 1148 1107 1212 Tertullianum
1136 1159 1164 1212 et
1190 1159 1306 1212 ceteros

83 1233 282 1294 llontanistas
316 1233 444 1306 credam,
478 1251 544 1292 cum
565 1231 723 1293 laudabunt
742 1232 890 1296 Pamclius
913 1233 1100 1296 etBarohius
1123 1235 1229 1315 aliique
1251 1253 1305 1296 au-

83 1325 195 1379 ctorem
220 1316 279 1378 lide
302 1317 433 1396 dignum,
456 1317 506 1396 qui
527 1316 598 1378 illud
619 1318 735 1378 reserat.

166 1401 301 1463 Consilia
322 1401 353 1464 in
377 1401 497 1463 Graecia
518 1401 616 1462 habita
638 1421 715 1474 esse,
749 1419 807 1480 qaro
830 1411 963 1482 tempore
986 1401 1106 1482 scripsit
1126 1404 1162 1465 de
1185 1403 1306 1465 ieiuniis

83 1485 297 1559 Tertullianus,
320 1487 450 1548 concedo
472 1485 579 1559 libens,
610 1505 676 1548 eum
698 1487 727 1548 id
750 1486 948 1548 Tertullianus
971 1488 1087 1548 celerat.
1131 1485 1210 1549 llaec
1230 1507 1305 1549 con-

82 1573 145 1632 cilia
159 1571 322 1651 Zephyrini
345 1571 521 1632 seutentiam
545 1571 769 1651 comprobatum
791 1571 977 1644 conuenisse,
999 1572 1079 1650 quod
1101 1572 1230 1634 somniat
1246 1572 1306 1634 Ba-

81 1657 199 1730 rouius,
222 1665 339 1717 utnon
361 1655 427 1734 lego
449 1657 526 1735 apud
547 1663 678 1716 veterum
701 1656 883 1735 quempiam,
907 1656 951 1717 sie
972 1656 1124 1718 admittere
1146 1675 1207 1718 non
1228 1675 1305 1736 pos-

82 1761 160 1802 sum.
206 1741 288 1813 Quin
316 1757 378 1801 non
405 1749 517 1801 tautum
543 1741 695 1802 anathema
717 1739 827 1802 dietum
849 1739 1028 1802 Tertulliano
1051 1748 1139 1820 negat
1160 1741 1305 1821 Georgius

81 1825 307 1904 aZepbyrino,
341 1843 445 1886 rerum
477 1825 562 1886 etiam
590 1824 829 1904 paracleticorum
856 1825 957 1904 potius
986 1844 1072 1905 quam
1095 1825 1305 1888 catholicorum

82 1909 212 1970 concilia
244 1909 458 1970 aTertulliano
491 1917 652 1971 memorata
683 1910 808 1970 maxima
841 1928 906 1996 eum
939 1909 1142 1989 probabilitate
1164 1911 1305 1972 adversus

80 1993 247 2056 Baronium
268 1994 407 2056 defendit.
453 1993 599 2074 Quidquid
622 1993 670 2068 sit,
693 1993 741 2054 laic
763 1994 801 2055 ob
827 1994 929 2056 oeulos
953 2013 1035 2056 suam
1057 1995 1152 2074 ipsius
1175 1995 1304 2075 regulam

82 2079 195 2142 habere
225 2079 323 2140 decuit
352 2078 526 2140 Barcnium:
567 2079 654 2151 Quod
681 2097 700 2140 o
726 2085 894 2142 recentiore
916 2089 1040 2142 auctore
1063 2079 1208 2142 derebus
1231 2081 1304 2142 adeo

82 2167 217 2246 antiquis
239 2169 307 2226 sirac
328 2163 457 2225 alicuius
480 2168 655 2226 vetustioris
680 2167 861 2228 auctoritate
878 2165 1055 2244 profertur,
1079 2170 1289 2228 contemuitur.

165 2249 251 2310 Hauc
272 2248 368 2327 ipsam
391 2247 520 2327 regidam
544 2265 662 2327 sequor,
684 2267 774 2327 quum
796 2256 985 2310 contemnere
1006 2267 1054 2310 me
1069 2249 1209 2328 profiteor
1224 2249 1303 2329 quod

85 2335 160 2396 addit
173 2333 335 2408 baronius,
357 2333 485 2396 edictum
507 2334 543 2395 de
564 2333 696 2394 moechis
712 2332 850 2412 deinceps
866 2333 903 2394 ad
918 2332 1127 2412 poeniteutiam
1144 2333 1302 2394 admitten-

84 2420 126 2480 dis
148 2439 165 2480 a
187 2417 349 2498 Zephyrini
377 2417 548 2480 auctoritate
570 2417 665 2479 luisse
686 2418 861 2496 proiectum.
907 2417 980 2491 Quis
1002 2417 1031 2479 id
1052 2427 1182 2480 veterum
1204 2417 1302 2490 habet,

86 2504 343 2576 seuGraecorum,
366 2521 419 2564 seu
430 2500 625 2564 latinorum?
654 2503 698 2564 du
719 2521 832 2576 eorum,
854 2503 904 2581 qui
920 2502 993 2564 ritas
1008 2503 1209 2564 Romanorum
1217 2519 1303 2586 pon-

88 2587 191 2650 tilicrun
215 2587 458 2669 descripserunt,
487 2596 639 2648 auctorum
667 2586 712 2648 vel
746 2606 823 2648 unrrs
857 2587 915 2648 hoe
935 2588 1046 2650 lacinus
1077 2595 1144 2650 ante
1166 2586 1302 2667 superius

87 2675 214 2735 seculum
237 2671 404 2752 Zephyrino
426 2671 603 2734 vindicarit?

163 2757 209 2820 En
232 2765 342 2818 testem
364 2757 445 2818 omui
467 2758 637 2836 exceptione
658 2756 800 2817 maiorem
822 2753 860 2817 dd
883 2755 1094 2816 Tertullianum
1116 2756 1224 2833 ipsum,
1252 2755 1302 2815 iu-

86 2844 142 2922 quit
162 2841 328 2916 liaronius3
356 2841 469 2904 scilicet
494 2841 572 2903 haec,
595 2841 683 2902 habet
709 2841 745 2902 de
765 2839 907 2900 Pudicitia
936 2857 999 2918 cap.
1025 2843 1053 2901 1.
1097 2839 1193 2900 dardio
1216 2843 1304 2900 etium

87 2931 207 2990 edietum
231 2945 296 2990 ease
314 2931 523 3008 propositum,
557 2938 586 2989 et
608 2926 723 3006 quidem
741 2929 991 3004 peremptorium.
1024 2921 1168 3002 Poutisee
1191 2923 1304 2984 scilicet

88 3017 241 3083 uumerus,
265 3013 347 3094 quod
368 3024 418 3073 est
434 3017 590 3092 episcopus
613 3014 831 3090 cpiscoporum,
855 3009 958 3069 edicit:
981 3005 1043 3087 Epo
1067 3016 1095 3068 et
1115 3007 1262 3068 moechiae
1274 3017 1304 3070 et

87 3099 301 3175 [emicationis
325 3095 434 3159 delicto
451 3097 637 3175 poenitentia
659 3093 774 3172 sauciis
797 3093 923 3154 dimitto.
971 3092 996 3152 0
1019 3091 1153 3162 edictum,
1177 3093 1227 3151 eui
1245 3091 1303 3152 od-

89 3183 178 3243 rcribi
196 3201 259 3243 acu
279 3185 411 3262 poterit,
445 3181 554 3242 bouum
576 3180 702 3259 scotum.
745 3177 851 3238 dunen
873 3176 953 3238 vides
977 3175 1121 3246 edietum,
1149 3174 1228 3254 quod
1249 3193 1302 3236 re-

91 3265 167 3344 gium
188 3267 254 3345 quid
279 3263 390 3327 sonat?
419 3265 523 3327 Annon
545 3264 625 3325 vides
647 3263 811 3324 aldemano
834 3261 973 3341 episcopo
995 3260 1170 3339 proiectum,
1193 3259 1301 3338 quippe

88 3352 222 3430 pontisera
241 3354 394 3412 muorirrua
416 3349 473 3410 iam
495 3347 689 3410 communiter
710 3347 805 3418 audit,
836 3355 865 3408 et
886 3350 1045 3425 episeopus
1066 3343 1302 3424 episcoporum?

88 3437 187 3497 dauon
221 3435 349 3515 denique
382 3435 419 3496 de
451 3433 583 3495 moechis
615 3433 652 3494 ad
682 3430 891 3512 poenitentiam
921 3427 1107 3491 admittendis
1128 3429 1221 3509 legem
1244 3429 1301 3490 lert

87 3539 169 3600 pem
191 3529 298 3600 postea
320 3519 449 3580 servarit
469 3515 624 3580 Ecclesia?

166 3605 284 3668 Siccine
299 3604 450 3666 Romanae
471 3621 576 3664 causae
597 3609 738 3680 patronos
761 3598 849 3660 etiam
871 3597 947 3658 iuter
969 3603 1147 3658 sarcasmata
1168 3615 1202 3656 ae
1223 3614 1298 3656 eou-

87 3691 158 3764 ritia,
182 3689 269 3770 queis
281 3688 478 3750 Tertullianus
491 3687 578 3748 huius
600 3683 708 3746 decreti
732 3691 881 3744 auctorem
904 3681 1018 3760 excipit,
1042 3680 1135 3759 elogia
1156 3688 1186 3741 et
1199 3680 1300 3740 titulos

88 3795 137 3835 siro
158 3775 297 3837 llomauo
325 3771 456 3853 pontiliei
484 3788 634 3851 quaerere.
677 3767 714 3828 Et
740 3776 837 3828 minen
866 3767 916 3845 qui
943 3785 1006 3826 rem
1035 3765 1113 3846 apud
1141 3761 1300 3823 Barcuium

88 3860 161 3940 legit,
183 3862 225 3922 ita
246 3860 373 3921 iamiam
397 3865 426 3918 et
447 3858 636 3918 incrustatum
658 3851 760 3923 cernit,
782 3859 816 3913 ut
826 3869 926 3914 verum
942 3869 958 3912 a
974 3850 1046 3912 laiso
1061 3848 1108 3910 rix
1122 3847 1299 3922 discernere,

89 3944 144 4006 imo
163 3963 268 4006 remur
289 3945 368 4006 iuter
389 3942 493 4003 salsum
514 3939 562 4000 rix
582 3937 679 4017 possit
700 3936 911 4009 internoscere,
933 3933 1013 4014 quod
1033 3937 1206 3997 noseorum
1220 3949 1298 3990 non-

91 4029 211 4110 amos„
225 4029 257 4091 in
278 4029 356 4090 haue
377 4025 535 4087 absurdam
558 4022 749 4092 sententiam,
778 4023 861 4099 quasi
884 4021 957 4081 haec
977 4033 1065 4080 causa
1087 4015 1198 4076 Romae
1219 4015 1298 4077 iudi-

95 4121 152 4172 cata
172 4115 282 4189 luisset,
307 4109 466 4192 Capellum,
488 4107 648 4172 Seultetum
671 4115 700 4168 et
720 4105 794 4166 alios
816 4105 941 4184 impulit.

171 4199 275 4262 l'crum
297 4197 372 4259 nihil
393 4203 452 4256 tam
474 4192 642 4262 absurdum,
664 4189 738 4252 nihil
759 4198 818 4250 tam
839 4208 856 4251 a
877 4205 947 4250 vero
960 4185 1096 4257 ahenum,
1118 4201 1205 4263 quem
1219 4185 1298 4263 quod
1409 4217 1416 4234 ·
1468 4221 1471 4235 .

94 4281 240 4346 aduenio
263 4284 293 4346 in
318 4301 353 4344 ea
375 4297 464 4343 eausa
486 4297 521 4339 ex
541 4275 711 4339 Tertulliani
731 4272 796 4335 loco
819 4273 973 4352 colligitur,
995 4275 1044 4330 aut
1065 4269 1101 4330 ab
1123 4269 1227 4330 eodem
1248 4269 1297 4329 in-

95 4371 245 4432 verecunde
268 4363 458 4448 supponitur.
500 4362 586 4424 llidet
606 4359 817 4432 Tertullianus,
850 4358 938 4436 idque
967 4353 1044 4416 salse
1075 4372 1159 4416 more
1187 4372 1297 4427 suo,a

96 4455 174 4516 retefi
195 4457 293 4536 rigore
317 4449 504 4513 recedentem
526 4446 672 4527 episcopi,
706 4445 742 4506 de
764 4461 821 4522 quo
843 4441 972 4520 loquitur
992 4440 1134 4522 aduersus
1155 4437 1296 4500 moechos

96 4545 118 4595 rt
137 4541 342 4608 fornicatores,
364 4531 583 4611 indulgentiam.
627 4529 714 4592 Ridet
736 4528 823 4589 unius
846 4524 1015 4599 consilium,
1038 4524 1180 4586 adversus
1202 4541 1295 4602 quos-

95 4619 150 4687 dam
174 4627 205 4690 in
232 4645 267 4689 ea
296 4639 389 4686 causa
416 4617 640 4690 dissentientes,
669 4624 698 4678 et
717 4611 871 4694 pristinam
892 4610 990 4691 legum
1011 4617 1095 4674 autea
1113 4613 1297 4686 receptarum
