3144 5236
474 411 610 458 suoram
630 411 690 458 nto.
713 413 751 462 cc
772 413 900 459 noum.
1239 400 1304 470 tte

110 564 226 644 emon
243 559 397 632 illabitur,
420 579 544 627 cannen
565 559 687 642 Spiritu
707 572 813 628 caneto
837 574 1018 645 cooperante
1039 566 1196 632 inmittor:
1218 567 1302 632 Dese

110 667 160 710 cun
175 646 282 708 bonine
302 648 448 708 mantus
480 645 628 726 (Cypriam
651 647 702 708 lib.
724 646 762 709 de
783 647 893 710 ldolor.
916 649 1010 712 Venit.
1032 654 1154 730 p.15.).
1197 651 1304 718 Discus

108 739 182 794 mten
199 729 233 792 ab
254 749 301 803 eo,
324 730 403 792 sicut
423 749 440 792 a
462 729 644 792 Tertulliano
667 731 790 806 naun,
819 751 881 795 non
903 733 1058 813 utrimque
1079 743 1201 796 naturae
1223 736 1302 802 diri-

109 833 149 876 me
165 822 190 876 et
207 814 350 876 humanae
371 814 439 876 licta
459 814 496 876 ab
517 814 707 894 Eutychianis
729 815 914 890 confiniens,
937 818 990 880 sed
1012 818 1080 898 quia
1101 818 1248 894 Christus,
1269 827 1304 888 ut

107 898 173 978 poulo
192 905 255 960 ante
277 898 458 974 monuimus,
480 907 636 978 utramque
657 907 791 964 naturam
815 903 975 982 perfectam
997 903 1113 964 divinae
1135 921 1207 965 snae
1229 923 1301 984 per·

108 1001 177 1044 sonae
194 982 376 1044 coniunctam
397 983 620 1062 copulatamque
641 983 740 1046 habet.

170 1067 239 1130 Tum
268 1067 375 1128 debinc
394 1067 504 1130 Auctor
533 1073 637 1128 noster
664 1068 811 1146 ipsosmet
836 1069 961 1148 gentiles
990 1069 1132 1132 allocutus
1160 1070 1234 1132 hacc
1263 1071 1300 1134 ab

106 1149 224 1212 ioreici
251 1167 312 1212 nen
344 1169 435 1230 posse
457 1151 502 1212 sic
521 1152 721 1214 demonstrat:
757 1153 888 1235 Recipite
910 1158 1032 1216 intera'm
1055 1154 1132 1216 banc
1152 1154 1300 1233 fabulam,

104 1235 150 1296 cire
169 1234 245 1297 sicuti
269 1235 406 1308 tabulam,
429 1236 537 1298 siau'ls‘e
560 1239 743 1314 colcestria,
764 1239 834 1300 dum
850 1240 1031 1301 ostendimus
1047 1240 1193 1318 montedo
1210 1238 1301 1303 Cleri·

37 1331 39 1352 t
104 1329 153 1380 ctus
167 1322 320 1399 probetur.
365 1319 507 1384 Sciebant
528 1324 581 1400 pei
597 1339 690 1400 penes
713 1339 767 1386 cos
789 1321 912 1402 salutm
934 1324 974 1385 ad
995 1323 1230 1387 destructionem
1246 1343 1301 1388 os-

104 1406 184 1466 ritotis
209 1408 297 1467 istius
326 1403 462 1468 aemulas
486 1409 821 1484 praeministraverunt
852 1405 1037 1479 (TertulDan.
1058 1403 1212 1486 Apologet.
1236 1426 1299 1489 cap.

103 1489 158 1563 m).
196 1488 227 1550 ln
253 1489 367 1552 nostris
396 1507 466 1550 vero
488 1489 697 1569 manuscriptis
720 1489 871 1552 codicibus
893 1503 922 1552 et
943 1499 1012 1552 ante
1032 1489 1190 1569 Rigaltium
1212 1491 1309 1558 edilis·

104 1579 156 1648 poot
178 1571 296 1635 rabum
320 1575 470 1654 probetur
492 1573 565 1635 haec
597 1573 682 1635 aliter
711 1575 815 1653 sicque
836 1577 948 1653 scripta
969 1583 1053 1636 sunt:
1086 1585 1116 1638 ct
1137 1579 1190 1657 qui
1205 1594 1299 1655 penes

103 1674 142 1716 aas
165 1659 306 1720 ausnodi
333 1657 456 1737 sobulm
485 1658 619 1720 aesaulm
647 1660 687 1720 ad
708 1661 943 1722 destructionem
964 1663 1104 1722 osrr'tatis
1129 1663 1303 1724 istiusmodi

101 1746 402 1816 premsnmtracerint.
447 1742 507 1804 Cur
532 1759 603 1802 roro
624 1741 768 1820 Rigaltius
795 1743 869 1806 hace
889 1741 978 1805 verba
999 1743 1206 1816 immutaverit,
1230 1745 1298 1808 an-

102 1821 144 1884 lon
166 1825 197 1886 eb
222 1844 259 1888 eo
289 1835 425 1906 expectes
451 1825 608 1888 rabonem.
653 1827 852 1889 Tertullianus
880 1836 978 1890 autem
1000 1827 1141 1890 adversus
1164 1828 1299 1892 ethnicos

102 1906 137 1968 sic
151 1919 375 1986 agamemnon:
405 1909 542 1974 Dbiiecre
562 1909 635 1972 milri
656 1911 783 1989 potestis
806 1930 850 1986 ea,
880 1929 955 1990 quac
977 1912 1014 1974 de
1036 1911 1154 1974 Christo
1176 1911 1300 1992 eiusque

100 2008 127 2052 ex
144 1992 241 2072 supine
264 2003 331 2056 crta
354 2004 384 2057 et
404 1995 532 2066 bumana
553 1995 612 2056 vita
634 1995 704 2068 dixi,
727 2013 839 2058 mamm
860 2015 928 2058 esse
949 1995 1086 2058 tabulam.
1129 1997 1167 2058 At
1188 1997 1244 2058 etsi
1266 1997 1298 2060 id

100 2075 164 2138 robis
186 2079 387 2152 mainadarum,
416 2080 492 2141 bana
519 2087 617 2142 umen
644 2097 706 2140 non
732 2099 886 2159 respuere,
920 2081 973 2142 sed
1005 2081 1137 2160 recipere
1169 2081 1298 2156 debetis,

100 2159 185 2239 quippe
204 2181 279 2241 quae
300 2164 339 2225 iis
362 2163 467 2226 nimbis
489 2173 544 2235 est,
568 2181 641 2241 qous
664 2164 801 2226 linxistis.
833 2164 1025 2227 Ostendimus
1049 2164 1129 2226 enim
1146 2165 1297 2243 momoria

101 2241 210 2308 blastus
229 2247 268 2308 de
290 2247 403 2326 virgine
424 2255 510 2310 naurs
532 2247 685 2326 probetur,
709 2267 743 2310 ac
763 2248 864 2327 plnres
886 2267 953 2312 esse
973 2247 1148 2328 scriptores,
1180 2249 1231 2328 qui
1252 2249 1297 2312 oi·

100 2327 164 2389 nias
182 2331 291 2394 tabulas
312 2333 353 2396 ad
375 2333 612 2397 destructionem
631 2336 770 2396 ueritatis
789 2351 882 2412 penes
898 2351 952 2396 ooo
965 2337 1297 2414 praemmistraoeriat.

99 2409 254 2490 Dicentem,
284 2435 406 2496 quaese
436 2425 536 2478 utrum
558 2416 606 2478 hio
627 2416 843 2496 descriptorum
865 2417 897 2478 in
919 2417 1070 2480 codicibus
1092 2418 1206 2480 nostris
1229 2437 1299 2479 rer·

99 2493 183 2560 boram
207 2500 380 2564 Tertulliani
409 2518 517 2563 sensus
545 2500 638 2580 magis
666 2519 753 2580 quam
781 2502 811 2562 in
833 2501 996 2580 Rigaltiana
1025 2501 1155 2564 editione
1185 2501 1297 2564 obscu-

97 2596 136 2641 rus
153 2582 197 2644 cit.
699 2615 704 2622 ·

163 2666 295 2732 Ceterum
326 2677 413 2730 antea
432 2669 566 2731 lusbnus
589 2669 696 2748 llartyr
718 2669 809 2732 simili
830 2669 916 2748 plane
937 2669 1028 2730 modo
1050 2678 1153 2732 contm
1174 2669 1298 2732 eosdem

96 2749 198 2826 gentico
224 2753 440 2832 disputaverat:
476 2749 518 2816 El
546 2751 582 2818 db
609 2753 663 2816 eal
696 2749 752 2818 dcci
785 2756 959 2835 παρθένου
986 2753 1204 2854 peyerriabac
1236 2754 1299 2836 φέ-

97 2852 183 2912 ρομεν,
204 2835 314 2902 κοινὸν
335 2836 391 2902 καὶ
412 2836 511 2900 τοῦτο
532 2833 618 2920 πρὸς
638 2833 696 2902 τὸν
717 2839 851 2920 Περσέα
873 2833 958 2900 iaco
979 2843 1067 2917 υμῖν.
1111 2837 1201 2910 Quod
1221 2853 1297 2899 nero

97 2927 171 2982 tien
195 2927 310 3002 airoino
340 2923 492 2985 Cbrictum
520 2932 627 2984 natum
652 2940 716 2985 esse
740 2923 961 3003 praedicamus,
992 2925 1214 2992 commune‘cit
1242 2920 1299 2982 isac

96 3019 189 3084 meque
206 3019 335 3086 propter
355 3005 501 3078 Perseum
522 3007 674 3068 nobiccum
696 3005 811 3078 (lustin.
832 3006 956 3084 bpolog.
972 3004 1019 3082 l.).
1049 3004 1125 3064 Nota
1147 3004 1297 3066 enimvero

97 3093 133 3146 est
150 3091 281 3152 omnibns
303 3090 377 3153 baec
399 3090 503 3163 l'abula,
527 3108 584 3168 qua
599 3090 723 3173 gentiles
738 3089 898 3150 commenti
922 3097 993 3150 sunt
1006 3088 1108 3150 lovem
1129 3087 1161 3150 in
1175 3105 1298 3150 aureum

96 3167 198 3260 imbrem
220 3192 396 3238 mnrerenm
419 3173 612 3239 descendisse
632 3174 669 3235 ad
690 3173 811 3234 Danaen
833 3181 863 3234 et
877 3172 912 3234 ab
928 3191 963 3234 aa
978 3172 1119 3234 Perseum
1145 3172 1297 3251 genuisse.

95 3251 156 3316 illac
182 3267 334 3336 praeterea
361 3258 547 3320 ethnicorum
577 3258 691 3321 Tabulas
719 3257 829 3320 ibidem
857 3265 977 3320 sanctus
1005 3265 1115 3337 martyr
1143 3265 1297 3331 memorat,

95 3353 151 3412 tute
169 3341 225 3415 his,
247 3362 323 3422 qnae
344 3343 381 3404 de
403 3343 522 3405 Christo
544 3361 613 3404 rere
628 3351 795 3415 narrantur,
818 3341 929 3405 umiles
945 3360 1014 3403 esse
1028 3341 1170 3404 ostendit
1191 3341 1299 3404 Postea

95 3437 149 3482 rere
168 3425 214 3488 ille
236 3427 338 3490 adiicit
356 3427 469 3490 tabulae
492 3426 663 3489 huiusmodi
685 3427 721 3503 ab
743 3426 868 3488 ethnicis
890 3426 997 3506 poetis,
1032 3425 1173 3490 instinctu
1202 3424 1297 3488 dolis-

94 3521 138 3580 que
161 3508 337 3573 daemonum
364 3513 432 3574 ideo
460 3510 639 3584 demutatas,
668 3520 701 3573 nt
727 3530 803 3590 qnae
829 3530 846 3574 a
868 3509 988 3573 Christo
1017 3510 1190 3572 mirabDiter
1217 3517 1299 3589 gesta

95 3599 156 3662 cmc
176 3612 231 3672 pro
253 3596 359 3658 fabulis
382 3595 568 3675 publicisque
589 3595 766 3660 commentis
787 3595 977 3656 haberentur.

160 3676 252 3740 Nemo
275 3688 321 3742 est
341 3689 440 3742 autem
461 3679 511 3759 qui
533 3679 622 3740 nobis
645 3679 732 3742 obem
754 3679 908 3741 silentibus
923 3697 986 3740 non
999 3677 1141 3754 intelligat
1155 3682 1297 3755 quamam

94 3753 151 3820 laec
169 3760 339 3826 Tertulliani
362 3763 448 3826 dictis
470 3775 634 3842 congrumt
655 3775 742 3842 atque
763 3764 833 3826 inde
855 3763 1076 3826 mnfirmcntur.
1119 3759 1185 3820 Non
1207 3775 1298 3819 unam

95 3840 156 3906 omn
176 3854 287 3910 mntum
308 3849 345 3910 dc
365 3848 446 3910 loris
467 3867 534 3912 curn
552 3847 651 3910 Danae
674 3847 787 3909 nelarie
809 3847 968 3910 concubitu
989 3844 1126 3914 tabulam,
1149 3841 1204 3902 sed
1225 3841 1297 3904 aliae

95 3924 165 3990 tl'am
184 3932 287 4010 plures
307 3933 408 4013 paucis
428 3932 513 3996 hisce
533 3932 632 3994 verbis
654 3931 841 4011 perstrinxit:
865 3931 961 3994 bilius
978 3930 1035 3992 Dei
1054 3925 1298 3990 annuntiabatur

95 4023 143 4070 Μ
166 4017 284 4096 puidam
310 4023 354 4080 ita
381 4020 509 4097 penitus,
537 4027 572 4080 ut
593 4016 751 4079 erubmcat
773 4021 805 4078 in
827 4015 898 4078 Filii
911 4018 1038 4078 nomiae
1059 4021 1113 4073 out
1136 4009 1170 4072 de
1192 4007 1298 4075 Patris

94 4101 194 4170 mnino,
229 4118 292 4166 noa
319 4104 504 4166 decoraris
531 4105 654 4172 musto,
687 4119 749 4164 non
776 4101 811 4161 dc
843 4111 953 4180 stupra
980 4097 1063 4177 filiae
1086 4105 1140 4156 aut
1162 4097 1297 4173 conium's

94 4175 192 4244 menae
213 4183 310 4248 Deum
328 4199 450 4267 patrem
468 4203 581 4266 possus
603 4197 650 4250 est
670 4195 861 4264 squamatum
882 4194 936 4246 aut
957 4190 1119 4244 carnutum
1139 4189 1193 4242 aut
1221 4178 1298 4258 plu-

91 4275 189 4328 man
208 4279 384 4342 amatorem,
407 4274 439 4330 in
461 4287 539 4349 auro
563 4287 751 4332 conuersum.
795 4267 942 4330 Danaidis
965 4263 1047 4328 louis
1069 4267 1132 4326 ista
1152 4272 1225 4326 sunt
1238 4281 1300 4327 no-

92 4349 159 4435 ?ino
178 4363 286 4414 oestro
305 4353 487 4425 (Tertullian.
509 4353 662 4434 ripologet¹
685 4370 749 4430 cap.
772 4353 847 4428 DL).
891 4351 985 4428 bique
1007 4347 1047 4410 ita
1067 4349 1142 4410 haec
1162 4346 1299 4426 leguntur

92 4443 116 4520 tn
133 4435 243 4498 nonnis
266 4439 416 4502 codicibus
438 4438 656 4517 manuscriptis
670 4447 699 4500 et
720 4435 807 4500 oditis
829 4433 1053 4506 vetustioribus,
1086 4432 1145 4494 nisi
1166 4431 1245 4510 quod
1267 4431 1300 4494 in

93 4508 129 4606 lis
153 4529 292 4594 pennum
318 4531 389 4602 post
414 4539 524 4584 nomen
546 4521 694 4586 Danaidis
716 4538 845 4600 posuere
868 4527 898 4580 et
919 4537 1030 4581 aurum
1051 4535 1106 4596 pro
1129 4535 1219 4579 auro.
1261 4515 1299 4576 nt

85 4591 219 4677 Daciam
242 4603 314 4668 illud
334 4607 483 4672 Danaidis
504 4623 616 4670 nomen
637 4606 758 4670 abstulit
777 4603 908 4686 propria,
937 4602 981 4666 uti
1001 4601 1102 4682 unct,
1125 4600 1299 4664 annositate
