3020 5230
296 385 358 450 640
422 398 613 444 nrsssnrnrro
629 397 667 441 ns
683 397 766 442 vaura
780 397 818 442 sa
833 397 893 441 mc.
907 397 1018 440 rancus
1033 397 1150 442 amaon
1168 397 1358 442 rmrouaum

296 567 397 614 ramus
418 549 509 608 istum
529 545 635 609 librum
657 545 798 608 adversum
819 545 947 608 ludaeos
969 564 1036 608 mm
1059 545 1145 608 tertia
1168 545 1244 608 libro
1268 553 1366 608 contrs
1384 545 1455 607 llud

195 647 202 662 ·
297 653 375 696 aem.
419 631 538 693 Viderat
558 630 659 692 lunius
683 637 713 692 et
733 629 782 692 alii
805 629 868 691 eius
889 631 934 691 rei
956 629 1082 709 aliqrud3
1110 630 1164 691 sed
1184 630 1277 692 nimis
1299 631 1431 691 remanda
1444 650 1453 688 a

298 709 332 780 ea
353 733 442 778 causa
462 714 574 776 sentire
596 713 732 776 solebant
751 713 807 774 viri
829 713 919 776 docti.
948 713 1010 776 Nos
1032 713 1161 794 tandem·
1173 713 1344 792 diligentius
1363 731 1455 774 manu

296 819 363 864 mus
392 819 436 872 ea,
464 815 539 878 quae
567 798 626 860 iam
654 798 684 858 in
707 797 838 859 editione
859 797 1033 860 Tertulliani
1055 797 1176 860 llalensi
1196 797 1355 876 aliquoties
1373 797 1455 860 inder-

295 903 373 946 mus.
417 883 596 962 Comparent
616 881 675 942 iarn
696 881 755 961 ipsi
778 881 903 943 lectores
926 889 1082 960 utrumque
1103 881 1293 961 exemplum
1314 879 1455 942 attmdanta

295 968 476 1030 mediocrem
504 972 608 1038 artem,
637 983 694 1044 qua
721 982 795 1026 usus
818 973 866 1026 est
886 971 988 1028 auctor
1008 965 1078 1026 nori
1099 964 1189 1026 libelli
1211 965 1355 1026 adversus
1373 965 1448 1024 lutae„

296 1053 373 1114 sieut
394 1051 482 1112 etiam
504 1067 565 1110 non
586 1048 745 1110 observare
766 1047 813 1109 vir
834 1056 963 1128 possunt
983 1047 1110 1129 ineptias
1132 1056 1162 1110 et
1184 1048 1358 1110 sodalitates
1377 1047 1451 1106 lnnls

296 1135 404 1216 quibus
432 1134 497 1212 ipse
519 1139 621 1193 auctor
642 1132 785 1193 librorum
807 1133 948 1194 adversus
971 1132 1150 1194 Marcionem
1172 1133 1215 1193 uti
1238 1132 1328 1194 solet
1366 1131 1453 1192 ttae·

296 1219 416 1297 indigna
444 1225 474 1277 et
501 1216 613 1278 abiecta
640 1215 823 1289 declamatio,
855 1235 872 1278 e
899 1235 956 1296 qua
977 1217 1032 1300 vixi
1046 1216 1156 1295 aliquid
1178 1215 1333 1278 commodi
1351 1223 1377 1276 et
1394 1213 1454 1274 enl-

295 1303 388 1364 menti
416 1300 542 1362 derivari
571 1299 608 1360 ad
635 1317 692 1361 nos
722 1299 828 1378 possit.
873 1299 951 1372 Quia
980 1299 1097 1362 tandem
1123 1299 1286 1362 llercionis
1316 1307 1344 1361 et
1362 1297 1453 1360 mitiora

295 1385 449 1448 bominum
486 1383 602 1462 ingenia
636 1382 806 1462 pruabimus
843 1383 976 1445 utilitatis
1018 1383 1155 1446 hausisse
1192 1403 1228 1445 ex
1268 1393 1329 1446 tarn
1361 1381 1451 1460 regim

296 1467 471 1549 scriptione!

687 1615 1139 1680 TERTULLIANUS'

280 1747 283 1754 ¹
388 1736 501 1786 adsersus
520 1733 664 1801 Marcionem
684 1734 726 1784 lib.
745 1733 787 1784 tlt.
1108 1734 1222 1785 adsersus
1241 1733 1347 1786 ludaeos

544 1865 596 1916 esp.
615 1849 639 1899 7.
975 1903 977 1910 ,
1171 1825 1231 1914 caps
1249 1851 1290 1900 lt.

337 1967 436 2030 Discat
456 1983 536 2028 nunc
562 1965 663 2045 papuli
692 1997 735 2010 -
763 1967 882 2046 (pascis
975 1966 1086 2028 Discite
1105 1983 1186 2028 nuuc
1207 1997 1248 2010 -
1274 1965 1381 2046 populi.

296 2057 429 2131 eaceptr's
463 2050 562 2112 eadem
594 2048 738 2128 leccator
769 2055 802 2112 ia
829 2049 880 2112 lab.

296 2138 365 2198 oda.
383 2135 475 2210 loa).

340 2215 880 2295 Quaeignabilitatisargumentapri-
977 2216 1060 2289 Quae
1070 2215 1265 2296 ignobilitatis
1277 2223 1449 2295 mgrrmeabp

263 2323 268 2332 ·
296 2319 346 2364 ma
362 2300 498 2362 adventui
513 2307 693 2380 competunt,
716 2299 793 2362 sicut
806 2299 880 2362 sub-
933 2319 982 2362 mo
999 2299 1136 2362 adventui
1148 2308 1340 2380 competunt:
1355 2293 1449 2360 sicuti

294 2384 428 2448 limitatis
441 2383 590 2458 secundo;
605 2402 671 2444 cum
686 2383 805 2444 fietiam
819 2401 881 2444 non
932 2384 1066 2446 limitetis
1078 2384 1226 2458 secundm
1240 2403 1311 2448 cum
1322 2383 1434 2456 betianr
1456 2459 1457 2462 Ἴ

295 2469 370 2548 lapis
406 2467 582 2528 offensionis
611 2485 668 2528 nec
687 2474 771 2545 petra
793 2485 880 2529 scan-
932 2468 1008 2547 lapis
1038 2467 1212 2530 offensionis
1243 2487 1302 2530 nec
1326 2476 1396 2548 petra
1411 2479 1449 2522 aa

296 2551 364 2624 dali‚
392 2551 444 2612 sed
472 2550 547 2628 lapis
575 2562 709 2612 summus
732 2551 880 2630 angrdaris
933 2552 1007 2626 dali3
1035 2552 1089 2613 sed
1114 2551 1189 2631 lapis
1211 2571 1350 2614 summus
1368 2546 1449 2626 apula

186 2629 190 2636 ’
295 2644 367 2718 post
393 2633 636 2714 reprobationem
657 2643 829 2713 assumptus
852 2642 883 2696 et
932 2644 1002 2715 past
1022 2636 1264 2721 reprobationem
1293 2637 1429 2712 adsumpta

295 2720 472 2782 sublimatus
519 2718 551 2779 in
597 2718 882 2780 consummationem
934 2719 1109 2782 sublimatus
1152 2720 1182 2780 in
1219 2717 1449 2782 consummatione

295 2803 400 2886 teraplr'
421 2802 545 2866 ccclesia
566 2801 690 2864 seilicet.
739 2802 778 2862 Et
798 2811 881 2881 petra
932 2803 969 2864 Et
995 2812 1079 2882 petra
1106 2821 1177 2865 sane
1199 2803 1249 2864 illa
1272 2804 1347 2884 apud
1366 2797 1448 2862 Druias

295 2907 367 2949 sane
389 2887 438 2947 illa
460 2886 537 2965 apud
552 2884 702 2946 Danielem
725 2885 761 2946 de
779 2895 881 2948 monte
932 2887 969 2948 de
989 2895 1090 2948 monte
1105 2889 1247 2966 praecisa,
1273 2907 1347 2968 quae
1360 2883 1446 2946 manaa

295 2971 438 3051 praecisa,
450 2987 525 3048 quae
537 2968 693 3047 imaginem
705 2969 882 3030 secularium
932 2971 1108 3032 semdarium
1138 2988 1303 3048 regnorum
1339 2965 1446 3053 marna

294 3073 456 3134 regnorum
485 3053 665 3114 comminuet
686 3061 716 3114 et
737 3061 880 3114 conteret
931 3062 960 3115 et
982 3061 1125 3115 conteret.
1162 3054 1204 3115 De
1226 3073 1290 3133 quo
1312 3052 1448 3116 semetra

294 3137 337 3199 De
365 3156 424 3216 quo
451 3137 578 3198 adventu
599 3136 678 3198 idem
699 3136 880 3216 prophetes:
930 3147 1018 3199 ventu
1039 3139 1117 3200 ideas
1136 3139 1251 3200 Daniel
1274 3141 1356 3202 dicit.
1383 3135 1408 3194 Et
1421 3149 1442 3187 t·

294 3221 333 3280 Et
348 3240 415 3282 ecoe
430 3239 496 3290 curn
511 3219 639 3282 nubibus
655 3220 727 3282 caeli
742 3230 880 3300 tanquam
931 3241 998 3282 cum
1026 3221 1155 3284 nubibas
1183 3223 1256 3284 caeli
1282 3233 1400 3300 tanqum
1415 3215 1447 3272 tt:

295 3303 375 3363 tilius
397 3303 527 3365 hominis
548 3304 668 3365 veniens
690 3304 771 3364 venit
785 3322 880 3384 usque
931 3305 1062 3366 bominis
1090 3305 1221 3379 veniens,
1256 3307 1337 3368 venit
1360 3319 1442 3378 mapa·-

296 3386 332 3446 ad
360 3393 490 3446 veterem
518 3386 642 3458 dicatum,
673 3395 703 3448 et
727 3388 828 3450 aderat
848 3389 880 3450 in
931 3397 1060 3450 veterem
1083 3390 1207 3460 dierum,
1230 3400 1263 3450 et
1281 3387 1446 3452 anteatino-

188 3543 192 3550 ·
295 3477 455 3546 conspectu
479 3469 557 3529 eius:
581 3477 611 3530 et
625 3470 674 3546 qui
689 3471 879 3545 assistebant,
931 3481 1034 3551 spectu
1066 3473 1141 3534 eius.
1185 3473 1221 3532 Et
1250 3475 1304 3553 qui
1324 3466 1439 3534 adsistrla

295 3551 480 3614 adduxerunt
506 3551 599 3626 illum,
627 3560 656 3613 et
684 3553 750 3614 data
778 3563 825 3616 est
852 3554 879 3616 ei
931 3557 1115 3618 adduxerunt
1143 3556 1235 3630 illum,
1268 3567 1298 3620 et
1325 3558 1381 3616 data
1402 3557 1441 3608 eff

293 3645 427 3716 potestas
449 3635 545 3714 regia:
568 3645 606 3697 ea
619 3654 723 3698 omnes
741 3638 877 3700 nationes
930 3647 1064 3719 potestas
1085 3641 1176 3719 rogia,
1198 3650 1229 3702 et
1250 3659 1355 3702 omnes
1373 3634 1446 3696 nana

293 3730 390 3784 terrae
413 3719 574 3782 secundum
597 3739 705 3798 genera
727 3731 757 3784 et
782 3727 879 3784 amaris
931 3731 1028 3784 terrae
1056 3725 1219 3786 secumdum
1245 3745 1340 3803 penas
1363 3733 1386 3782 et
1401 3737 1444 3776 aaa

292 3805 394 3886 plarr'a
413 3805 643 3882 famulabunda,
673 3813 702 3864 et
730 3814 878 3884 postestas
929 3807 1029 3885 plorr'a
1057 3811 1190 3870 servient
1220 3809 1289 3882 r'lla';
1324 3817 1350 3868 et
1376 3810 1445 3881 potes:

294 3893 359 3951 eius
388 3907 482 3969 usqae
511 3893 544 3949 ia
571 3907 685 3959 aenam,
714 3907 789 3968 quae
817 3907 879 3950 non
930 3890 1015 3952 illias
1031 3903 1165 3962 aeterna,
1188 3910 1263 3970 quae
1279 3889 1441 3952 narrantem

293 3973 458 4035 auferetur:
490 3979 519 4032 et
544 3989 666 4050 regnum
689 3973 769 4042 eius,
799 3973 879 4050 quod
931 3983 959 4034 et
981 3992 1104 4053 regnum
1120 3976 1184 4036 eius
1200 3977 1282 4054 quod
1296 3993 1353 4036 non
1367 3979 1440 4032 carra

292 4057 534 4120 nonaitiobitar.
573 4055 877 4116 Tuncscilieetbabi—
926 4069 1032 4138 petar.
1064 4059 1148 4120 Tunc
1170 4057 1282 4121 scilicet
1304 4047 1444 4138 specienlr

294 4145 409 4202 taturus
425 4147 454 4201 et
470 4139 600 4220 speeiem
616 4139 833 4213 honorabilem,
849 4149 879 4202 st
929 4141 1093 4202 norabilem
1115 4151 1145 4202 et
1166 4142 1308 4204 decorum
1327 4138 1443 4200 papiana

293 4221 432 4282 decorem
453 4222 669 4285 indeficientem
691 4243 785 4304 saper
800 4223 877 4284 libas
930 4234 977 4285 est
1003 4225 1219 4286 indeficientem
1242 4243 1332 4305 supra
1350 4211 1443 4281 filiasht

292 4303 459 4365 hominum:
492 4307 683 4385 tempestivus
707 4307 796 4378 enim,
828 4313 878 4368 a'n-
928 4307 1062 4370 minum.-
1087 4309 1276 4388 tempestivus
1304 4309 1373 4370 eninr
1390 4301 1442 4359 aaa

293 4390 368 4468 pacit,
391 4387 497 4448 decore
520 4389 592 4452 citra
614 4391 691 4453 tilios
713 4391 877 4464 bominum,
929 4391 1000 4452 citra
1027 4391 1104 4453 lilios
1132 4393 1295 4454 bominum.
1336 4381 1443 4450 Effusa<

294 4470 389 4532 eausa
422 4479 469 4532 est
500 4474 591 4550 gratia
623 4475 654 4536 in
687 4474 773 4537 labiis
807 4474 877 4549 tuis,
929 4475 1031 4555 gratia,
1054 4479 1160 4558 inquit,
1182 4476 1214 4538 in
1234 4476 1316 4538 labiis
1336 4471 1391 4540 tuis,
1408 4471 1442 4540 pa

291 4562 450 4635 propterea
471 4553 621 4618 benedixit
642 4567 671 4620 te
689 4559 763 4620 deus
778 4557 809 4620 in
825 4578 877 4622 oe·
928 4567 1030 4640 pterea
1063 4559 1214 4622 benedixit
1242 4569 1270 4622 te
1299 4559 1364 4620 deus
1387 4551 1443 4610 jur
