3196 5250
513 411 648 456 lucrosa
669 411 728 455 nrc.
751 411 788 456 aa
813 411 939 456 nonnnr.
1270 397 1333 461 413

121 559 190 624 iuris
219 580 304 642 quam
333 561 421 623 unius
443 561 611 624 Woreriani
633 569 680 623 est
699 560 863 642 ponderis?
904 562 1006 643 Neque
1028 563 1136 624 dixeris
1158 581 1266 625 nornen
1290 568 1333 626 ci-

119 648 228 718 nt'h‘tce,
251 665 311 728 quo
332 646 437 708 civium
461 646 587 708 societas
609 656 640 708 et
660 647 816 708 concordia
840 648 1028 727 significatur,
1059 649 1152 727 magis
1175 649 1332 710 convenire

120 731 286 794 Tertulliani
308 731 472 810 proposito.
504 731 548 793 lle
569 731 703 793 moribus
725 732 874 793 enimvero
896 732 1027 814 loquitur
1048 751 1063 794 a
1085 733 1147 798 Deo
1168 732 1331 814 imperatis,

118 816 221 895 quibus
242 815 346 894 religio
369 823 399 877 ct
419 816 514 894 pietas
537 815 568 876 in
589 815 798 896 imperatorem
821 834 982 896 omnesque
997 817 1071 879 alios
1087 816 1219 878 exhiheri
1234 818 1331 880 debet.

115 899 185 962 Nam
197 900 267 962 inde
289 900 376 962 ctiam
398 899 562 962 evidentius
584 901 804 963 demonstratur
825 901 1020 975 Christianos,
1039 903 1090 982 qui
1110 902 1163 963 liei
1185 902 1231 964 sui
1253 902 1328 982 legi-

116 984 170 1046 bus
198 1003 259 1046 non
287 1003 392 1065 parcre
419 986 502 1046 neias
525 985 679 1057 ducebant,
709 985 825 1047 sincero
848 987 946 1048 animo
969 987 1174 1066 imperatorem
1197 986 1328 1048 honora-

115 1068 192 1131 risse
219 1089 254 1130 ac
281 1069 406 1149 proinde
433 1087 489 1131 nec
509 1069 611 1132 hostes
632 1069 726 1132 luisse
747 1071 882 1149 publicos
904 1089 960 1132 nec
980 1091 1050 1133 reos
1072 1071 1168 1134 laesae
1188 1071 1328 1134 maiesta-
1462 1073 1466 1080 '

115 1154 150 1214 tis
171 1157 327 1242 humanae.

616 1307 784 1358 hliTlCULllS
801 1308 826 1357 v.

114 1377 172 1462 Ques
195 1411 239 1454 sint
263 1411 354 1454 illicitae
376 1411 485 1456 laedones
509 1418 658 1466 acquantum
682 1411 710 1454 ab
733 1411 766 1454 eis
791 1412 902 1467 discrepet
918 1412 954 1466 pia
971 1411 1056 1456 risendi
1073 1411 1129 1456 retio
1147 1411 1330 1469 Christianorum,

145 1479 181 1534 qui
199 1479 310 1522 immerita
328 1478 416 1522 factiosi
434 1479 572 1532 dicebantur,
590 1478 640 1534 quin
658 1480 838 1536 spectaculorum
856 1479 969 1534 fugiebant
985 1481 1108 1535 voluptates
1124 1485 1213 1535 unaque
1231 1480 1302 1526 licitas

316 1545 457 1591 sectabantur
474 1558 539 1602 quem
559 1545 607 1589 aliis
625 1545 739 1602 prohibitis
757 1545 859 1601 Epicurei
878 1553 900 1590 ct
918 1547 953 1589 clii
971 1547 1121 1604 indulgebant.

192 1662 289 1724 Nullis
312 1681 443 1742 unquam
463 1661 641 1736 rationibus,
663 1661 749 1723 etiam
770 1631 970 1734 validissimis,
994 1662 1090 1724 sedari
1112 1661 1208 1741 potuit
1222 1662 1327 1742 impla-

112 1746 201 1808 cabile
223 1747 378 1828 gentilium
401 1747 432 1808 in
454 1746 640 1808 Christianos
662 1745 777 1818 odium,
802 1748 854 1808 scd
871 1747 963 1825 magis
979 1747 1129 1826 magisque
1143 1745 1330 1808 clamitabant

112 1830 225 1894 illorum
257 1831 418 1894 factionem
448 1838 479 1892 et
508 1831 736 1911 imperatoribus
768 1839 798 1892 ct
824 1831 1001 1912 reipublicae
1028 1831 1113 1909 plane
1151 1831 1327 1892 contrariam

113 1916 290 1979 evellendam
328 1935 390 1979 esse
421 1916 572 1978 radicitus.
620 1915 686 1976 Non
717 1915 842 1978 obscure
874 1923 971 1977 numm
1004 1915 1200 1977 Tertullianus
1232 1915 1329 1977 innuit

112 2001 242 2064 lotionis
267 2020 379 2062 nomen
401 2001 431 2062 in
452 2000 560 2062 honam
583 2000 746 2080 nudumque
768 2007 880 2079 partem
902 2000 993 2079 accipi
1016 2000 1197 2072 (Temfflian.
1214 1999 1326 2080 Apulo·-

111 2093 166 2162 gct.
188 2105 252 2166 cap.
268 2089 347 2159 38⁴.)-
391 2085 498 2148 Testus
521 2101 655 2166 qnoque:
679 2085 790 2157 Fectio,
814 2085 919 2164 inquit,
941 2098 971 2149 ct
991 2087 1139 2164 factiosus
1160 2088 1247 2147 tirin'c
1271 2084 1328 2146 bc-

108 2181 191 2234 ncstu
212 2170 365 2235 uocabulo
386 2181 485 2234 erunt.
534 2169 616 2233 Unde
637 2175 725 2232 etiarn
745 2171 893 2249 sactiones
917 2169 1100 2232 histrionum
1122 2180 1150 2231 et
1164 2171 1328 2250 quodmo-

109 2271 175 2317 rucr
197 2257 356 2319 dicuntur.
389 2255 477 2317 llodc
500 2265 598 2318 auteur
620 2258 739 2317 nomine
760 2255 904 2333 sectionis
927 2255 1033 2318 seditio
1056 2264 1084 2316 et
1105 2273 1192 2315 urntc
1214 2272 1327 2316 occon-

108 2349 159 2401 tur
190 2339 288 2412 (Fest.
312 2340 349 2401 dc
371 2337 476 2418 Signis.
499 2339 585 2400 Verh.
609 2358 672 2419 cap.
695 2342 725 2403 2.
748 2338 784 2400 ad
808 2357 834 2399 r.
856 2339 978 2415 Tactio).
1023 2338 1207 2400 Circensium
1238 2337 1326 2400 etiam
1371 2331 1375 2340 ’

107 2423 277 2496 landunum,
303 2443 376 2503 quas
399 2424 507 2484 ethnici
529 2423 620 2485 malas
643 2441 710 2485 esse
731 2441 792 2484 non
813 2423 963 2501 putabant,
986 2423 1096 2486 mentio
1119 2423 1238 2502 saepius
1253 2424 1327 2484 lacta

108 2517 151 2569 est
181 2509 214 2571 in
248 2507 388 2570 Suetonii
420 2509 554 2582 (Sueten.
578 2507 678 2569 Claud.
706 2526 768 2587 cap.
792 2511 822 2570 5.
851 2508 959 2568 llnmit.
981 2527 1044 2588 cap.
1069 2511 1122 2585 7.),
1155 2507 1326 2568 Cassiodori

106 2592 251 2664 (Cassiod.
276 2593 330 2654 lib.
352 2592 403 2654 lll.
426 2592 536 2656 Varias.
559 2592 652 2672 Epist.
675 2597 727 2656 41.
749 2611 779 2672 p.
801 2595 853 2656 56.
875 2593 930 2654 ool.
954 2595 996 2668 2.)
1029 2591 1211 2670 aliorumque
1241 2591 1325 2652 libris

106 2685 133 2738 et
153 2679 285 2740 dirersis
309 2676 545 2756 incriptionibus.
1127 2711 1130 2718 ·

186 2761 393 2826 Tertullianus
425 2761 521 2841 itaque
554 2759 688 2822 ethnicos
721 2759 903 2838 gravissimis
935 2759 1017 2821 hiscc
1052 2759 1150 2821 rcrhis
1187 2759 1325 2838 castigat:

103 2845 235 2912 Pror'cde
266 2867 324 2909 erec
347 2845 441 2929 poulo
471 2846 567 2908 lenius
594 2850 677 2907 inter
707 2845 804 2906 licitos
825 2845 973 2922 [oenones
995 2856 1104 2905 sectum
1125 2848 1214 2905 istum
1236 2842 1324 2903 Chri-

103 2931 269 2996 stianorum
293 2932 437 3011 deputari
456 2931 623 3012 oportebat,
645 2947 664 2990 o
685 2947 744 3010 quo
765 2928 842 2989 nihil
864 2927 923 2989 tulc
946 2931 1142 2990 committitur
1172 2927 1259 3008 quale
1291 2927 1326 2990 de

103 3014 216 3082 illicitis
240 3016 430 3098 sectionibus
452 3017 555 3076 timeri
575 3014 652 3076 solet
679 3012 862 3084 (Tertullian.
884 3010 1036 3090 Apologet.
1059 3029 1122 3090 cap.
1144 3013 1219 3086 38.).
1261 3010 1324 3072 lle·

101 3100 199 3162 rddus
234 3109 337 3164 antem
370 3108 472 3161 conua
493 3099 624 3160 omniurn
647 3096 709 3158 sire
731 3096 876 3157 editorum
899 3097 960 3157 sire
981 3095 1248 3175 manuscriptorum
1271 3115 1325 3158 co-

102 3183 197 3248 dicum
229 3184 473 3248 rcclamationem
497 3181 655 3262 legandum
685 3190 844 3260 auguratur
870 3180 1008 3251 illicitus,
1034 3199 1096 3242 non
1125 3199 1197 3241 reru
1227 3181 1324 3242 licr‘trn

101 3269 259 3334 lectiones.
305 3269 372 3330 Non
398 3267 479 3342 ,enim
511 3266 600 3341 aliud,
632 3266 735 3346 inquit,
764 3265 820 3326 sihi
853 3265 1049 3326 Tertullianus
1082 3265 1174 3326 uoluit
1200 3264 1257 3326 nisi
1280 3265 1324 3326 lc·'

100 3353 217 3418 nior-em
251 3353 347 3416 rideri
379 3352 564 3433 quorundam
596 3351 781 3412 ethnicorum
814 3349 1005 3421 sententiam,
1039 3350 1088 3428 qni
1121 3350 1326 3421 existimabant

103 3437 344 3502 Cluistianornm
372 3445 482 3499 sectam
510 3436 624 3517 legibus
652 3443 754 3498 conns
781 3435 923 3496 factiones
949 3435 1140 3514 promulgatis
1162 3434 1324 3514 prohiberi,

102 3521 130 3583 in
150 3525 211 3588 hoc
233 3533 338 3586 tamen
359 3522 425 3584 illos
447 3525 573 3596 curasse,
599 3521 678 3601 quod
698 3520 775 3582 hanc
796 3528 905 3582 sectam
928 3519 957 3580 in
980 3520 1137 3581 lactionum
1159 3519 1323 3580 illicitarum
1363 3570 1368 3578 .

101 3623 225 3671 numero
250 3607 444 3670 collocabant
488 3607 546 3669 Sed
568 3606 639 3686 quid
660 3605 767 3668 audeas
789 3613 890 3666 contra
911 3603 1077 3666 unanimem
1099 3603 1232 3666 codicum
1255 3621 1322 3663 orn-

100 3693 180 3756 nium
214 3689 426 3756 consensum?
470 3690 548 3763 Quid
574 3709 655 3764 vero,
689 3691 715 3750 si
743 3688 922 3770 transposita
950 3689 990 3750 sit
1015 3688 1155 3768 particula
1178 3705 1240 3756 uec,
1273 3693 1324 3746 aut

101 3779 259 3841 relcrcnda
283 3777 321 3838 cd
342 3793 451 3838 nomen
474 3773 581 3846 licitus
604 3773 645 3834 ita
666 3781 699 3834 ut
720 3774 761 3835 sit
781 3774 829 3834 hic
842 3773 977 3835 ductoris
993 3773 1089 3834 nostri
1105 3789 1225 3833 sensus:
1247 3769 1322 3829 lith-

100 3860 155 3924 nici
174 3862 347 3926 salsissime
368 3859 549 3940 Christianos
572 3859 673 3920 hostes
694 3857 828 3938 publicos
851 3875 919 3919 csse
940 3857 1111 3918 clamabant
1153 3855 1214 3915 Nec
1233 3853 1321 3931 paulo

101 3943 195 4010 lenius
218 3948 242 4009 ii
267 3965 337 4010 cum
357 3945 416 4008 illis
438 3944 571 4025 agebant,
599 3942 744 4022 aquibus
765 3959 889 4004 numero
911 3940 1154 4004 adscribebantur
1175 3955 1234 3998 non
1256 3937 1322 3998 lici-

102 4037 195 4096 tarum
218 4031 398 4104 raedorum,
426 4029 599 4108 qrribuscum
619 4025 693 4088 nihil
712 4025 860 4088 habehant
880 4044 1034 4087 commune
1057 4032 1086 4086 et
1106 4042 1123 4083 a
1144 4020 1250 4100 quihus
1272 4027 1323 4084 ni-

103 4113 143 4176 itt
161 4118 229 4182 tole
252 4119 453 4180 ammittitur
478 4112 566 4195 quale
587 4115 622 4176 de
643 4112 756 4174 illin'tis
777 4110 960 4190 factionibus
982 4113 1084 4171 umeri
1103 4106 1181 4169 solet
1202 4105 1311 4182 (ibid).

185 4203 260 4277 Quo
292 4207 388 4262 autcm
415 4198 505 4260 modo
532 4206 641 4260 sectam
664 4195 899 4258 Christianorum
926 4213 987 4256 non
1009 4211 1076 4254 esse
1097 4189 1225 4252 illicitam
1247 4210 1320 4271 pro-

98 4281 225 4361 bauerit,
250 4284 492 4348 consideremus:
520 4281 789 4351 Prohibendnmm,
816 4277 867 4352 ait,
888 4280 1056 4359 furnorum
1078 4293 1169 4338 muso
1189 4277 1225 4340 de
1242 4293 1322 4356 prc-

98 4371 238 4438 oidentiu
269 4379 389 4434 mortu
413 4370 575 4432 modestice
592 4365 740 4448 publicos,
767 4383 806 4426 ne
828 4368 933 4426 cicitur
954 4367 986 4424 in
1004 4371 1111 4442 partes
1131 4361 1322 4423 scinderetur

99 4453 213 4536 (ibid).
260 4455 299 4516 ln
328 4451 543 4534 antiquioribus
577 4450 663 4514 editis
690 4449 814 4528 legimus
842 4449 878 4510 de
901 4447 1092 4527 prouidentia
1119 4455 1149 4508 et
1174 4446 1321 4508 modestia

96 4541 233 4618 publicu.
283 4537 342 4601 Sed
367 4556 428 4600 nou
456 4537 496 4600 ita
533 4537 626 4610 hene,
659 4531 895 4614 quandoquidem
921 4533 1031 4593 ductor
1056 4538 1159 4593 noster
1194 4529 1323 4592 declaret

98 4623 359 4702 prohibendarum
390 4622 548 4686 laudunum
578 4621 654 4684 hanc
685 4637 803 4683 causam
836 4635 913 4690 esse,
947 4624 979 4678 ut
1005 4615 1167 4678 modestiae
1186 4613 1319 4695 publicae
