3196 5250
500 402 634 448 sacrorn
654 403 712 446 arc.
735 403 772 446 te
793 403 920 460 spuma.
1248 390 1309 454 tlt

22 605 32 634 ,
110 550 220 612 reabis:
255 551 372 614 mlum
394 553 456 626 boc,
479 558 511 615 ia
532 573 590 636 qao
611 555 714 625 nubes,
742 553 852 618 tiabres
873 557 1009 636 vantibus
1031 563 1179 632 coguntur
1205 554 1310 627 (Cicer.

22 635 30 686 ··'
108 637 155 698 lib.
178 636 213 695 ll.
236 636 354 698 Tuscul.
376 656 441 716 pag.
461 642 530 702 tat.
553 639 603 700 lin.
623 642 695 716 lt),
718 658 754 700 ex
775 638 834 700 boc
854 639 933 700 caelo
957 638 983 700 si
1012 637 1121 700 imbres
1143 647 1310 718 opportuna

24 745 26 750 ·
109 721 210 783 hiemis
232 721 278 782 rel
299 723 419 784 aestatis
441 732 574 802 tempore
603 741 664 784 nan
693 725 811 784 ellluant
838 732 1003 802 terramque
1024 741 1084 784 non
1105 723 1229 784 reddant
1248 727 1310 786 ler-

22 811 23 824 ³
109 805 201 878 tilem;
237 806 315 884 quad
339 806 497 886 Cyprianus
520 807 730 870 Tertullianum
753 818 870 870 secutus
897 809 954 870 hue
981 809 1021 868 ita
1044 809 1205 886 expressit:
1240 810 1312 872 aaa

108 893 185 952 dicas
204 891 358 971 plurimos
381 897 525 974 conqueri
543 895 622 974 quod
643 894 751 956 imbres
773 904 802 956 et
820 893 943 975 pluvias
958 912 1065 956 serena
1082 892 1169 972 loapa
1185 913 1313 974 suspeu-

27 979 31 988 '
108 977 195 1048 duat,·
230 984 261 1036 et
287 975 370 1036 alibi:
404 979 521 1057 quaudo
543 979 667 1040 imbrem
695 978 800 1040 nubila
821 997 928 1040 screno
955 979 1143 1059 suspendunt
1165 977 1311 1056 (Cypriae.

22 1065 30 1143 ’,Ι
105 1060 139 1120 ad
158 1059 291 1122 Demetr.
308 1067 337 1122 et
358 1059 423 1122 libr.
446 1062 483 1123 de
497 1063 658 1138 blurtalit.)‚
681 1063 750 1124 item
773 1067 801 1124 si
822 1073 907 1125 terra
928 1067 1020 1124 mavit
1042 1061 1162 1141 eiusque
1190 1061 1311 1124 insolitu

22 1148 28 1212 J
103 1153 183 1206 motu
205 1144 316 1225 oppida
339 1147 511 1219 comperiat,
535 1157 585 1208 aut
606 1148 670 1210 eius
685 1146 766 1208 hiatu
780 1147 912 1226 absorpti
927 1146 986 1208 siat
1001 1146 1146 1220 homiues,
1169 1147 1211 1208 uti
1225 1145 1312 1225 paulo

23 1227 24 1232 ’
101 1237 168 1308 post
195 1229 377 1302 videbimus,
414 1231 540 1310 denique
567 1237 596 1294 si
620 1233 716 1311 samec
745 1242 773 1294 ct
796 1233 859 1294 laces
882 1232 934 1304 (ihi
961 1231 1155 1310 supplendum
1178 1236 1314 1297 saeviant

102 1327 185 1396 atque
206 1320 414 1395 grassantur),
437 1324 487 1378 aut
515 1325 547 1378 ut
573 1317 640 1378 alibi
671 1317 785 1389 clarius,
817 1321 846 1378 ri
863 1317 958 1395 sames
980 1318 1100 1395 asfliarit
1127 1315 1310 1388 (Tertullian.
1384 1377 1389 1392 ,

22 1401 30 1472 J
100 1399 251 1478 lpaloget.
280 1417 342 1478 cap.
365 1404 406 1464 40
430 1409 458 1461 et
479 1398 529 1461 lib.
552 1402 574 1461 Ι.
599 1401 635 1462 ad
656 1401 773 1473 Notion.
797 1420 859 1480 cap.
883 1404 941 1477 9.):
974 1401 1005 1462 in
1034 1400 1090 1473 his,
1117 1401 1213 1479 inquit
1234 1400 1309 1462 Ter-

22 1497 26 1563 '3
100 1484 246 1554 tullianus,
276 1483 414 1545 amnibus
436 1485 561 1564 publicis
583 1485 805 1558 calamitatibus,
828 1504 885 1548 uua
909 1485 1039 1547 omnium
1060 1486 1209 1563 gentilium
1225 1503 1310 1546 voce:

101 1568 293 1632 Christianos
315 1569 361 1632 ild
382 1569 506 1630 Leonem
536 1570 721 1634 acclamatur
749 1570 841 1642 (ldem
861 1570 1015 1650 Apologet.
1038 1569 1132 1646 ibid).
1177 1570 1234 1632 Sed
1255 1570 1313 1632 hoo

22 1659 23 1668 ‘
98 1653 230 1714 ultimum
261 1651 402 1722 verbum,
438 1654 568 1733 quadiu
592 1655 703 1718 uostris
726 1654 875 1716 codicibus
901 1655 1110 1734 manuscriptis
1133 1664 1162 1716 et
1182 1653 1310 1734 antiquis

22 1733 31 1810 ‘j'
99 1737 283 1799 editionibus
312 1738 474 1817 reperitur,
507 1757 523 1799 a
551 1739 675 1818 Rigaltio
704 1747 885 1818 anrputatum
912 1747 968 1800 est.
1018 1742 1054 1800 ht
1082 1737 1196 1800 ebantsi
1224 1737 1310 1812 absit,

22 1813 25 1844 ²
95 1823 248 1884 subaudiri
277 1823 378 1902 utique
401 1822 496 1883 debet.
540 1823 591 1884 llla
613 1843 682 1886 vero
706 1823 890 1896 acclamatio,
922 1824 958 1885 de
980 1842 1036 1902 qua
1058 1841 1114 1886 nos
1136 1841 1225 1903 supra
1248 1823 1311 1901 egi-

96 1925 171 1979 mus,
193 1907 224 1968 ia
248 1905 333 1968 circo
355 1907 541 1986 potissimum
562 1909 626 1970 lieri
648 1917 849 1970 consueverat.
879 1909 986 1970 Verum
1008 1927 1043 1968 ea
1058 1908 1130 1981 sola,
1154 1917 1311 1987 quantum-

95 1991 138 2052 vis
160 1991 367 2072 iniquissima,
400 1990 588 2070 rapiebantur
609 1993 767 2054 Christiani
795 2011 829 2054 ac
850 1994 1004 2055 confestim
1031 1991 1166 2054 leonibus
1188 1992 1312 2071 aliisque

93 2075 197 2138 belluis
220 2075 387 2138 devorandi
411 2076 641 2156 exponebantur.
672 2077 869 2140 Tertullianus
891 2096 961 2138 vero
984 2077 1060 2138 illam
1083 2077 1177 2138 tribus
1199 2084 1312 2138 tantum

92 2159 136 2222 bis
159 2162 262 2224 verbis
291 2160 441 2222 irridenda
464 2162 607 2240 explodit:
634 2162 742 2224 Tantos
765 2164 804 2224 ad
824 2182 917 2225 uuum
939 2160 1053 2236 (lbid.)l
1087 2161 1209 2241 perinde
1230 2179 1265 2222 ac
1285 2159 1311 2222 si

94 2244 233 2308 dixisset:
257 2243 374 2324 Papae!
417 2245 564 2326 Numquid
585 2247 694 2326 putatis
715 2247 857 2309 inlinitam
878 2247 1104 2326 propemodum,
1128 2247 1204 2307 sicut
1225 2255 1309 2306 antea

93 2329 342 2402 observabamus‚
366 2329 596 2394 Christianarum
620 2331 834 2393 multitudinem
856 2332 962 2411 exponi
984 2330 1118 2410 patuisse
1132 2329 1210 2392 leani
1225 2329 1311 2392 uuico

92 2422 175 2493 atque
199 2417 239 2477 ab
263 2414 319 2476 illo
342 2414 508 2484 devorarit,
823 2465 826 2474 .

173 2501 255 2562 Τιιιιι
283 2500 444 2578 posthaec
465 2499 513 2560 ille
535 2500 671 2578 gravibus
692 2500 839 2562 rabanum
862 2501 1021 2562 momentis
1043 2499 1224 2562 demonstrat
1238 2497 1311 2560 nihil

89 2584 186 2646 lalsins
212 2584 291 2663 tingi
313 2584 446 2664 putuisse
468 2603 553 2665 quam
569 2585 752 2645 Christianos
775 2585 956 2664 publicarum
979 2593 1029 2646 aut
1049 2585 1170 2646 aliarum
1193 2582 1310 2644 calami-

88 2677 177 2730 tatum
202 2689 281 2731 esse
303 2677 454 2731 auctores:
487 2669 563 2730 Nara
586 2680 655 2731 arcte
679 2668 835 2739 Tiberium,
864 2669 968 2748 inquit,
997 2668 1027 2730 id
1049 2677 1182 2730 estante
1204 2665 1311 2728 Christi

87 2754 260 2828 adventum,
290 2764 419 2828 conatae
442 2753 538 2814 clides
562 2755 662 2815 orbem
684 2765 712 2814 et
731 2754 822 2814 urbes
845 2755 1015 2816 ceciderant
1037 2751 1159 2826 (thiana
1186 2751 1251 2812 Non
1275 2769 1310 2811 eo

22 2837 27 2864 ³
88 2847 181 2900 autem
206 2855 310 2901 sensu
333 2837 405 2898 dixit
425 2849 494 2899 aare
512 2837 669 2910 Tiberium,
693 2855 750 2915 quo
773 2837 917 2915 significet
931 2837 1077 2898 Christum
1098 2854 1158 2900 nou
1181 2843 1266 2896 antea
1280 2835 1311 2894 in

22 2915 27 2952 ¹*
85 2921 162 2984 hunc
184 2921 340 2986 mundum
363 2923 490 2994 venisse,
514 2921 565 2982 sed
588 2923 744 2982 adventum
767 2921 833 2982 eius
852 2920 961 2982 mundo
983 2923 1158 3000 patefactum
1180 2937 1245 2980 cum
1262 2918 1310 2980 ille

87 3019 231 3086 regnante
257 3007 382 3068 Tiberio
411 3006 502 3068 edidit
530 3005 667 3074 miracula
700 3023 840 3084 suamque
869 3005 1028 3067 Ecclesiam
1056 3004 1194 3066 fundavit.
1238 3002 1312 3066 Nam

22 3085 28 3122 '¹
86 3089 216 3156 inlibro
243 3092 285 3153 ad
308 3091 465 3152 Nationes:
499 3088 654 3171 Principe,
685 3090 741 3162 ait,
773 3095 907 3168 Apporto
929 3099 1035 3152 humen
1059 3091 1112 3152 boc
1134 3101 1235 3152 ortum
1257 3097 1310 3160 ast,

22 3167 28 3206 '⁷
88 3175 208 3241 Tiberio
233 3177 402 3256 disciplina
425 3181 488 3237 ems
509 3175 613 3238 illuait
634 3175 726 3247 tidem
746 3174 797 3234 lib.
819 3174 842 3234 1.
866 3175 901 3236 ad
923 3173 1039 3234 Nation.
1063 3193 1126 3253 cap.
1150 3176 1202 3251 7.).
1225 3173 1310 3246 Quo-

22 3258 25 3292 ²
85 3260 156 3323 circa
171 3263 225 3326 ille
250 3269 360 3342 postea
382 3260 467 3321 dixit:
490 3261 605 3322 dotatis
627 3270 750 3322 nostroe
771 3259 999 3321 condamnari
1019 3263 1159 3322 trecenti:
1182 3269 1311 3340 pacatae

22 3337 27 3412 ,¹
86 3347 182 3410 clades
208 3357 290 3409 ante
311 3347 343 3408 id
365 3351 495 3424 spatham
517 3363 614 3425 sopra
641 3348 818 3406 uniuersam
841 3345 939 3406 orbem
960 3345 999 3406 od
1020 3343 1155 3424 sirapulos
1177 3345 1313 3406 orbesat

22 3457 24 3462 v
80 3438 270 3508 provincias
289 3427 483 3492 cecideruut?
508 3430 629 3502 Quanta
645 3429 722 3491 bella
737 3439 863 3492 cateraa
877 3441 906 3492 et
920 3427 1087 3492 intestina?
1111 3429 1192 3501 Quot
1200 3439 1310 3508 pestes,

83 3517 189 3590 sames,
215 3523 318 3596 a'praes,
343 3515 443 3576 hiatus
463 3525 619 3595 motusque
641 3525 797 3576 terraram
819 3513 971 3577 saecolum
993 3511 1136 3592 digessit?
1163 3512 1221 3574 Ubi
1240 3525 1312 3576 tuac

22 3601 24 3632 ¹
86 3599 272 3670 Christiani,
307 3619 372 3661 cum
394 3617 444 3660 ras
467 3598 601 3660 Romana
623 3609 668 3660 tot
690 3599 833 3662 biatorias
859 3598 996 3660 laborum
1018 3617 1144 3662 suorum
1165 3598 1310 3658 submitti-

83 3691 197 3748 ctraait
222 3683 320 3756 tlhid.
345 3702 407 3762 cap.
430 3681 499 3758 9.)i
543 3683 658 3754 Quibus
681 3689 777 3744 autem
800 3683 941 3761 exemplis
964 3683 1037 3744 haec
1057 3679 1308 3751 demonstraverit,

83 3786 147 3830 mm
170 3772 244 3832 sine
271 3768 371 3846 aliqua
393 3767 585 3847 explicatione
606 3767 767 3845 praeterire
789 3785 850 3828 non
871 3767 1033 3845 possimus,
1061 3767 1097 3827 ad
1120 3783 1153 3826 ea
1176 3761 1308 3841 singilla-

80 3852 130 3916 tim
154 3852 358 3936 expnnenda‚
381 3852 406 3913 si
427 3852 531 3931 placet,
554 3850 764 3929 aggrediamur.

596 4035 762 4086 ARTlCULUS
780 4035 810 4084 ll.

82 4139 198 4190 tao-cao
220 4141 383 4186 Tertullianus
407 4141 541 4184 demonstror
559 4139 697 4183 christianos
718 4137 769 4182 idon
793 4137 930 4194 publicarum
955 4137 1051 4183 eludium
1069 4147 1112 4180 non
1131 4145 1181 4178 esse
1200 4141 1310 4190 ractores,

81 4208 130 4263 qaia
149 4219 204 4257 anta
226 4208 319 4256 christi
338 4215 407 4252 ortum
425 4208 525 4264 plurimis
543 4215 650 4252 tamarum
667 4205 846 4250 inundationibus
865 4219 891 4250 rc
908 4205 1002 4250 motibus
1020 4215 1109 4260 pessum
1127 4203 1309 4257 abieruntllicra‚

77 4277 180 4334 Anaphe,
198 4281 290 4330 nelos,
308 4275 404 4328 Rhodos,
424 4277 474 4328 Cos,
492 4276 544 4320 item
562 4275 704 4320 malortsiaa
721 4273 851 4318 rclllricao
868 4286 928 4330 pars,
946 4281 967 4316 et
985 4279 1072 4328 epotum
1091 4283 1151 4316 mare
1169 4271 1310 4324 Corinthium,

145 4357 218 4402 atque
242 4358 273 4390 ex
295 4342 393 4387 Lucania
411 4343 486 4387 ltaliae
505 4343 603 4387 abscissa
622 4345 678 4386 lactu
697 4349 731 4384 ast
748 4341 830 4393 Sicilia,
854 4352 976 4396 amnesque
994 4339 1094 4384 homines
1112 4339 1242 4395 cataclysmo

396 4421 440 4454 nan
459 4417 541 4456 tantum
560 4411 684 4466 campestri,
702 4409 742 4454 sed
760 4409 878 4452 universali
896 4408 1013 4463 perierant.

160 4529 263 4592 Nullo
292 4534 372 4588 certe
392 4525 525 4588 validiori
547 4534 719 4604 argumenta
741 4523 859 4603 probari
882 4530 983 4602 petest
1003 4521 1184 4586 cananaeos
1206 4531 1308 4586 aueto-

71 4629 217 4678 resnou
243 4629 322 4675 esse
349 4610 530 4691 publicarum
551 4609 692 4690 cladium,
725 4627 811 4689 quam
833 4607 1023 4688 plurimarum
1045 4607 1203 4688 exemplis,
1235 4625 1309 4688 quac

107 4719 288 4767 Turaniana
305 4725 355 4760 arr.
368 4727 405 4760 ιι.
419 4726 516 4761 οιιιιι.
546 4713 609 4764 Tam.
620 4713 658 4759 111.
1076 4707 1107 4760 27
