<?xml version="1.0" encoding="UTF-8"?>
<!DOCTYPE html PUBLIC "-//W3C//DTD XHTML 1.0 Transitional//EN"
    "http://www.w3.org/TR/xhtml1/DTD/xhtml1-transitional.dtd">
<html xmlns="http://www.w3.org/1999/xhtml" xml:lang="en" lang="en">
 <head>
  <title>
</title>
<meta http-equiv="Content-Type" content="text/html;charset=utf-8" />
  <meta name='ocr-system' content='tesseract 3.04.00' />
  <meta name='ocr-capabilities' content='ocr_page ocr_carea ocr_par ocr_line ocrx_word'/>
</head>
<body>
  <div class='ocr_page' id='page_1' title='image "./quaesupersuntom01oehlgoog_0632.png"; bbox 0 0 3092 5234; ppageno 0'>
   <div class='ocr_carea' id='block_1_1' title="bbox 441 399 1291 464">
    <p class='ocr_par' dir='ltr' id='par_1_1' title="bbox 441 399 1291 464">
     <span class='ocr_line' id='line_1_1' title="bbox 441 399 1291 464; baseline 0.006 -5"><span class='ocrx_word' id='word_1_1' title='bbox 441 413 577 460; x_wconf 74' lang='lat' dir='ltr'>aaaron</span> <span class='ocrx_word' id='word_1_2' title='bbox 595 415 637 460; x_wconf 85' lang='lat' dir='ltr'>ro.</span> <span class='ocrx_word' id='word_1_3' title='bbox 660 415 727 460; x_wconf 74' lang='lat' dir='ltr'>eos.</span> <span class='ocrx_word' id='word_1_4' title='bbox 747 415 930 462; x_wconf 69' lang='lat' dir='ltr'>nonam·</span> <span class='ocrx_word' id='word_1_5' title='bbox 1226 399 1291 464; x_wconf 56' lang='lat' dir='ltr'>bed</span> 
     </span>
    </p>
   </div>
   <div class='ocr_carea' id='block_1_2' title="bbox 11 565 1299 4254">
    <p class='ocr_par' dir='ltr' id='par_1_2' title="bbox 11 565 1299 4254">
     <span class='ocr_line' id='line_1_2' title="bbox 65 565 1290 646; baseline 0.004 -24"><span class='ocrx_word' id='word_1_6' title='bbox 65 580 132 632; x_wconf 78' lang='lat' dir='ltr'>aas,</span> <span class='ocrx_word' id='word_1_7' title='bbox 154 569 243 643; x_wconf 78' lang='lat' dir='ltr'>otpne</span> <span class='ocrx_word' id='word_1_8' title='bbox 264 565 309 625; x_wconf 85' lang='lat' dir='ltr'>ito</span> <span class='ocrx_word' id='word_1_9' title='bbox 329 565 362 624; x_wconf 83' lang='lat' dir='ltr'>rie</span> <span class='ocrx_word' id='word_1_10' title='bbox 385 567 509 626; x_wconf 73' lang='lat' dir='ltr'>tentam</span> <span class='ocrx_word' id='word_1_11' title='bbox 523 567 556 636; x_wconf 71' lang='grc' dir='ltr'>ι’.</span> <span class='ocrx_word' id='word_1_12' title='bbox 579 583 605 626; x_wconf 89' lang='lat' dir='ltr'>e.</span> <span class='ocrx_word' id='word_1_13' title='bbox 626 583 721 645; x_wconf 80' lang='lat' dir='ltr'>paene</span> <span class='ocrx_word' id='word_1_14' title='bbox 748 567 889 629; x_wconf 78' lang='grc' dir='ltr'>ιιιιιιιιιιιιι</span> <span class='ocrx_word' id='word_1_15' title='bbox 912 567 1011 630; x_wconf 74' lang='lat' dir='ltr'>ionem</span> <span class='ocrx_word' id='word_1_16' title='bbox 1030 569 1163 646; x_wconf 75' lang='lat' dir='ltr'>episeopo·</span> <span class='ocrx_word' id='word_1_17' title='bbox 1189 565 1290 630; x_wconf 82' lang='lat' dir='ltr'>deuol-</span> 
     </span>
     <span class='ocr_line' id='line_1_3' title="bbox 66 645 1292 727; baseline 0.002 -20"><span class='ocrx_word' id='word_1_18' title='bbox 66 656 191 708; x_wconf 73' lang='lat' dir='ltr'>water.</span> <span class='ocrx_word' id='word_1_19' title='bbox 251 645 347 718; x_wconf 87' lang='lat' dir='ltr'>Quam</span> <span class='ocrx_word' id='word_1_20' title='bbox 375 646 402 707; x_wconf 89' lang='lat' dir='ltr'>si</span> <span class='ocrx_word' id='word_1_21' title='bbox 435 648 502 727; x_wconf 88' lang='lat' dir='ltr'>quis</span> <span class='ocrx_word' id='word_1_22' title='bbox 530 649 629 710; x_wconf 90' lang='lat' dir='ltr'>dieere</span> <span class='ocrx_word' id='word_1_23' title='bbox 667 650 736 711; x_wconf 79' lang='lat' dir='ltr'>velit</span> <span class='ocrx_word' id='word_1_24' title='bbox 767 651 1013 714; x_wconf 82' lang='lat' dir='ltr'>consuetudinem</span> <span class='ocrx_word' id='word_1_25' title='bbox 1045 650 1292 712; x_wconf 81' lang='lat' dir='ltr'>ldoutanistmum</span> 
     </span>
     <span class='ocr_line' id='line_1_4' title="bbox 64 727 1291 812; baseline 0.003 -22"><span class='ocrx_word' id='word_1_26' title='bbox 64 727 102 790; x_wconf 92' lang='lat' dir='ltr'>ab</span> <span class='ocrx_word' id='word_1_27' title='bbox 137 729 318 808; x_wconf 78' lang='lat' dir='ltr'>Hieronymo</span> <span class='ocrx_word' id='word_1_28' title='bbox 355 729 452 792; x_wconf 86' lang='lat' dir='ltr'>flotam</span> <span class='ocrx_word' id='word_1_29' title='bbox 481 749 549 793; x_wconf 86' lang='lat' dir='ltr'>esse</span> <span class='ocrx_word' id='word_1_30' title='bbox 576 733 621 794; x_wconf 82' lang='lat' dir='ltr'>ael</span> <span class='ocrx_word' id='word_1_31' title='bbox 650 732 822 795; x_wconf 80' lang='lat' dir='ltr'>Tertulliani</span> <span class='ocrx_word' id='word_1_32' title='bbox 851 753 922 797; x_wconf 82' lang='lat' dir='ltr'>aevo</span> <span class='ocrx_word' id='word_1_33' title='bbox 951 734 1157 806; x_wconf 71' lang='lat' dir='ltr'>recentiorem,</span> <span class='ocrx_word' id='word_1_34' title='bbox 1193 751 1291 812; x_wconf 81' lang='lat' dir='ltr'>neque</span> 
     </span>
     <span class='ocr_line' id='line_1_5' title="bbox 65 812 1295 897; baseline 0.006 -26"><span class='ocrx_word' id='word_1_35' title='bbox 65 812 136 890; x_wconf 86' lang='lat' dir='ltr'>quid</span> <span class='ocrx_word' id='word_1_36' title='bbox 169 829 291 874; x_wconf 83' lang='lat' dir='ltr'>movere</span> <span class='ocrx_word' id='word_1_37' title='bbox 323 813 535 894; x_wconf 77' lang='lat' dir='ltr'><strong>Hieronymum</strong></span> <span class='ocrx_word' id='word_1_38' title='bbox 567 817 722 894; x_wconf 88' lang='lat' dir='ltr'>potuisset·</span> <span class='ocrx_word' id='word_1_39' title='bbox 746 819 854 892; x_wconf 86' lang='lat' dir='ltr'>rideo,</span> <span class='ocrx_word' id='word_1_40' title='bbox 888 829 921 881; x_wconf 89' lang='lat' dir='ltr'>ut</span> <span class='ocrx_word' id='word_1_41' title='bbox 951 818 1019 880; x_wconf 83' lang='lat' dir='ltr'>talia</span> <span class='ocrx_word' id='word_1_42' title='bbox 1046 819 1179 897; x_wconf 81' lang='lat' dir='ltr'>fingeret,</span> <span class='ocrx_word' id='word_1_43' title='bbox 1214 835 1295 896; x_wconf 82' lang='lat' dir='ltr'>quae·</span> 
     </span>
     <span class='ocr_line' id='line_1_6' title="bbox 11 897 1296 982; baseline 0.004 -27"><span class='ocrx_word' id='word_1_44' title='bbox 11 935 12 940; x_wconf 21' lang='grc' dir='ltr'><strong>κ</strong></span> <span class='ocrx_word' id='word_1_45' title='bbox 63 913 172 973; x_wconf 90' lang='lat' dir='ltr'>magno</span> <span class='ocrx_word' id='word_1_46' title='bbox 194 897 311 958; x_wconf 84' lang='lat' dir='ltr'>arimini</span> <span class='ocrx_word' id='word_1_47' title='bbox 332 897 395 958; x_wconf 88' lang='lat' dir='ltr'>dari</span> <span class='ocrx_word' id='word_1_48' title='bbox 416 898 603 961; x_wconf 85' lang='lat' dir='ltr'>llontanistis</span> <span class='ocrx_word' id='word_1_49' title='bbox 623 919 686 962; x_wconf 94' lang='lat' dir='ltr'>non</span> <span class='ocrx_word' id='word_1_50' title='bbox 715 911 863 980; x_wconf 85' lang='lat' dir='ltr'>poterant,</span> <span class='ocrx_word' id='word_1_51' title='bbox 899 921 996 982; x_wconf 73' lang='lat' dir='ltr'>nenne</span> <span class='ocrx_word' id='word_1_52' title='bbox 1023 902 1165 962; x_wconf 87' lang='lat' dir='ltr'>abhorret</span> <span class='ocrx_word' id='word_1_53' title='bbox 1192 901 1296 980; x_wconf 78' lang='lat' dir='ltr'>aliquo</span> 
     </span>
     <span class='ocr_line' id='line_1_7' title="bbox 63 979 1295 1060; baseline 0.006 -21"><span class='ocrx_word' id='word_1_54' title='bbox 63 979 166 1052; x_wconf 91' lang='lat' dir='ltr'>modo,</span> <span class='ocrx_word' id='word_1_55' title='bbox 188 981 239 1059; x_wconf 76' lang='lat' dir='ltr'>qai</span> <span class='ocrx_word' id='word_1_56' title='bbox 260 980 319 1060; x_wconf 82' lang='lat' dir='ltr'>ipsi</span> <span class='ocrx_word' id='word_1_57' title='bbox 340 999 374 1042; x_wconf 89' lang='lat' dir='ltr'>se</span> <span class='ocrx_word' id='word_1_58' title='bbox 395 982 458 1043; x_wconf 83' lang='lat' dir='ltr'>suia</span> <span class='ocrx_word' id='word_1_59' title='bbox 480 984 525 1044; x_wconf 84' lang='lat' dir='ltr'>vel</span> <span class='ocrx_word' id='word_1_60' title='bbox 548 984 691 1046; x_wconf 77' lang='lat' dir='ltr'><strong>doctrinis</strong></span> <span class='ocrx_word' id='word_1_61' title='bbox 712 986 758 1046; x_wconf 84' lang='lat' dir='ltr'>vel</span> <span class='ocrx_word' id='word_1_62' title='bbox 780 987 924 1048; x_wconf 85' lang='lat' dir='ltr'>institutis</span> <span class='ocrx_word' id='word_1_63' title='bbox 947 1005 964 1047; x_wconf 91' lang='lat' dir='ltr'>a</span> <span class='ocrx_word' id='word_1_64' title='bbox 991 986 1139 1048; x_wconf 90' lang='lat' dir='ltr'>eommuni</span> <span class='ocrx_word' id='word_1_65' title='bbox 1161 985 1295 1047; x_wconf 80' lang='lat' dir='ltr'>lleelesin</span> 
     </span>
     <span class='ocr_line' id='line_1_8' title="bbox 11 1065 1291 1137; baseline 0.005 -14"><span class='ocrx_word' id='word_1_66' title='bbox 11 1089 12 1124; x_wconf 84' lang='lat' dir='ltr'>t</span> <span class='ocrx_word' id='word_1_67' title='bbox 63 1065 267 1137; x_wconf 78' lang='lat' dir='ltr'>seiunxerunt,</span> <span class='ocrx_word' id='word_1_68' title='bbox 289 1083 343 1124; x_wconf 89' lang='lat' dir='ltr'>eos</span> <span class='ocrx_word' id='word_1_69' title='bbox 365 1066 452 1126; x_wconf 90' lang='lat' dir='ltr'>etiam</span> <span class='ocrx_word' id='word_1_70' title='bbox 475 1067 610 1128; x_wconf 80' lang='lat' dir='ltr'>ordinem</span> <span class='ocrx_word' id='word_1_71' title='bbox 632 1071 829 1131; x_wconf 80' lang='lat' dir='ltr'>sacerdotum.</span> <span class='ocrx_word' id='word_1_72' title='bbox 842 1071 990 1132; x_wconf 82' lang='lat' dir='ltr'>diversum</span> <span class='ocrx_word' id='word_1_73' title='bbox 1014 1070 1194 1132; x_wconf 89' lang='lat' dir='ltr'>aeommuni</span> <span class='ocrx_word' id='word_1_74' title='bbox 1216 1087 1291 1130; x_wconf 90' lang='lat' dir='ltr'>eon-</span> 
     </span>
     <span class='ocr_line' id='line_1_9' title="bbox 11 1146 1291 1236; baseline 0.003 -26"><span class='ocrx_word' id='word_1_75' title='bbox 11 1191 12 1210; x_wconf 51' lang='lat'>,</span> <span class='ocrx_word' id='word_1_76' title='bbox 62 1146 223 1208; x_wconf 78' lang='lat' dir='ltr'>suetudine</span> <span class='ocrx_word' id='word_1_77' title='bbox 251 1149 453 1222; x_wconf 72' lang='lat' dir='ltr'>conseruisse,</span> <span class='ocrx_word' id='word_1_78' title='bbox 480 1152 654 1230; x_wconf 79' lang='lat' dir='ltr'>praesertim</span> <span class='ocrx_word' id='word_1_79' title='bbox 681 1171 748 1215; x_wconf 89' lang='lat' dir='ltr'>eum</span> <span class='ocrx_word' id='word_1_80' title='bbox 777 1155 835 1215; x_wconf 90' lang='lat' dir='ltr'>iam</span> <span class='ocrx_word' id='word_1_81' title='bbox 863 1155 928 1236; x_wconf 93' lang='lat' dir='ltr'>ipse</span> <span class='ocrx_word' id='word_1_82' title='bbox 956 1155 1123 1216; x_wconf 76' lang='lat' dir='ltr'>Montanus·</span> <span class='ocrx_word' id='word_1_83' title='bbox 1144 1154 1291 1232; x_wconf 80' lang='lat' dir='ltr'>Pepaaam</span> 
     </span>
     <span class='ocr_line' id='line_1_10' title="bbox 62 1227 1291 1318; baseline 0.008 -28"><span class='ocrx_word' id='word_1_84' title='bbox 62 1231 209 1310; x_wconf 76' lang='lat' dir='ltr'>Phrygiae</span> <span class='ocrx_word' id='word_1_85' title='bbox 230 1232 372 1312; x_wconf 92' lang='lat' dir='ltr'>oppidum</span> <span class='ocrx_word' id='word_1_86' title='bbox 393 1233 628 1314; x_wconf 72' lang='lat' dir='ltr'>Hierosolymam</span> <span class='ocrx_word' id='word_1_87' title='bbox 651 1227 852 1316; x_wconf 60' lang='lat' dir='ltr'>appellassent</span> <span class='ocrx_word' id='word_1_88' title='bbox 894 1241 988 1318; x_wconf 78' lang='lat' dir='ltr'>Atque</span> <span class='ocrx_word' id='word_1_89' title='bbox 1011 1257 1078 1300; x_wconf 89' lang='lat' dir='ltr'>eoee</span> <span class='ocrx_word' id='word_1_90' title='bbox 1101 1237 1173 1299; x_wconf 85' lang='lat' dir='ltr'>milri</span> <span class='ocrx_word' id='word_1_91' title='bbox 1195 1255 1291 1316; x_wconf 85' lang='lat' dir='ltr'>quau·</span> 
     </span>
     <span class='ocr_line' id='line_1_11' title="bbox 64 1315 1292 1401; baseline 0.007 -27"><span class='ocrx_word' id='word_1_92' title='bbox 64 1325 129 1376; x_wconf 91' lang='lat' dir='ltr'>tum</span> <span class='ocrx_word' id='word_1_93' title='bbox 151 1315 182 1376; x_wconf 94' lang='lat' dir='ltr'>in</span> <span class='ocrx_word' id='word_1_94' title='bbox 203 1324 308 1377; x_wconf 87' lang='lat' dir='ltr'>nostro</span> <span class='ocrx_word' id='word_1_95' title='bbox 331 1317 428 1378; x_wconf 88' lang='lat' dir='ltr'>libello</span> <span class='ocrx_word' id='word_1_96' title='bbox 451 1318 600 1380; x_wconf 86' lang='lat' dir='ltr'>honorem</span> <span class='ocrx_word' id='word_1_97' title='bbox 618 1322 770 1401; x_wconf 88' lang='lat' dir='ltr'>episeopis</span> <span class='ocrx_word' id='word_1_98' title='bbox 792 1331 916 1396; x_wconf 88' lang='lat' dir='ltr'>asserat,</span> <span class='ocrx_word' id='word_1_99' title='bbox 939 1339 1006 1384; x_wconf 88' lang='lat' dir='ltr'>eum</span> <span class='ocrx_word' id='word_1_100' title='bbox 1029 1341 1138 1383; x_wconf 87' lang='lat' dir='ltr'>omnen</span> <span class='ocrx_word' id='word_1_101' title='bbox 1159 1322 1292 1400; x_wconf 85' lang='lat' dir='ltr'>tingendi</span> 
     </span>
     <span class='ocr_line' id='line_1_12' title="bbox 11 1403 1296 1485; baseline 0.002 -21"><span class='ocrx_word' id='word_1_102' title='bbox 11 1429 13 1464; x_wconf 82' lang='lat' dir='ltr'>t</span> <span class='ocrx_word' id='word_1_103' title='bbox 63 1417 141 1476; x_wconf 82' lang='lat' dir='ltr'>aqua</span> <span class='ocrx_word' id='word_1_104' title='bbox 178 1417 260 1460; x_wconf 83' lang='lat' dir='ltr'>saora</span> <span class='ocrx_word' id='word_1_105' title='bbox 289 1409 465 1480; x_wconf 87' lang='lat' dir='ltr'>potestatem</span> <span class='ocrx_word' id='word_1_106' title='bbox 492 1403 529 1463; x_wconf 87' lang='lat' dir='ltr'>ab</span> <span class='ocrx_word' id='word_1_107' title='bbox 558 1404 596 1464; x_wconf 84' lang='lat' dir='ltr'>iia</span> <span class='ocrx_word' id='word_1_108' title='bbox 626 1404 752 1466; x_wconf 83' lang='lat' dir='ltr'>deducat</span> <span class='ocrx_word' id='word_1_109' title='bbox 779 1417 808 1468; x_wconf 89' lang='lat' dir='ltr'>et</span> <span class='ocrx_word' id='word_1_110' title='bbox 836 1407 930 1485; x_wconf 89' lang='lat' dir='ltr'>ipsius</span> <span class='ocrx_word' id='word_1_111' title='bbox 961 1406 1110 1468; x_wconf 81' lang='lat' dir='ltr'>lloolesiae</span> <span class='ocrx_word' id='word_1_112' title='bbox 1131 1406 1296 1467; x_wconf 77' lang='lat' dir='ltr'>honorem:</span> 
     </span>
     <span class='ocr_line' id='line_1_13' title="bbox 11 1481 1290 1564; baseline 0.007 -23"><span class='ocrx_word' id='word_1_113' title='bbox 11 1513 14 1552; x_wconf 58' lang='grc' dir='ltr'>Ι</span> <span class='ocrx_word' id='word_1_114' title='bbox 63 1500 134 1542; x_wconf 92' lang='lat' dir='ltr'>oum</span> <span class='ocrx_word' id='word_1_115' title='bbox 163 1481 271 1544; x_wconf 82' lang='lat' dir='ltr'>horum</span> <span class='ocrx_word' id='word_1_116' title='bbox 298 1484 439 1564; x_wconf 70' lang='lat' dir='ltr'>dignitate</span> <span class='ocrx_word' id='word_1_117' title='bbox 466 1487 743 1550; x_wconf 78' lang='lat' dir='ltr'>coniunctissimum</span> <span class='ocrx_word' id='word_1_118' title='bbox 774 1491 878 1551; x_wconf 89' lang='lat' dir='ltr'>tradat.</span> <span class='ocrx_word' id='word_1_119' title='bbox 924 1490 982 1551; x_wconf 88' lang='lat' dir='ltr'>Sed</span> <span class='ocrx_word' id='word_1_120' title='bbox 1011 1491 1042 1551; x_wconf 93' lang='lat' dir='ltr'>in</span> <span class='ocrx_word' id='word_1_121' title='bbox 1069 1490 1146 1552; x_wconf 88' lang='lat' dir='ltr'>libro</span> <span class='ocrx_word' id='word_1_122' title='bbox 1169 1489 1206 1550; x_wconf 94' lang='lat' dir='ltr'>de</span> <span class='ocrx_word' id='word_1_123' title='bbox 1228 1489 1290 1550; x_wconf 87' lang='lat' dir='ltr'>Pu-</span> 
     </span>
     <span class='ocr_line' id='line_1_14' title="bbox 63 1565 1290 1645; baseline 0.007 -20"><span class='ocrx_word' id='word_1_124' title='bbox 63 1565 175 1639; x_wconf 84' lang='lat' dir='ltr'>dicitia,</span> <span class='ocrx_word' id='word_1_125' title='bbox 205 1571 269 1627; x_wconf 83' lang='lat' dir='ltr'>lam</span> <span class='ocrx_word' id='word_1_126' title='bbox 300 1567 468 1630; x_wconf 84' lang='lat' dir='ltr'>vehementi</span> <span class='ocrx_word' id='word_1_127' title='bbox 503 1571 554 1632; x_wconf 93' lang='lat' dir='ltr'>illo</span> <span class='ocrx_word' id='word_1_128' title='bbox 585 1573 615 1632; x_wconf 92' lang='lat' dir='ltr'>in</span> <span class='ocrx_word' id='word_1_129' title='bbox 645 1576 887 1636; x_wconf 80' lang='lat' dir='ltr'>consuetudinem</span> <span class='ocrx_word' id='word_1_130' title='bbox 922 1575 1105 1636; x_wconf 82' lang='lat' dir='ltr'>orthodoxae</span> <span class='ocrx_word' id='word_1_131' title='bbox 1131 1573 1290 1645; x_wconf 75' lang='lat' dir='ltr'>Ecclesiae,</span> 
     </span>
     <span class='ocr_line' id='line_1_15' title="bbox 11 1650 1289 1739; baseline 0.009 -31"><span class='ocrx_word' id='word_1_132' title='bbox 11 1683 14 1724; x_wconf 83' lang='grc'>,</span> <span class='ocrx_word' id='word_1_133' title='bbox 64 1667 154 1727; x_wconf 89' lang='lat' dir='ltr'>quam</span> <span class='ocrx_word' id='word_1_134' title='bbox 176 1650 430 1739; x_wconf 33' lang='lat' dir='ltr'>salselohseero,</span> <span class='ocrx_word' id='word_1_135' title='bbox 453 1655 627 1734; x_wconf 77' lang='lat' dir='ltr'>perstringit</span> <span class='ocrx_word' id='word_1_136' title='bbox 653 1659 690 1728; x_wconf 90' lang='lat' dir='ltr'>(c.</span> <span class='ocrx_word' id='word_1_137' title='bbox 717 1661 758 1734; x_wconf 83' lang='lat'>1.)</span> <span class='ocrx_word' id='word_1_138' title='bbox 776 1660 952 1739; x_wconf 73' lang='lat' dir='ltr'>poon&#39;fieem</span> <span class='ocrx_word' id='word_1_139' title='bbox 974 1657 1088 1720; x_wconf 77' lang='lat' dir='ltr'>scilieet</span> <span class='ocrx_word' id='word_1_140' title='bbox 1114 1662 1289 1730; x_wconf 76' lang='lat' dir='ltr'>monimen,</span> 
     </span>
     <span class='ocr_line' id='line_1_16' title="bbox 11 1738 1293 1824; baseline 0.008 -32"><span class='ocrx_word' id='word_1_141' title='bbox 11 1769 15 1810; x_wconf 61' lang='grc' dir='ltr'>Ι</span> <span class='ocrx_word' id='word_1_142' title='bbox 63 1738 294 1815; x_wconf 74' lang='lat' dir='ltr'>episcopumque</span> <span class='ocrx_word' id='word_1_143' title='bbox 325 1741 553 1817; x_wconf 75' lang='lat' dir='ltr'>episcoporum,</span> <span class='ocrx_word' id='word_1_144' title='bbox 590 1743 711 1821; x_wconf 59' lang='lat' dir='ltr'>empne</span> <span class='ocrx_word' id='word_1_145' title='bbox 748 1745 877 1804; x_wconf 76' lang='lat' dir='ltr'>edietum</span> <span class='ocrx_word' id='word_1_146' title='bbox 908 1741 1171 1824; x_wconf 76' lang='lat' dir='ltr'>peremptoriam?</span> <span class='ocrx_word' id='word_1_147' title='bbox 1202 1759 1293 1820; x_wconf 88' lang='lat' dir='ltr'>quam</span> 
     </span>
     <span class='ocr_line' id='line_1_17' title="bbox 11 1817 1294 1904; baseline 0.009 -29"><span class='ocrx_word' id='word_1_148' title='bbox 11 1849 15 1892; x_wconf 56' lang='lat' dir='ltr'>p</span> <span class='ocrx_word' id='word_1_149' title='bbox 65 1817 141 1876; x_wconf 91' lang='lat' dir='ltr'>nihil</span> <span class='ocrx_word' id='word_1_150' title='bbox 162 1817 212 1878; x_wconf 87' lang='lat' dir='ltr'>dat</span> <span class='ocrx_word' id='word_1_151' title='bbox 233 1827 314 1878; x_wconf 89' lang='lat' dir='ltr'>tanto</span> <span class='ocrx_word' id='word_1_152' title='bbox 335 1819 409 1892; x_wconf 83' lang='lat' dir='ltr'>viro,</span> <span class='ocrx_word' id='word_1_153' title='bbox 438 1839 536 1902; x_wconf 88' lang='lat' dir='ltr'>aquo</span> <span class='ocrx_word' id='word_1_154' title='bbox 558 1823 696 1901; x_wconf 86' lang='lat' dir='ltr'>dignitas,</span> <span class='ocrx_word' id='word_1_155' title='bbox 726 1833 758 1886; x_wconf 91' lang='lat' dir='ltr'>ut</span> <span class='ocrx_word' id='word_1_156' title='bbox 785 1827 826 1887; x_wconf 91' lang='lat' dir='ltr'>ait</span> <span class='ocrx_word' id='word_1_157' title='bbox 851 1827 915 1899; x_wconf 91' lang='lat' dir='ltr'>hio,</span> <span class='ocrx_word' id='word_1_158' title='bbox 946 1826 1093 1888; x_wconf 87' lang='lat' dir='ltr'>Eeolesiae</span> <span class='ocrx_word' id='word_1_159' title='bbox 1120 1823 1294 1904; x_wconf 75' lang='lat' dir='ltr'>pendebat?</span> 
     </span>
     <span class='ocr_line' id='line_1_18' title="bbox 11 1900 1290 1986; baseline 0.008 -27"><span class='ocrx_word' id='word_1_160' title='bbox 11 1939 33 1978; x_wconf 81' lang='grc'>,.</span> <span class='ocrx_word' id='word_1_161' title='bbox 65 1902 109 1960; x_wconf 78' lang='lat' dir='ltr'>de</span> <span class='ocrx_word' id='word_1_162' title='bbox 130 1900 155 1961; x_wconf 90' lang='lat' dir='ltr'>si</span> <span class='ocrx_word' id='word_1_163' title='bbox 177 1901 245 1981; x_wconf 88' lang='lat' dir='ltr'>quis</span> <span class='ocrx_word' id='word_1_164' title='bbox 267 1911 360 1980; x_wconf 87' lang='lat' dir='ltr'>putat,</span> <span class='ocrx_word' id='word_1_165' title='bbox 393 1905 473 1983; x_wconf 79' lang='lat' dir='ltr'>qtrod</span> <span class='ocrx_word' id='word_1_166' title='bbox 506 1923 560 1986; x_wconf 92' lang='lat' dir='ltr'>ego</span> <span class='ocrx_word' id='word_1_167' title='bbox 588 1925 649 1968; x_wconf 92' lang='lat' dir='ltr'>non</span> <span class='ocrx_word' id='word_1_168' title='bbox 677 1909 815 1983; x_wconf 83' lang='lat' dir='ltr'>diffiteor,</span> <span class='ocrx_word' id='word_1_169' title='bbox 848 1910 1060 1972; x_wconf 81' lang='lat' dir='ltr'>Termllianom</span> <span class='ocrx_word' id='word_1_170' title='bbox 1089 1910 1119 1970; x_wconf 93' lang='lat' dir='ltr'>in</span> <span class='ocrx_word' id='word_1_171' title='bbox 1141 1909 1191 1970; x_wconf 93' lang='lat' dir='ltr'>illo</span> <span class='ocrx_word' id='word_1_172' title='bbox 1213 1909 1290 1970; x_wconf 86' lang='lat' dir='ltr'>libro</span> 
     </span>
     <span class='ocr_line' id='line_1_19' title="bbox 11 1985 1290 2066; baseline 0.007 -23"><span class='ocrx_word' id='word_1_173' title='bbox 11 2023 17 2066; x_wconf 76' lang='grc'>,</span> <span class='ocrx_word' id='word_1_174' title='bbox 65 2001 203 2063; x_wconf 89' lang='lat' dir='ltr'>magnam</span> <span class='ocrx_word' id='word_1_175' title='bbox 225 1985 315 2046; x_wconf 78' lang='lat' dir='ltr'>anton</span> <span class='ocrx_word' id='word_1_176' title='bbox 336 1989 553 2065; x_wconf 85' lang='lat' dir='ltr'>permotionem</span> <span class='ocrx_word' id='word_1_177' title='bbox 574 1992 612 2052; x_wconf 89' lang='lat' dir='ltr'>ad</span> <span class='ocrx_word' id='word_1_178' title='bbox 633 2011 752 2056; x_wconf 86' lang='lat' dir='ltr'>oausam</span> <span class='ocrx_word' id='word_1_179' title='bbox 774 1993 925 2066; x_wconf 74' lang='lat' dir='ltr'>attulisse,</span> <span class='ocrx_word' id='word_1_180' title='bbox 947 1995 1036 2056; x_wconf 88' lang='lat' dir='ltr'>alium</span> <span class='ocrx_word' id='word_1_181' title='bbox 1064 1993 1141 2055; x_wconf 84' lang='lat' dir='ltr'>dabo</span> <span class='ocrx_word' id='word_1_182' title='bbox 1169 2011 1186 2053; x_wconf 90' lang='lat' dir='ltr'>e</span> <span class='ocrx_word' id='word_1_183' title='bbox 1213 1992 1290 2052; x_wconf 94' lang='lat' dir='ltr'>lihro</span> 
     </span>
     <span class='ocr_line' id='line_1_20' title="bbox 11 2067 1293 2156; baseline 0.007 -30"><span class='ocrx_word' id='word_1_184' title='bbox 11 2109 15 2150; x_wconf 81' lang='grc'>,</span> <span class='ocrx_word' id='word_1_185' title='bbox 66 2068 105 2128; x_wconf 91' lang='lat' dir='ltr'>de</span> <span class='ocrx_word' id='word_1_186' title='bbox 128 2067 338 2154; x_wconf 75' lang='lat' dir='ltr'>Exhortatione</span> <span class='ocrx_word' id='word_1_187' title='bbox 361 2071 508 2152; x_wconf 80' lang='lat' dir='ltr'>Cashtatis</span> <span class='ocrx_word' id='word_1_188' title='bbox 534 2075 612 2136; x_wconf 91' lang='lat' dir='ltr'>haud</span> <span class='ocrx_word' id='word_1_189' title='bbox 640 2075 729 2138; x_wconf 89' lang='lat' dir='ltr'>dubie</span> <span class='ocrx_word' id='word_1_190' title='bbox 757 2078 963 2140; x_wconf 82' lang='lat' dir='ltr'>Montanistieo</span> <span class='ocrx_word' id='word_1_191' title='bbox 989 2078 1097 2149; x_wconf 88' lang='lat' dir='ltr'>looum,</span> <span class='ocrx_word' id='word_1_192' title='bbox 1131 2077 1182 2156; x_wconf 89' lang='lat' dir='ltr'>qui</span> <span class='ocrx_word' id='word_1_193' title='bbox 1203 2076 1293 2155; x_wconf 88' lang='lat' dir='ltr'>longe</span> 
     </span>
     <span class='ocr_line' id='line_1_21' title="bbox 11 2152 1290 2242; baseline 0.007 -31"><span class='ocrx_word' id='word_1_194' title='bbox 11 2199 12 2234; x_wconf 66' lang='lat'>,</span> <span class='ocrx_word' id='word_1_195' title='bbox 64 2152 220 2224; x_wconf 89' lang='lat' dir='ltr'>maiorem,</span> <span class='ocrx_word' id='word_1_196' title='bbox 254 2161 286 2214; x_wconf 93' lang='lat' dir='ltr'>ut</span> <span class='ocrx_word' id='word_1_197' title='bbox 307 2153 379 2214; x_wconf 90' lang='lat' dir='ltr'>mihi</span> <span class='ocrx_word' id='word_1_198' title='bbox 399 2156 525 2231; x_wconf 84' lang='lat' dir='ltr'>videtur,</span> <span class='ocrx_word' id='word_1_199' title='bbox 553 2158 636 2220; x_wconf 87' lang='lat' dir='ltr'>laieis</span> <span class='ocrx_word' id='word_1_200' title='bbox 660 2160 763 2222; x_wconf 85' lang='lat' dir='ltr'>tribuit</span> <span class='ocrx_word' id='word_1_201' title='bbox 783 2161 922 2242; x_wconf 85' lang='lat' dir='ltr'>baptismi</span> <span class='ocrx_word' id='word_1_202' title='bbox 944 2161 1115 2222; x_wconf 88' lang='lat' dir='ltr'>oouierendi</span> <span class='ocrx_word' id='word_1_203' title='bbox 1133 2160 1290 2232; x_wconf 79' lang='lat' dir='ltr'>licentiam,</span> 
     </span>
     <span class='ocr_line' id='line_1_22' title="bbox 14 2237 1291 2322; baseline 0.007 -27"><span class='ocrx_word' id='word_1_204' title='bbox 14 2281 16 2289; x_wconf 92' lang='lat'><em>.</em></span> <span class='ocrx_word' id='word_1_205' title='bbox 64 2253 154 2314; x_wconf 72' lang='lat' dir='ltr'>mum</span> <span class='ocrx_word' id='word_1_206' title='bbox 177 2253 253 2308; x_wconf 84' lang='lat' dir='ltr'>eam,</span> <span class='ocrx_word' id='word_1_207' title='bbox 275 2237 390 2314; x_wconf 87' lang='lat' dir='ltr'>qualem</span> <span class='ocrx_word' id='word_1_208' title='bbox 412 2249 517 2301; x_wconf 90' lang='lat' dir='ltr'>nostro</span> <span class='ocrx_word' id='word_1_209' title='bbox 539 2242 569 2303; x_wconf 94' lang='lat' dir='ltr'>in</span> <span class='ocrx_word' id='word_1_210' title='bbox 590 2243 666 2304; x_wconf 91' lang='lat' dir='ltr'>lihro</span> <span class='ocrx_word' id='word_1_211' title='bbox 688 2243 870 2318; x_wconf 77' lang='lat' dir='ltr'>defenderat,</span> <span class='ocrx_word' id='word_1_212' title='bbox 899 2253 932 2306; x_wconf 91' lang='lat' dir='ltr'>ut</span> <span class='ocrx_word' id='word_1_213' title='bbox 958 2245 1015 2306; x_wconf 86' lang='lat' dir='ltr'>iam</span> <span class='ocrx_word' id='word_1_214' title='bbox 1044 2244 1129 2304; x_wconf 88' lang='lat' dir='ltr'>video</span> <span class='ocrx_word' id='word_1_215' title='bbox 1152 2261 1291 2322; x_wconf 86' lang='lat' dir='ltr'>magnum</span> 
     </span>
     <span class='ocr_line' id='line_1_23' title="bbox 11 2319 1292 2407; baseline 0.009 -30"><span class='ocrx_word' id='word_1_216' title='bbox 11 2365 15 2406; x_wconf 65' lang='grc' dir='ltr'>Ι</span> <span class='ocrx_word' id='word_1_217' title='bbox 63 2319 171 2392; x_wconf 86' lang='lat' dir='ltr'>viram,</span> <span class='ocrx_word' id='word_1_218' title='bbox 194 2335 282 2398; x_wconf 86' lang='lat' dir='ltr'>quem</span> <span class='ocrx_word' id='word_1_219' title='bbox 303 2323 428 2384; x_wconf 91' lang='lat' dir='ltr'>honoris</span> <span class='ocrx_word' id='word_1_220' title='bbox 450 2341 538 2385; x_wconf 87' lang='lat' dir='ltr'>cansa</span> <span class='ocrx_word' id='word_1_221' title='bbox 560 2343 708 2406; x_wconf 86' lang='lat' dir='ltr'>nonenpo,</span> <span class='ocrx_word' id='word_1_222' title='bbox 736 2329 851 2390; x_wconf 78' lang='lat' dir='ltr'>lustaun</span> <span class='ocrx_word' id='word_1_223' title='bbox 872 2328 1070 2407; x_wconf 86' lang='lat' dir='ltr'>Henningium</span> <span class='ocrx_word' id='word_1_224' title='bbox 1091 2328 1292 2390; x_wconf 86' lang='lat' dir='ltr'>Boehmerum</span> 
     </span>
     <span class='ocr_line' id='line_1_24' title="bbox 13 2403 1291 2492; baseline 0.008 -31"><span class='ocrx_word' id='word_1_225' title='bbox 13 2451 16 2486; x_wconf 64' lang='grc'>,</span> <span class='ocrx_word' id='word_1_226' title='bbox 64 2411 151 2463; x_wconf 86' lang='lat' dir='ltr'>acute</span> <span class='ocrx_word' id='word_1_227' title='bbox 185 2403 363 2465; x_wconf 65' lang='lat' dir='ltr'>monuisset.</span> <span class='ocrx_word' id='word_1_228' title='bbox 422 2407 475 2468; x_wconf 89' lang='lat' dir='ltr'>Ubi</span> <span class='ocrx_word' id='word_1_229' title='bbox 511 2427 578 2470; x_wconf 84' lang='lat' dir='ltr'>nrm</span> <span class='ocrx_word' id='word_1_230' title='bbox 606 2429 702 2490; x_wconf 90' lang='lat' dir='ltr'>neque</span> <span class='ocrx_word' id='word_1_231' title='bbox 736 2413 939 2475; x_wconf 78' lang='lat' dir='ltr'>sacerdotibus</span> <span class='ocrx_word' id='word_1_232' title='bbox 967 2415 1000 2474; x_wconf 87' lang='lat' dir='ltr'>v.</span> <span class='ocrx_word' id='word_1_233' title='bbox 1023 2413 1058 2472; x_wconf 87' lang='grc' dir='ltr'>Τ.</span> <span class='ocrx_word' id='word_1_234' title='bbox 1085 2429 1180 2492; x_wconf 82' lang='lat' dir='ltr'>neque</span> <span class='ocrx_word' id='word_1_235' title='bbox 1208 2411 1291 2472; x_wconf 87' lang='lat' dir='ltr'>ebri-</span> 
     </span>
     <span class='ocr_line' id='line_1_25' title="bbox 63 2486 1290 2575; baseline 0.005 -27"><span class='ocrx_word' id='word_1_236' title='bbox 63 2486 180 2548; x_wconf 88' lang='lat' dir='ltr'>stianae</span> <span class='ocrx_word' id='word_1_237' title='bbox 200 2487 350 2550; x_wconf 79' lang='lat' dir='ltr'>lloelesiae</span> <span class='ocrx_word' id='word_1_238' title='bbox 379 2492 583 2554; x_wconf 83' lang='lat' dir='ltr'>sacerdotibus</span> <span class='ocrx_word' id='word_1_239' title='bbox 612 2496 751 2574; x_wconf 88' lang='lat' dir='ltr'>repetitas</span> <span class='ocrx_word' id='word_1_240' title='bbox 779 2498 944 2575; x_wconf 85' lang='lat' dir='ltr'>permissas</span> <span class='ocrx_word' id='word_1_241' title='bbox 973 2513 1041 2557; x_wconf 84' lang='lat' dir='ltr'>esse</span> <span class='ocrx_word' id='word_1_242' title='bbox 1072 2497 1190 2574; x_wconf 83' lang='lat' dir='ltr'>nuptias</span> <span class='ocrx_word' id='word_1_243' title='bbox 1214 2495 1290 2555; x_wconf 81' lang='lat' dir='ltr'>Ter-</span> 
     </span>
     <span class='ocr_line' id='line_1_26' title="bbox 11 2569 1296 2658; baseline 0.007 -29"><span class='ocrx_word' id='word_1_244' title='bbox 11 2601 14 2618; x_wconf 70' lang='lat'>,</span> <span class='ocrx_word' id='word_1_245' title='bbox 64 2569 205 2631; x_wconf 84' lang='lat' dir='ltr'>tullianus</span> <span class='ocrx_word' id='word_1_246' title='bbox 227 2571 361 2645; x_wconf 81' lang='lat' dir='ltr'>dixisset,</span> <span class='ocrx_word' id='word_1_247' title='bbox 384 2591 479 2654; x_wconf 75' lang='lat' dir='ltr'>neum</span> <span class='ocrx_word' id='word_1_248' title='bbox 501 2577 565 2638; x_wconf 89' lang='lat' dir='ltr'>illas</span> <span class='ocrx_word' id='word_1_249' title='bbox 588 2577 629 2638; x_wconf 88' lang='lat' dir='ltr'>ait</span> <span class='ocrx_word' id='word_1_250' title='bbox 650 2578 761 2658; x_wconf 82' lang='lat' dir='ltr'>suscipi</span> <span class='ocrx_word' id='word_1_251' title='bbox 784 2599 804 2641; x_wconf 89' lang='lat' dir='ltr'>a</span> <span class='ocrx_word' id='word_1_252' title='bbox 832 2581 914 2642; x_wconf 86' lang='lat' dir='ltr'>laieis</span> <span class='ocrx_word' id='word_1_253' title='bbox 942 2580 1067 2650; x_wconf 87' lang='lat' dir='ltr'>dehere,</span> <span class='ocrx_word' id='word_1_254' title='bbox 1095 2578 1234 2657; x_wconf 84' lang='lat' dir='ltr'>quoniam</span> <span class='ocrx_word' id='word_1_255' title='bbox 1263 2587 1296 2639; x_wconf 88' lang='lat' dir='ltr'>et</span> 
     </span>
     <span class='ocr_line' id='line_1_27' title="bbox 11 2651 1295 2743; baseline 0.006 -30"><span class='ocrx_word' id='word_1_256' title='bbox 11 2651 13 2730; x_wconf 62' lang='lat' dir='ltr'>i</span> <span class='ocrx_word' id='word_1_257' title='bbox 63 2654 124 2733; x_wconf 85' lang='lat' dir='ltr'>ipsi</span> <span class='ocrx_word' id='word_1_258' title='bbox 147 2654 318 2716; x_wconf 73' lang='lat' dir='ltr'>sacerdotes</span> <span class='ocrx_word' id='word_1_259' title='bbox 340 2675 356 2716; x_wconf 93' lang='lat' dir='ltr'>a</span> <span class='ocrx_word' id='word_1_260' title='bbox 378 2657 497 2720; x_wconf 80' lang='lat' dir='ltr'>Christo</span> <span class='ocrx_word' id='word_1_261' title='bbox 519 2661 673 2722; x_wconf 86' lang='lat' dir='ltr'>eonstituti</span> <span class='ocrx_word' id='word_1_262' title='bbox 694 2663 836 2736; x_wconf 87' lang='lat' dir='ltr'>luissent,</span> <span class='ocrx_word' id='word_1_263' title='bbox 858 2681 949 2743; x_wconf 90' lang='lat' dir='ltr'>qnare</span> <span class='ocrx_word' id='word_1_264' title='bbox 970 2663 1011 2723; x_wconf 94' lang='lat' dir='ltr'>illi</span> <span class='ocrx_word' id='word_1_265' title='bbox 1033 2663 1120 2723; x_wconf 89' lang='lat' dir='ltr'>etiam</span> <span class='ocrx_word' id='word_1_266' title='bbox 1143 2663 1295 2743; x_wconf 74' lang='lat' dir='ltr'>offerenda·</span> 
     </span>
     <span class='ocr_line' id='line_1_28' title="bbox 12 2739 1292 2822; baseline 0.005 -24"><span class='ocrx_word' id='word_1_267' title='bbox 12 2809 13 2814; x_wconf 8' lang='grc' dir='ltr'>γ</span> <span class='ocrx_word' id='word_1_268' title='bbox 62 2739 255 2819; x_wconf 78' lang='lat' dir='ltr'>ta‘npendipue</span> <span class='ocrx_word' id='word_1_269' title='bbox 276 2739 419 2803; x_wconf 84' lang='lat' dir='ltr'>baberent</span> <span class='ocrx_word' id='word_1_270' title='bbox 436 2755 617 2822; x_wconf 80' lang='lat' dir='ltr'>potestatem</span> <span class='ocrx_word' id='word_1_271' title='bbox 639 2757 669 2809; x_wconf 80' lang='lat' dir='ltr'>et</span> <span class='ocrx_word' id='word_1_272' title='bbox 689 2749 859 2809; x_wconf 80' lang='lat' dir='ltr'>sacerdotes</span> <span class='ocrx_word' id='word_1_273' title='bbox 892 2749 951 2809; x_wconf 84' lang='lat' dir='ltr'>sibi</span> <span class='ocrx_word' id='word_1_274' title='bbox 969 2745 1031 2808; x_wconf 86' lang='lat' dir='ltr'>aola&#39;</span> <span class='ocrx_word' id='word_1_275' title='bbox 1050 2755 1159 2807; x_wconf 81' lang='lat' dir='ltr'>essent.</span> <span class='ocrx_word' id='word_1_276' title='bbox 1204 2745 1292 2815; x_wconf 84' lang='lat' dir='ltr'>Onod</span> 
     </span>
     <span class='ocr_line' id='line_1_29' title="bbox 12 2821 1297 2899; baseline 0.003 -16"><span class='ocrx_word' id='word_1_277' title='bbox 12 2821 13 2828; x_wconf 73' lang='grc'>’</span> <span class='ocrx_word' id='word_1_278' title='bbox 62 2821 185 2883; x_wconf 85' lang='lat' dir='ltr'>tametsi</span> <span class='ocrx_word' id='word_1_279' title='bbox 214 2839 275 2883; x_wconf 91' lang='lat' dir='ltr'>uon</span> <span class='ocrx_word' id='word_1_280' title='bbox 307 2823 469 2886; x_wconf 84' lang='lat' dir='ltr'>dieatlleri</span> <span class='ocrx_word' id='word_1_281' title='bbox 497 2827 616 2899; x_wconf 89' lang='lat' dir='ltr'>dehere,</span> <span class='ocrx_word' id='word_1_282' title='bbox 646 2829 703 2890; x_wconf 85' lang='lat' dir='ltr'>nisi</span> <span class='ocrx_word' id='word_1_283' title='bbox 731 2831 785 2892; x_wconf 82' lang='lat' dir='ltr'>abi</span> <span class='ocrx_word' id='word_1_284' title='bbox 808 2849 871 2892; x_wconf 84' lang='lat' dir='ltr'>oon</span> <span class='ocrx_word' id='word_1_285' title='bbox 893 2835 934 2891; x_wconf 83' lang='lat' dir='ltr'>stt</span> <span class='ocrx_word' id='word_1_286' title='bbox 955 2829 1148 2890; x_wconf 77' lang='lat' dir='ltr'>ecelesiastici</span> <span class='ocrx_word' id='word_1_287' title='bbox 1174 2829 1297 2889; x_wconf 77' lang='lat' dir='ltr'>ordinis·</span> 
     </span>
     <span class='ocr_line' id='line_1_30' title="bbox 12 2905 1291 2992; baseline 0.004 -26"><span class='ocrx_word' id='word_1_288' title='bbox 12 2905 15 2978; x_wconf 64' lang='grc' dir='ltr'>ζ</span> <span class='ocrx_word' id='word_1_289' title='bbox 64 2923 242 2978; x_wconf 75' lang='lat' dir='ltr'>conserens,</span> <span class='ocrx_word' id='word_1_290' title='bbox 265 2918 364 2968; x_wconf 77' lang='lat' dir='ltr'>nmen</span> <span class='ocrx_word' id='word_1_291' title='bbox 385 2926 481 2987; x_wconf 88' lang='lat' dir='ltr'>neque</span> <span class='ocrx_word' id='word_1_292' title='bbox 503 2911 685 2972; x_wconf 91' lang='lat' dir='ltr'>mentionem</span> <span class='ocrx_word' id='word_1_293' title='bbox 713 2913 896 2974; x_wconf 77' lang='lat' dir='ltr'>auctoritatis</span> <span class='ocrx_word' id='word_1_294' title='bbox 926 2912 1135 2991; x_wconf 83' lang='lat' dir='ltr'>episcoporum</span> <span class='ocrx_word' id='word_1_295' title='bbox 1164 2910 1209 2970; x_wconf 85' lang='lat' dir='ltr'>vel</span> <span class='ocrx_word' id='word_1_296' title='bbox 1238 2927 1291 2992; x_wconf 62' lang='lat' dir='ltr'>oe,-</span> 
     </span>
     <span class='ocr_line' id='line_1_31' title="bbox 12 2983 1291 3072; baseline 0.002 -22"><span class='ocrx_word' id='word_1_297' title='bbox 12 2983 13 3070; x_wconf 74' lang='lat'><em>]</em></span> <span class='ocrx_word' id='word_1_298' title='bbox 63 2999 200 3050; x_wconf 80' lang='lat' dir='ltr'>tororum</span> <span class='ocrx_word' id='word_1_299' title='bbox 228 2990 386 3053; x_wconf 82' lang='lat' dir='ltr'>doctorum</span> <span class='ocrx_word' id='word_1_300' title='bbox 414 2993 598 3070; x_wconf 82' lang='lat' dir='ltr'>publicorum</span> <span class='ocrx_word' id='word_1_301' title='bbox 626 2994 729 3068; x_wconf 86' lang='lat' dir='ltr'>iniioit,</span> <span class='ocrx_word' id='word_1_302' title='bbox 766 3003 799 3058; x_wconf 91' lang='grc' dir='ltr'>ιιι</span> <span class='ocrx_word' id='word_1_303' title='bbox 824 2997 858 3058; x_wconf 88' lang='lat' dir='ltr'>lit</span> <span class='ocrx_word' id='word_1_304' title='bbox 887 2997 1046 3056; x_wconf 85' lang='lat' dir='ltr'>innostro</span> <span class='ocrx_word' id='word_1_305' title='bbox 1069 2993 1156 3066; x_wconf 91' lang='lat' dir='ltr'>libro,</span> <span class='ocrx_word' id='word_1_306' title='bbox 1193 3011 1291 3072; x_wconf 89' lang='lat' dir='ltr'>neque</span> 
     </span>
     <span class='ocr_line' id='line_1_32' title="bbox 61 3073 1293 3158; baseline 0.002 -24"><span class='ocrx_word' id='word_1_307' title='bbox 61 3075 142 3134; x_wconf 87' lang='lat' dir='ltr'>hane</span> <span class='ocrx_word' id='word_1_308' title='bbox 179 3073 323 3134; x_wconf 88' lang='lat' dir='ltr'>laieorum</span> <span class='ocrx_word' id='word_1_309' title='bbox 354 3083 533 3154; x_wconf 89' lang='lat' dir='ltr'>potestatem</span> <span class='ocrx_word' id='word_1_310' title='bbox 566 3097 602 3138; x_wconf 82' lang='lat' dir='ltr'>ex</span> <span class='ocrx_word' id='word_1_311' title='bbox 638 3080 804 3140; x_wconf 84' lang='lat' dir='ltr'>ollielorum</span> <span class='ocrx_word' id='word_1_312' title='bbox 848 3079 980 3158; x_wconf 88' lang='lat' dir='ltr'>iurisque</span> <span class='ocrx_word' id='word_1_313' title='bbox 1010 3076 1222 3150; x_wconf 86' lang='lat' dir='ltr'>vieiesitudine,</span> <span class='ocrx_word' id='word_1_314' title='bbox 1259 3086 1293 3138; x_wconf 90' lang='grc' dir='ltr'>ιιι</span> 
     </span>
     <span class='ocr_line' id='line_1_33' title="bbox 58 3157 1291 3242; baseline 0.002 -23.928"><span class='ocrx_word' id='word_1_315' title='bbox 58 3157 141 3230; x_wconf 57' lang='lat' dir='ltr'>hiet,</span> <span class='ocrx_word' id='word_1_316' title='bbox 163 3157 290 3229; x_wconf 88' lang='lat' dir='ltr'>dedueit,</span> <span class='ocrx_word' id='word_1_317' title='bbox 314 3159 367 3219; x_wconf 89' lang='lat' dir='ltr'>sed</span> <span class='ocrx_word' id='word_1_318' title='bbox 389 3159 476 3238; x_wconf 90' lang='lat' dir='ltr'>plane</span> <span class='ocrx_word' id='word_1_319' title='bbox 498 3179 534 3222; x_wconf 81' lang='lat' dir='ltr'>ex</span> <span class='ocrx_word' id='word_1_320' title='bbox 554 3163 678 3242; x_wconf 77' lang='lat' dir='ltr'>mystico</span> <span class='ocrx_word' id='word_1_321' title='bbox 700 3163 832 3225; x_wconf 80' lang='lat' dir='ltr'>oninium</span> <span class='ocrx_word' id='word_1_322' title='bbox 849 3162 1082 3225; x_wconf 82' lang='lat' dir='ltr'>Christianorum</span> <span class='ocrx_word' id='word_1_323' title='bbox 1106 3161 1291 3234; x_wconf 85' lang='lat' dir='ltr'>saeerdotlo;</span> 
     </span>
     <span class='ocr_line' id='line_1_34' title="bbox 12 3242 1292 3332; baseline 0.004 -31"><span class='ocrx_word' id='word_1_324' title='bbox 12 3311 13 3332; x_wconf 13' lang='grc' dir='ltr'>χ</span> <span class='ocrx_word' id='word_1_325' title='bbox 61 3242 145 3302; x_wconf 90' lang='lat' dir='ltr'>unde</span> <span class='ocrx_word' id='word_1_326' title='bbox 166 3258 282 3319; x_wconf 89' lang='lat' dir='ltr'>magna,</span> <span class='ocrx_word' id='word_1_327' title='bbox 304 3242 335 3302; x_wconf 93' lang='lat' dir='ltr'>ni</span> <span class='ocrx_word' id='word_1_328' title='bbox 356 3243 451 3317; x_wconf 79' lang='lat' dir='ltr'>tollor,</span> <span class='ocrx_word' id='word_1_329' title='bbox 485 3245 552 3306; x_wconf 90' lang='lat' dir='ltr'>dnoi</span> <span class='ocrx_word' id='word_1_330' title='bbox 584 3246 716 3326; x_wconf 87' lang='lat' dir='ltr'>suspioio</span> <span class='ocrx_word' id='word_1_331' title='bbox 744 3255 853 3326; x_wconf 83' lang='lat' dir='ltr'>potest,</span> <span class='ocrx_word' id='word_1_332' title='bbox 891 3247 976 3308; x_wconf 84' lang='lat' dir='ltr'>aliam</span> <span class='ocrx_word' id='word_1_333' title='bbox 999 3245 1085 3324; x_wconf 85' lang='lat' dir='ltr'>plane</span> <span class='ocrx_word' id='word_1_334' title='bbox 1107 3245 1292 3324; x_wconf 82' lang='lat' dir='ltr'>disciplinam</span> 
     </span>
     <span class='ocr_line' id='line_1_35' title="bbox 62 3325 1291 3401; baseline 0.002 -15"><span class='ocrx_word' id='word_1_335' title='bbox 62 3325 249 3396; x_wconf 81' lang='lat' dir='ltr'>Terttdliani,</span> <span class='ocrx_word' id='word_1_336' title='bbox 283 3325 440 3389; x_wconf 76' lang='lat' dir='ltr'>sumentis</span> <span class='ocrx_word' id='word_1_337' title='bbox 469 3330 525 3391; x_wconf 89' lang='lat' dir='ltr'>hos</span> <span class='ocrx_word' id='word_1_338' title='bbox 553 3331 705 3392; x_wconf 85' lang='lat' dir='ltr'>enorihus</span> <span class='ocrx_word' id='word_1_339' title='bbox 733 3332 863 3393; x_wconf 80' lang='lat' dir='ltr'>Montani</span> <span class='ocrx_word' id='word_1_340' title='bbox 896 3331 1021 3392; x_wconf 87' lang='lat' dir='ltr'>inlectos</span> <span class='ocrx_word' id='word_1_341' title='bbox 1057 3327 1160 3401; x_wconf 90' lang='lat' dir='ltr'>libros,</span> <span class='ocrx_word' id='word_1_342' title='bbox 1197 3329 1291 3390; x_wconf 88' lang='lat' dir='ltr'>luisse</span> 
     </span>
     <span class='ocr_line' id='line_1_36' title="bbox 61 3409 1293 3492; baseline 0.002 -22"><span class='ocrx_word' id='word_1_343' title='bbox 61 3427 153 3490; x_wconf 91' lang='lat' dir='ltr'>quam</span> <span class='ocrx_word' id='word_1_344' title='bbox 177 3409 252 3479; x_wconf 87' lang='lat' dir='ltr'>eius,</span> <span class='ocrx_word' id='word_1_345' title='bbox 275 3427 341 3470; x_wconf 86' lang='lat' dir='ltr'>eum</span> <span class='ocrx_word' id='word_1_346' title='bbox 368 3411 498 3474; x_wconf 88' lang='lat' dir='ltr'>animum</span> <span class='ocrx_word' id='word_1_347' title='bbox 525 3415 562 3475; x_wconf 91' lang='lat' dir='ltr'>ad</span> <span class='ocrx_word' id='word_1_348' title='bbox 590 3424 726 3476; x_wconf 87' lang='lat' dir='ltr'>nostrum</span> <span class='ocrx_word' id='word_1_349' title='bbox 753 3415 944 3476; x_wconf 88' lang='lat' dir='ltr'>scribendum</span> <span class='ocrx_word' id='word_1_350' title='bbox 974 3413 1155 3492; x_wconf 82' lang='lat' dir='ltr'>adiungeret.</span> <span class='ocrx_word' id='word_1_351' title='bbox 1198 3413 1293 3492; x_wconf 80' lang='lat' dir='ltr'>litque</span> 
     </span>
     <span class='ocr_line' id='line_1_37' title="bbox 12 3493 1291 3588; baseline 0.002 -32"><span class='ocrx_word' id='word_1_352' title='bbox 12 3501 13 3588; x_wconf 9' lang='grc' dir='ltr'>ἐ</span> <span class='ocrx_word' id='word_1_353' title='bbox 62 3505 100 3556; x_wconf 87' lang='grc' dir='ltr'>ιιι</span> <span class='ocrx_word' id='word_1_354' title='bbox 120 3493 192 3556; x_wconf 78' lang='lat' dir='ltr'>ilud</span> <span class='ocrx_word' id='word_1_355' title='bbox 212 3494 306 3571; x_wconf 89' lang='lat' dir='ltr'>magis</span> <span class='ocrx_word' id='word_1_356' title='bbox 328 3497 510 3571; x_wconf 74' lang='lat' dir='ltr'>mammem,</span> <span class='ocrx_word' id='word_1_357' title='bbox 535 3515 701 3578; x_wconf 88' lang='lat' dir='ltr'>proponam</span> <span class='ocrx_word' id='word_1_358' title='bbox 728 3500 778 3560; x_wconf 89' lang='lat' dir='ltr'>hie</span> <span class='ocrx_word' id='word_1_359' title='bbox 801 3501 927 3580; x_wconf 88' lang='lat' dir='ltr'>aliquam</span> <span class='ocrx_word' id='word_1_360' title='bbox 959 3498 1158 3559; x_wconf 83' lang='lat' dir='ltr'>oonieemram</span> <span class='ocrx_word' id='word_1_361' title='bbox 1184 3511 1291 3568; x_wconf 81' lang='lat' dir='ltr'>menan,</span> 
     </span>
     <span class='ocr_line' id='line_1_38' title="bbox 12 3577 1299 3664; baseline 0 -25"><span class='ocrx_word' id='word_1_362' title='bbox 12 3643 13 3662; x_wconf 13' lang='grc' dir='ltr'>χ</span> <span class='ocrx_word' id='word_1_363' title='bbox 61 3595 126 3640; x_wconf 92' lang='lat' dir='ltr'>non</span> <span class='ocrx_word' id='word_1_364' title='bbox 150 3577 235 3656; x_wconf 88' lang='lat' dir='ltr'>quasi</span> <span class='ocrx_word' id='word_1_365' title='bbox 256 3577 322 3656; x_wconf 90' lang='lat' dir='ltr'>ipse</span> <span class='ocrx_word' id='word_1_366' title='bbox 343 3597 392 3640; x_wconf 92' lang='lat' dir='ltr'>me</span> <span class='ocrx_word' id='word_1_367' title='bbox 412 3591 547 3660; x_wconf 89' lang='lat' dir='ltr'>putarem</span> <span class='ocrx_word' id='word_1_368' title='bbox 569 3601 670 3644; x_wconf 84' lang='lat' dir='ltr'>errare</span> <span class='ocrx_word' id='word_1_369' title='bbox 697 3584 728 3644; x_wconf 92' lang='lat' dir='ltr'>in</span> <span class='ocrx_word' id='word_1_370' title='bbox 760 3603 795 3644; x_wconf 87' lang='lat' dir='ltr'>ea</span> <span class='ocrx_word' id='word_1_371' title='bbox 821 3601 882 3645; x_wconf 94' lang='lat' dir='ltr'>non</span> <span class='ocrx_word' id='word_1_372' title='bbox 909 3601 1011 3664; x_wconf 88' lang='lat' dir='ltr'>posse,</span> <span class='ocrx_word' id='word_1_373' title='bbox 1041 3581 1093 3644; x_wconf 87' lang='lat' dir='ltr'>sed</span> <span class='ocrx_word' id='word_1_374' title='bbox 1115 3589 1148 3642; x_wconf 91' lang='lat' dir='ltr'>ut</span> <span class='ocrx_word' id='word_1_375' title='bbox 1169 3581 1299 3640; x_wconf 72' lang='lat' dir='ltr'>oderam·</span> 
     </span>
     <span class='ocr_line' id='line_1_39' title="bbox 12 3661 1292 3746; baseline 0 -23"><span class='ocrx_word' id='word_1_376' title='bbox 12 3671 13 3676; x_wconf 76' lang='grc'>’</span> <span class='ocrx_word' id='word_1_377' title='bbox 60 3663 112 3733; x_wconf 89' lang='lat' dir='ltr'>iis,</span> <span class='ocrx_word' id='word_1_378' title='bbox 135 3679 261 3740; x_wconf 89' lang='lat' dir='ltr'>qnorum</span> <span class='ocrx_word' id='word_1_379' title='bbox 293 3661 350 3723; x_wconf 86' lang='lat' dir='ltr'>hae</span> <span class='ocrx_word' id='word_1_380' title='bbox 377 3665 414 3725; x_wconf 87' lang='lat' dir='ltr'>de</span> <span class='ocrx_word' id='word_1_381' title='bbox 441 3683 474 3726; x_wconf 89' lang='lat' dir='ltr'>re</span> <span class='ocrx_word' id='word_1_382' title='bbox 501 3675 602 3745; x_wconf 86' lang='lat' dir='ltr'>potest</span> <span class='ocrx_word' id='word_1_383' title='bbox 629 3685 696 3728; x_wconf 87' lang='lat' dir='ltr'>esse</span> <span class='ocrx_word' id='word_1_384' title='bbox 723 3667 880 3739; x_wconf 87' lang='lat' dir='ltr'>iudicium,</span> <span class='ocrx_word' id='word_1_385' title='bbox 910 3667 989 3746; x_wconf 89' lang='lat' dir='ltr'>quod</span> <span class='ocrx_word' id='word_1_386' title='bbox 1018 3665 1134 3725; x_wconf 83' lang='lat' dir='ltr'>videant</span> <span class='ocrx_word' id='word_1_387' title='bbox 1159 3664 1292 3724; x_wconf 79' lang='lat' dir='ltr'>valeame</span> 
     </span>
     <span class='ocr_line' id='line_1_40' title="bbox 13 3745 1291 3830; baseline -0.001 -24"><span class='ocrx_word' id='word_1_388' title='bbox 13 3811 14 3816; x_wconf 8' lang='grc' dir='ltr'>γ</span> <span class='ocrx_word' id='word_1_389' title='bbox 61 3745 224 3826; x_wconf 86' lang='lat' dir='ltr'>quidquam</span> <span class='ocrx_word' id='word_1_390' title='bbox 247 3745 282 3805; x_wconf 91' lang='lat' dir='ltr'>ad</span> <span class='ocrx_word' id='word_1_391' title='bbox 305 3764 422 3810; x_wconf 86' lang='lat' dir='ltr'>eausam</span> <span class='ocrx_word' id='word_1_392' title='bbox 445 3759 579 3810; x_wconf 88' lang='lat' dir='ltr'>nostram</span> <span class='ocrx_word' id='word_1_393' title='bbox 601 3750 673 3812; x_wconf 81' lang='lat' dir='ltr'>airis</span> <span class='ocrx_word' id='word_1_394' title='bbox 695 3751 790 3812; x_wconf 84' lang='lat' dir='ltr'>doctis</span> <span class='ocrx_word' id='word_1_395' title='bbox 811 3749 1004 3830; x_wconf 87' lang='lat' dir='ltr'>probandam.</span> <span class='ocrx_word' id='word_1_396' title='bbox 1053 3747 1166 3826; x_wconf 86' lang='lat' dir='ltr'>Nempe</span> <span class='ocrx_word' id='word_1_397' title='bbox 1187 3765 1212 3806; x_wconf 80' lang='lat' dir='ltr'>e</span> <span class='ocrx_word' id='word_1_398' title='bbox 1241 3748 1291 3807; x_wconf 87' lang='lat'>17.</span> 
     </span>
     <span class='ocr_line' id='line_1_41' title="bbox 13 3828 1298 3912; baseline -0.002 -20"><span class='ocrx_word' id='word_1_399' title='bbox 13 3839 14 3844; x_wconf 77' lang='grc'>’</span> <span class='ocrx_word' id='word_1_400' title='bbox 63 3831 133 3892; x_wconf 91' lang='lat' dir='ltr'>libri</span> <span class='ocrx_word' id='word_1_401' title='bbox 161 3828 256 3889; x_wconf 89' lang='lat' dir='ltr'>nostri</span> <span class='ocrx_word' id='word_1_402' title='bbox 283 3831 416 3893; x_wconf 81' lang='lat' dir='ltr'>confutat</span> <span class='ocrx_word' id='word_1_403' title='bbox 438 3833 610 3894; x_wconf 81' lang='lat' dir='ltr'>Tertulliani</span> <span class='ocrx_word' id='word_1_404' title='bbox 638 3843 843 3912; x_wconf 85' lang='lat' dir='ltr'>argumentum</span> <span class='ocrx_word' id='word_1_405' title='bbox 865 3833 951 3902; x_wconf 89' lang='lat' dir='ltr'>illud,</span> <span class='ocrx_word' id='word_1_406' title='bbox 989 3830 1079 3910; x_wconf 78' lang='lat' dir='ltr'>quod,</span> <span class='ocrx_word' id='word_1_407' title='bbox 1116 3828 1298 3907; x_wconf 79' lang='lat' dir='ltr'>quibusnam</span> 
     </span>
     <span class='ocr_line' id='line_1_42' title="bbox 64 3911 1295 3996; baseline -0.001 -24"><span class='ocrx_word' id='word_1_408' title='bbox 64 3912 249 3994; x_wconf 87' lang='lat' dir='ltr'>pugnabunt,</span> <span class='ocrx_word' id='word_1_409' title='bbox 281 3915 419 3977; x_wconf 87' lang='lat' dir='ltr'>homines</span> <span class='ocrx_word' id='word_1_410' title='bbox 456 3915 592 3978; x_wconf 88' lang='lat' dir='ltr'>solebant</span> <span class='ocrx_word' id='word_1_411' title='bbox 625 3934 661 3978; x_wconf 81' lang='lat' dir='ltr'>ex</span> <span class='ocrx_word' id='word_1_412' title='bbox 688 3917 760 3978; x_wconf 90' lang='lat' dir='ltr'>aetis</span> <span class='ocrx_word' id='word_1_413' title='bbox 788 3916 964 3996; x_wconf 70' lang='lat' dir='ltr'>quibusdam</span> <span class='ocrx_word' id='word_1_414' title='bbox 985 3911 1069 3975; x_wconf 85' lang='lat' dir='ltr'>Pauli</span> <span class='ocrx_word' id='word_1_415' title='bbox 1094 3929 1224 3985; x_wconf 89' lang='lat' dir='ltr'>sumere,</span> <span class='ocrx_word' id='word_1_416' title='bbox 1259 3918 1295 3972; x_wconf 88' lang='grc' dir='ltr'>ιιι</span> 
     </span>
     <span class='ocr_line' id='line_1_43' title="bbox 65 3994 1297 4080; baseline -0.002 -21"><span class='ocrx_word' id='word_1_417' title='bbox 65 3996 184 4059; x_wconf 87' lang='lat' dir='ltr'>leminis</span> <span class='ocrx_word' id='word_1_418' title='bbox 207 4005 385 4075; x_wconf 84' lang='lat' dir='ltr'>potestatem</span> <span class='ocrx_word' id='word_1_419' title='bbox 407 4001 523 4080; x_wconf 91' lang='lat' dir='ltr'>publioe</span> <span class='ocrx_word' id='word_1_420' title='bbox 545 4000 670 4062; x_wconf 86' lang='lat' dir='ltr'>docendi</span> <span class='ocrx_word' id='word_1_421' title='bbox 692 4000 882 4062; x_wconf 79' lang='lat' dir='ltr'>vindicarent.</span> <span class='ocrx_word' id='word_1_422' title='bbox 925 3999 1006 4062; x_wconf 87' lang='lat' dir='ltr'>liaeo</span> <span class='ocrx_word' id='word_1_423' title='bbox 1034 4013 1089 4074; x_wconf 90' lang='lat' dir='ltr'>ego</span> <span class='ocrx_word' id='word_1_424' title='bbox 1118 3994 1201 4056; x_wconf 86' lang='lat' dir='ltr'>Pauli</span> <span class='ocrx_word' id='word_1_425' title='bbox 1228 4001 1297 4056; x_wconf 80' lang='lat' dir='ltr'>aeta</span> 
     </span>
     <span class='ocr_line' id='line_1_44' title="bbox 13 4079 1291 4164; baseline -0.003 -22"><span class='ocrx_word' id='word_1_426' title='bbox 13 4153 14 4162; x_wconf 8' lang='grc' dir='ltr'>ἵ</span> <span class='ocrx_word' id='word_1_427' title='bbox 65 4083 92 4142; x_wconf 89' lang='lat' dir='ltr'>si</span> <span class='ocrx_word' id='word_1_428' title='bbox 114 4097 259 4160; x_wconf 85' lang='lat' dir='ltr'>quaenam</span> <span class='ocrx_word' id='word_1_429' title='bbox 286 4084 397 4144; x_wconf 86' lang='lat' dir='ltr'>luerint</span> <span class='ocrx_word' id='word_1_430' title='bbox 424 4103 570 4164; x_wconf 82' lang='lat' dir='ltr'>quemque</span> <span class='ocrx_word' id='word_1_431' title='bbox 599 4092 749 4146; x_wconf 79' lang='lat' dir='ltr'>auctorem</span> <span class='ocrx_word' id='word_1_432' title='bbox 770 4082 937 4156; x_wconf 86' lang='lat' dir='ltr'>habuerint,</span> <span class='ocrx_word' id='word_1_433' title='bbox 967 4079 1127 4142; x_wconf 89' lang='lat' dir='ltr'>ostendere</span> <span class='ocrx_word' id='word_1_434' title='bbox 1153 4085 1291 4157; x_wconf 83' lang='lat' dir='ltr'>pomero,</span> 
     </span>
     <span class='ocr_line' id='line_1_45' title="bbox 13 4162 1293 4254; baseline -0.001 -29"><span class='ocrx_word' id='word_1_435' title='bbox 13 4175 14 4254; x_wconf 56' lang='lat' dir='ltr'>J</span> <span class='ocrx_word' id='word_1_436' title='bbox 66 4177 129 4226; x_wconf 88' lang='lat' dir='ltr'>tum</span> <span class='ocrx_word' id='word_1_437' title='bbox 162 4163 235 4226; x_wconf 90' lang='lat' dir='ltr'>mihi</span> <span class='ocrx_word' id='word_1_438' title='bbox 261 4167 379 4246; x_wconf 87' lang='lat' dir='ltr'>quidem</span> <span class='ocrx_word' id='word_1_439' title='bbox 407 4167 606 4231; x_wconf 82' lang='lat' dir='ltr'>Tertullianus</span> <span class='ocrx_word' id='word_1_440' title='bbox 636 4167 683 4228; x_wconf 84' lang='lat' dir='ltr'>vix</span> <span class='ocrx_word' id='word_1_441' title='bbox 709 4167 826 4230; x_wconf 83' lang='lat' dir='ltr'>ridetur</span> <span class='ocrx_word' id='word_1_442' title='bbox 853 4185 888 4230; x_wconf 89' lang='lat' dir='ltr'>ea</span> <span class='ocrx_word' id='word_1_443' title='bbox 915 4181 1058 4246; x_wconf 85' lang='lat' dir='ltr'>spernere</span> <span class='ocrx_word' id='word_1_444' title='bbox 1084 4162 1230 4241; x_wconf 80' lang='lat' dir='ltr'>pontisse,</span> <span class='ocrx_word' id='word_1_445' title='bbox 1264 4163 1293 4224; x_wconf 90' lang='lat' dir='ltr'>si</span> 
     </span>
    </p>
   </div>
   <div class='ocr_carea' id='block_1_3' title="bbox 13 4331 1293 4670">
    <p class='ocr_par' dir='ltr' id='par_1_3' title="bbox 64 4331 1292 4468">
     <span class='ocr_line' id='line_1_46' title="bbox 64 4331 1291 4396; baseline -0.002 -12"><span class='ocrx_word' id='word_1_446' title='bbox 64 4335 105 4384; x_wconf 76' lang='lat' dir='ltr'>nt.</span> <span class='ocrx_word' id='word_1_447' title='bbox 130 4334 187 4386; x_wconf 89' lang='lat' dir='ltr'>edit.</span> <span class='ocrx_word' id='word_1_448' title='bbox 206 4335 241 4387; x_wconf 93' lang='lat' dir='ltr'>lo.</span> <span class='ocrx_word' id='word_1_449' title='bbox 260 4337 397 4388; x_wconf 81' lang='lat' dir='ltr'>liertianaei</span> <span class='ocrx_word' id='word_1_450' title='bbox 416 4337 531 4389; x_wconf 78' lang='lat' dir='ltr'>Tomll.</span> <span class='ocrx_word' id='word_1_451' title='bbox 550 4337 613 4387; x_wconf 75' lang='grc' dir='ltr'>Ριιι.</span> <span class='ocrx_word' id='word_1_452' title='bbox 621 4337 651 4386; x_wconf 93' lang='grc' dir='ltr'>ΙΙ.</span> <span class='ocrx_word' id='word_1_453' title='bbox 738 4349 761 4385; x_wconf 90' lang='lat' dir='ltr'>n.</span> <span class='ocrx_word' id='word_1_454' title='bbox 782 4335 815 4386; x_wconf 80' lang='lat' dir='ltr'>lta</span> <span class='ocrx_word' id='word_1_455' title='bbox 834 4335 896 4385; x_wconf 88' lang='lat' dir='ltr'>euim</span> <span class='ocrx_word' id='word_1_456' title='bbox 916 4333 946 4383; x_wconf 89' lang='lat' dir='ltr'>de</span> <span class='ocrx_word' id='word_1_457' title='bbox 963 4332 1087 4396; x_wconf 78' lang='lat' dir='ltr'>baptismo</span> <span class='ocrx_word' id='word_1_458' title='bbox 1106 4346 1157 4395; x_wconf 84' lang='lat' dir='ltr'>cop.</span> <span class='ocrx_word' id='word_1_459' title='bbox 1169 4331 1218 4381; x_wconf 80' lang='lat' dir='ltr'>tn:</span> <span class='ocrx_word' id='word_1_460' title='bbox 1236 4333 1291 4382; x_wconf 82' lang='lat' dir='ltr'>lsi-</span> 
     </span>
     <span class='ocr_line' id='line_1_47' title="bbox 65 4400 1292 4468; baseline -0.003 -16"><span class='ocrx_word' id='word_1_461' title='bbox 65 4421 87 4468; x_wconf 88' lang='lat' dir='ltr'>p.</span> <span class='ocrx_word' id='word_1_462' title='bbox 107 4403 148 4452; x_wconf 79' lang='lat' dir='ltr'>db.</span> <span class='ocrx_word' id='word_1_463' title='bbox 705 4407 738 4453; x_wconf 83' lang='lat' dir='ltr'>eia</span> <span class='ocrx_word' id='word_1_464' title='bbox 762 4405 831 4454; x_wconf 79' lang='lat' dir='ltr'>etiem</span> <span class='ocrx_word' id='word_1_465' title='bbox 854 4404 892 4451; x_wconf 87' lang='grc' dir='ltr'>ιἰιι</span> <span class='ocrx_word' id='word_1_466' title='bbox 910 4407 944 4451; x_wconf 84' lang='lat' dir='ltr'>ert</span> <span class='ocrx_word' id='word_1_467' title='bbox 962 4401 1099 4465; x_wconf 74' lang='lat' dir='ltr'>baptismam</span> <span class='ocrx_word' id='word_1_468' title='bbox 1116 4400 1203 4456; x_wconf 71' lang='lat' dir='ltr'>dandis</span> <span class='ocrx_word' id='word_1_469' title='bbox 1229 4400 1292 4464; x_wconf 70' lang='lat' dir='ltr'>psol</span> 
     </span>
    </p>

    <p class='ocr_par' dir='ltr' id='par_1_4' title="bbox 13 4467 1293 4670">
     <span class='ocr_line' id='line_1_48' title="bbox 13 4467 1293 4556; baseline -0.004 -36"><span class='ocrx_word' id='word_1_470' title='bbox 13 4535 14 4552; x_wconf 14' lang='grc' dir='ltr'><strong>χ</strong></span> <span class='ocrx_word' id='word_1_471' title='bbox 98 4486 117 4519; x_wconf 85' lang='lat' dir='ltr'>s.</span> <span class='ocrx_word' id='word_1_472' title='bbox 145 4469 170 4519; x_wconf 79' lang='lat' dir='ltr'>l.</span> <span class='ocrx_word' id='word_1_473' title='bbox 190 4471 286 4521; x_wconf 82' lang='lat' dir='ltr'>Eusebii</span> <span class='ocrx_word' id='word_1_474' title='bbox 312 4472 372 4522; x_wconf 89' lang='lat' dir='ltr'>lllst.</span> <span class='ocrx_word' id='word_1_475' title='bbox 392 4472 584 4522; x_wconf 82' lang='lat' dir='ltr'>Ecclesiastieam</span> <span class='ocrx_word' id='word_1_476' title='bbox 610 4469 651 4521; x_wconf 89' lang='lat' dir='ltr'>lib.</span> <span class='ocrx_word' id='word_1_477' title='bbox 705 4472 764 4520; x_wconf 84' lang='lat' dir='ltr'>enirn</span> <span class='ocrx_word' id='word_1_478' title='bbox 790 4485 820 4519; x_wconf 79' lang='lat' dir='ltr'>ea</span> <span class='ocrx_word' id='word_1_479' title='bbox 843 4483 916 4534; x_wconf 79' lang='lat' dir='ltr'>nepae</span> <span class='ocrx_word' id='word_1_480' title='bbox 942 4469 1066 4556; x_wconf 65' lang='grc' dir='ltr'>ιιιιριιιιι,</span> <span class='ocrx_word' id='word_1_481' title='bbox 1096 4481 1125 4515; x_wconf 68' lang='lat' dir='ltr'>en</span> <span class='ocrx_word' id='word_1_482' title='bbox 1148 4481 1221 4548; x_wconf 73' lang='lat' dir='ltr'>oeque</span> <span class='ocrx_word' id='word_1_483' title='bbox 1240 4467 1293 4516; x_wconf 82' lang='lat' dir='ltr'>deri</span> 
     </span>
     <span class='ocr_line' id='line_1_49' title="bbox 63 4537 927 4670; baseline 0 -16"><span class='ocrx_word' id='word_1_484' title='bbox 63 4537 88 4586; x_wconf 41' lang='lat' dir='ltr'>v·</span> <span class='ocrx_word' id='word_1_485' title='bbox 99 4537 197 4656; x_wconf 42' lang='lat' dir='ltr'>‘enisu</span> <span class='ocrx_word' id='word_1_486' title='bbox 207 4607 245 4656; x_wconf 91' lang='lat' dir='ltr'>lll.</span> <span class='ocrx_word' id='word_1_487' title='bbox 258 4607 320 4656; x_wconf 89' lang='lat' dir='ltr'>loris</span> <span class='ocrx_word' id='word_1_488' title='bbox 334 4606 472 4658; x_wconf 75' lang='lat' dir='ltr'>deoleeieet.</span> <span class='ocrx_word' id='word_1_489' title='bbox 482 4607 575 4670; x_wconf 82' lang='lat' dir='ltr'>lntiqu.</span> <span class='ocrx_word' id='word_1_490' title='bbox 594 4602 619 4669; x_wconf 58' lang='grc' dir='ltr'>ἦ,</span> <span class='ocrx_word' id='word_1_491' title='bbox 628 4605 652 4658; x_wconf 89' lang='lat' dir='ltr'>b.</span> <span class='ocrx_word' id='word_1_492' title='bbox 702 4543 785 4602; x_wconf 55' lang='lat' dir='ltr'>pm</span> <span class='ocrx_word' id='word_1_493' title='bbox 903 4545 927 4580; x_wconf 46' lang='grc' dir='ltr'><strong>Ρ</strong></span> 
     </span>
    </p>
   </div>
   <div class='ocr_carea' id='block_1_4' title="bbox 1009 4672 1087 4734">
    <p class='ocr_par' dir='ltr' id='par_1_5' title="bbox 1009 4672 1087 4734">
     <span class='ocr_line' id='line_1_50' title="bbox 1009 4672 1087 4734; baseline 0 0"><span class='ocrx_word' id='word_1_494' title='bbox 1009 4672 1012 4688; x_wconf 83' lang='grc'><strong>’</strong></span> <span class='ocrx_word' id='word_1_495' title='bbox 1033 4681 1087 4734; x_wconf 75' lang='grc'>38*</span> 
     </span>
    </p>
   </div>
   <div class='ocr_carea' id='block_1_5' title="bbox 0 0 1555 5234">
    <p class='ocr_par' dir='ltr' id='par_1_6' title="bbox 0 0 1555 5234">
     <span class='ocr_line' id='line_1_51' title="bbox 0 0 1555 5234; baseline 0 0"><span class='ocrx_word' id='word_1_496' title='bbox 0 0 1555 5234; x_wconf 95' lang='lat' dir='ltr'> </span> 
     </span>
    </p>
   </div>
  </div>
 </body>
</html>
