3078 5248
184 447 189 454 .
300 385 363 448 526
492 399 585 444 orant
600 399 793 444 recessuram
808 400 899 444 orsu
912 401 942 444 ut
957 399 1146 446 scarlatano
1162 401 1385 446 scmrrtvmssr

269 569 369 622 tmen
392 550 421 612 in
442 551 639 613 Montanismo
661 551 848 632 conscriptus
876 546 931 625 sit,
968 569 1003 614 ex
1035 551 1164 614 indubiis
1192 551 1307 614 indiciis
1331 551 1414 630 polam
1436 563 1474 616 est

300 636 342 698 lle
363 635 567 698 Montanistica
594 635 685 698 libelli
712 635 778 698 labe
804 635 850 698 rel
875 636 942 715 ipsa
974 635 1123 698 scribendi
1159 636 1276 698 occasio
1308 637 1474 698 crineum

299 719 430 800 praebet
456 717 710 782 distribuebatur
732 739 767 782 ex
788 721 959 784 liberalitate
975 721 1076 784 Severi
1098 720 1239 784 militibus
1261 720 1424 792 donadeum,
1441 723 1473 782 in·

301 813 346 866 ter
366 823 441 884 quos
464 804 567 884 aliquis
590 823 729 868 coronam
752 805 879 868 lauream
901 805 959 868 sibi
981 806 1077 868 domm
1099 806 1193 886 capite
1215 816 1330 885 gestare
1357 805 1474 867 noluitu

300 907 365 952 cum
387 889 515 952 otiosam
536 890 567 952 iu
587 889 723 956 manibus
746 897 859 952 teneret
880 899 910 951 et
930 897 1042 952 tantum
1062 909 1124 952 non
1144 899 1331 952 contemnere
1351 890 1474 962 videretur,

300 993 419 1036 causam
451 982 587 1053 rogatus:
627 975 817 1037 Christianos
851 969 937 1036 sum!
972 975 1134 1054 respoudit.
1180 975 1266 1047 Quod
1295 977 1394 1037 iactum
1413 975 1474 1036 radis

301 1059 387 1120 etiam
410 1058 643 1120 Christianorum
665 1059 782 1120 iudiciis
805 1067 956 1139 exceptum
978 1048 1034 1121 esi.
1079 1059 1152 1122 Nam
1174 1059 1224 1139 qui
1245 1059 1381 1139 putabant
1398 1078 1474 1138 perse·

300 1143 448 1204 cntionem
469 1163 524 1204 nec
545 1143 711 1221 fugiendam
733 1163 787 1204 nec
808 1161 980 1226 quacunque
1007 1144 1124 1206 demum
1154 1143 1383 1206 dissimulatione
1407 1145 1473 1204 dun·

300 1228 383 1300 dum,
405 1228 537 1308 adeoque
559 1227 734 1290 Christianis
756 1227 793 1289 ab
816 1227 953 1289 omnibus
975 1228 1144 1308 ceteroquin
1167 1230 1254 1290 etiam
1276 1229 1418 1300 innocuis,
1440 1227 1474 1288 sed

290 1313 424 1390 'aliquam
446 1331 597 1379 sacrorum
620 1311 803 1374 ethnicorum
826 1313 1064 1375 communionem
1093 1313 1326 1395 involventibus,
1358 1312 1437 1391 signis
1457 1321 1474 1371 d

302 1397 482 1458 ornamentis
504 1395 711 1458 abstinendum
734 1417 812 1468 esse,
841 1398 958 1459 tametsi
980 1397 1046 1478 quis
1070 1417 1173 1460 eorum
1195 1406 1346 1459 contemto
1366 1417 1395 1456 se
1415 1395 1473 1457 Chri·

300 1483 428 1543 stianum
448 1482 589 1561 proderet
609 1485 705 1558 (eraut
726 1490 823 1567 autem
845 1482 875 1542 in
896 1483 952 1543 hac
973 1481 1119 1543 sententia
1133 1483 1349 1558 montanistae),
1370 1481 1420 1542 illis
1438 1480 1473 1540 ni·

298 1567 343 1629 les
372 1566 487 1628 sortiter
516 1574 545 1628 et
571 1566 691 1628 beroice
727 1573 756 1627 et
789 1575 821 1626 ut
848 1565 1044 1628 Christianum
1072 1567 1190 1628 deceret
1217 1567 1323 1628 iecisse
1349 1565 1474 1626 ridebatur.

301 1651 397 1732 Ceteri
422 1671 511 1725 vero,
544 1651 593 1730 qui
621 1651 796 1712 aMontano
824 1651 944 1730 eiusque
966 1651 1065 1730 vigore
1093 1651 1186 1730 magis
1208 1651 1296 1714 alieni
1319 1659 1410 1722 erant,
1437 1667 1474 1709 nor

299 1755 390 1816 posse
410 1744 523 1797 tanturn
545 1755 685 1796 eoronam
706 1735 808 1816 accipi,
829 1754 931 1798 verum
953 1735 1050 1808 etiam,
1071 1754 1109 1796 ne
1130 1755 1186 1816 pax
1207 1735 1348 1797 ecclesiae
1362 1741 1474 1795 content

300 1821 446 1882 donorum
465 1820 590 1900 Augusti
611 1821 795 1895 turbaretur,
828 1819 949 1881 retineri
972 1827 1110 1900 oportere
1132 1821 1358 1882 contendebant.
1399 1817 1473 1880 Contra

300 1925 376 1986 quos
399 1903 596 1968 Tertullianus
618 1924 673 1984 pro
701 1905 792 1966 milite
819 1903 949 1968 libellum
971 1905 1007 1966 de
1023 1905 1137 1966 Corona
1159 1923 1311 1984 parcerem
1334 1903 1473 1984 composuit

301 1999 330 2050 et
357 1991 393 2051 de
416 1989 494 2070 Fuga
522 1990 552 2050 in
573 1989 783 2051 Persecutione
806 1989 968 2052 doctrinam
990 1989 1114 2051 eandem
1135 1987 1280 2062 defendit,
1311 2007 1394 2068 quam
1413 1989 1436 2047 in
1452 1985 1473 2046 li·

298 2073 375 2136 bello
405 2075 454 2154 qui
477 2073 604 2154 deTuga
625 2093 660 2135 ex
680 2075 818 2154 professo
841 2075 969 2154 scriptus
999 2083 1028 2135 et
1048 2074 1124 2136 inter
1156 2093 1210 2135 eos
1239 2074 1290 2154 qui
1323 2073 1385 2135 sine
1413 2071 1472 2132 dubio

299 2159 494 2222 Montanistici
528 2169 597 2220 sunt
637 2177 652 2220 a
681 2157 769 2220 nobis
806 2159 894 2220 modo
934 2157 1093 2220 collocatus
1123 2167 1171 2220 est
1211 2158 1318 2220 iterum
1347 2153 1473 2220 edisseruit

299 2245 386 2322 Atqui
417 2244 490 2304 haec
516 2242 666 2304 doctrinae
694 2241 848 2323 utriusque
874 2243 963 2304 libelli
992 2244 1150 2305 similitudo
1179 2244 1225 2304 vel
1252 2243 1318 2306 sola
1340 2243 1473 2304 condocet

299 2347 356 2390 nos
379 2335 497 2408 posset,
519 2327 734 2388 Tertullianum⁴
751 2346 811 2388 non
833 2327 930 2388 minus
951 2327 1147 2390 Montaoismo
1169 2327 1358 2400 decubuisse,
1386 2345 1438 2388 cun
1452 2323 1472 2382 de

301 2412 433 2485 Corona,
467 2429 553 2492 quarn
576 2429 642 2472 cum
665 2411 701 2472 de
726 2412 805 2492 Fuga
834 2411 985 2474 scriberet.
1029 2411 1201 2488 Praeterea,
1235 2413 1307 2492 quid
1336 2407 1470 2474 clariusilt

300 2497 515 2558 Catlrolicorum
537 2495 768 2576 increpatione¹:
802 2495 895 2558 Plane
916 2509 1063 2578 superest,
1085 2510 1120 2560 ut
1141 2502 1229 2559 etium
1249 2501 1398 2577 martyrio
1416 2511 1470 2555 ren·

299 2599 370 2644 sore
391 2583 582 2654 meditentur,
611 2585 663 2662 qui
679 2582 856 2662 prophetias
878 2584 1007 2644 eiusdem
1029 2579 1164 2662 Spiritus
1187 2581 1295 2644 Sancti
1320 2587 1469 2662 respuerim.

297 2666 383 2746 Atqui
413 2665 601 2746 prophetiae,
633 2684 706 2744 quas
730 2665 926 2727 Tertullianus
954 2666 1121 2746 repudiatas
1142 2675 1211 2740 'esse
1233 2668 1381 2746 queritur,
1410 2661 1469 2724 cula

299 2761 369 2814 sunt
391 2751 474 2824 aliae,
503 2769 590 2830 quam
610 2750 750 2824 Montani,
778 2750 928 2812 Priscillae
951 2758 981 2812 et
1001 2750 1182 2813 Maximillae.
1225 2751 1343 2812 Ducunt
1364 2769 1412 2811 uos
1426 2748 1468 2806 laet

297 2835 430 2916 vestigia,
457 2836 489 2896 ni
509 2835 603 2908 fallor,
632 2835 669 2896 ad
690 2835 917 2896 Montanismunr
939 2835 967 2896 in
989 2835 1065 2897 libro
1088 2836 1125 2897 de
1146 2835 1262 2898 Corona
1285 2831 1463 2914 deprebenden-

299 2921 379 2995 dum,
402 2929 432 2982 et
454 2940 487 2981 ex
511 2938 614 2982 eorum
636 2920 743 2982 indicio
766 2920 820 2980 viri
842 2919 919 2982 docti
942 2919 1018 2982 banc
1038 2919 1229 3000 scriptionem
1251 2914 1329 2982 inter
1350 2915 1465 2982 liserelot

288 3005 414 3074 viamiam
435 3005 637 3067 reieceruntr.
665 3005 804 3077 Alterum,
828 3005 906 3084 quod
928 3005 964 3065 ad
986 3005 1093 3066 librum
1115 3006 1152 3066 de
1167 3005 1284 3067 Corona
1305 2999 1468 3066 observatione

298 3091 419 3170 dignum
447 3099 509 3162 est,
543 3089 580 3150 ad
606 3097 735 3152 aetatem,
751 3089 814 3151 eius
837 3090 974 3169 pertinet.
1019 3087 1154 3169 Scriptus
1177 3090 1255 3152 enim
1283 3090 1407 3160 videtur,
1431 3097 1469 3144 mu

299 3174 422 3236 ecclesia
449 3173 580 3235 Africana
608 3174 688 3235 nullo
719 3175 814 3237 adbuc
843 3175 1004 3236 vexationis
1032 3173 1139 3253 genere
1166 3174 1402 3255 tranquillitatem
1418 3181 1469 3228 scm

298 3259 411 3320 turbari
433 3259 588 3320 sensisset.
625 3258 700 3338 lpse
715 3258 911 3320 Tertullianus
934 3257 970 3320 de
991 3258 1049 3332 bis,
1072 3259 1122 3338 qui
1143 3261 1249 3321 lactum
1272 3257 1373 3320 militis
1393 3257 1439 3332 itup
1461 3283 1469 3292 ·

300 3343 372 3404 dens
402 3351 431 3404 et
458 3343 597 3404 ecclesiae
624 3343 742 3405 noxium
765 3345 828 3404 iore
849 3343 1059 3423 querebantur,
1095 3343 1272 3414 Metabum,
1307 3341 1410 3422 inquit,
1435 3347 1470 3396 tm

300 3427 407 3490 bonum
429 3437 458 3488 et
479 3426 597 3506 loopom
615 3447 720 3510 pacem
738 3428 919 3510 periclitari.
948 3427 1026 3506 Ergo
1049 3438 1078 3489 et
1098 3429 1186 3508 longa
1207 3447 1262 3506 pax
1286 3426 1471 3490 ecclesiaetuut

299 3511 471 3590 condgerat,
494 3519 523 3573 et
537 3511 625 3585 bona,
646 3513 724 3590 quod
746 3512 776 3572 ni
798 3511 882 3573 fallor
904 3511 1001 3587 ellicit,
1024 3521 1057 3573 ut
1071 3513 1233 3586 credamus,
1257 3532 1322 3575 eam
1338 3531 1373 3573 ne
1387 3529 1400 3571 a
1413 3521 1487 3586 pttt*

299 3595 412 3658 sidibus
435 3595 562 3676 quidem,
598 3596 690 3657 multo
717 3597 814 3658 minus
838 3596 941 3658 edictis
967 3597 1098 3678 Augusti,
1129 3617 1194 3658 cum
1217 3596 1410 3659 Tertullianus
1427 3591 1470 3650 batt

297 3681 449 3754 scriberet,
473 3681 618 3742 turbatam
640 3681 743 3742 luisse.
787 3681 917 3742 Pertinet
937 3681 1025 3761 igitur
1044 3681 1161 3743 libellus
1184 3682 1220 3744 ad
1241 3700 1306 3754 eos,
1330 3681 1379 3761 qui
1397 3689 1487 3765 perse*

297 3767 445 3828 cntionem
468 3765 654 3828 Seuerianam
676 3775 912 3840 antecesserunt,
946 3767 1024 3846 quod
1052 3767 1221 3828 iamdudum
1250 3769 1423 3846 agnoverunt
1438 3771 1470 3814 m

298 3851 375 3914 docti
397 3858 514 3932 praeter
535 3850 784 3926 Tillemontium¹¹,
817 3851 924 3931 quippe
947 3852 996 3932 qui
1018 3859 1088 3931 post
1108 3851 1229 3932 longum
1250 3850 1368 3912 demum
1387 3857 1469 3922 tenp-

296 3937 338 3998 ris
369 3935 570 4010 intervallum,
608 3955 713 4016 nempe
742 3953 819 3998 auno
853 3935 1024 4011 ccxxxv,
1055 3955 1113 4016 quo
1140 3935 1314 3998 Maximinus
1336 3925 1469 4012 imperabat

297 4023 493 4102 compositum
515 4039 584 4082 esse
605 4039 665 4082 non
686 4029 746 4082 mm
767 4040 803 4082 ex
824 4021 913 4082 certis
925 4021 1127 4100 argumentis,
1158 4039 1246 4100 marn
1266 4021 1375 4100 potius,
1395 4023 1422 4078 ul
1437 4011 1487 4084 hl*

296 4107 413 4185 potbesi
435 4125 506 4168 suae
529 4105 651 4174 serviat,
684 4105 843 4168 contendit.
888 4105 1003 4167 Viderat
1025 4105 1101 4172 enim
1124 4105 1167 4166 vir
1189 4105 1309 4176 doctus,
1341 4104 1433 4164 librum
1449 4092 1469 4151 dt

298 4189 415 4253 Corona
436 4199 538 4254 contra
559 4189 748 4252 Montanismi
771 4189 970 4270 suspicionem
992 4189 1108 4252 delendi
1132 4189 1213 4252 nullo
1241 4189 1329 4251 modo
1356 4201 1435 4268 posse
1453 4181 1487 4232 tt*

332 4358 348 4408 l.
367 4357 506 4410 Tertullirn.
526 4361 555 4410 de
573 4362 668 4411 Corona
686 4373 738 4426 cap.
760 4361 782 4410 l.
927 4358 984 4410 384.
1027 4359 1113 4425 Tleury
1137 4359 1242 4410 Histoire
1265 4357 1355 4409 Ercles.
1373 4355 1407 4404 liv.
1421 4341 1468 4412 §.st

331 4439 363 4474 m.
382 4425 467 4478 buron.
493 4427 577 4480 douai.
604 4431 632 4480 ed
661 4445 682 4480 a.
710 4429 766 4480 ccl.
792 4429 875 4480 Bebel.
926 4429 1035 4491 Braurgii
1053 4427 1156 4478 Annales
1172 4428 1244 4478 Polit.
1266 4427 1356 4477 llecles.
1378 4421 1467 4472 adt-ti·

296 4493 374 4557 Antiq.
392 4492 484 4544 Ecclss.
503 4497 569 4546 Suec.
588 4497 628 4547 lll.
647 4505 691 4548 art.
710 4497 757 4549 llll.
776 4513 798 4561 p.
817 4495 874 4546 sta.
927 4491 952 4562 fi
971 4496 1006 4545 vt.
1050 4496 1109 4546 ttttx
1127 4496 1161 4546 lle
1177 4496 1226 4546 tiu
1246 4503 1269 4546 et
1286 4492 1383 4558 Scriptis
1399 4477 1467 4536 tacut

298 4561 435 4612 Tillemont.
460 4561 586 4612 Mimoires
610 4579 672 4626 pour
695 4567 800 4615 serviri
820 4566 875 4614 l'bi·
928 4566 984 4627 Cap.
1004 4565 1027 4613 T.
1046 4579 1069 4627 p.
1089 4563 1130 4614 st.
1148 4564 1270 4624 Zentprnv.
1289 4563 1349 4612 lliss.
1367 4543 1466 4618 iti-1¹·

296 4630 370 4680 stoire
394 4629 583 4696 ecelesiastique.
606 4632 674 4684 Tem.
698 4634 738 4684 lll.
763 4633 787 4682 Ρ.
806 4634 824 4682 l.
850 4647 875 4696 p.
960 4647 983 4682 n.
1001 4631 1138 4682 Tillemont.
1157 4635 1195 4684 cit.
1213 4633 1275 4682 luco.
