3122 5250
473 393 608 438 uucvoaa
629 395 688 440 avc.
710 395 748 439 us
769 397 897 442 rvouuam
1228 385 1299 452 38⁵1·

74 541 233 691 {Balagaia
253 542 358 606 Minue
382 544 483 608 octav.
512 563 576 626 cap.
600 549 651 610 14.
672 546 734 609 hrt
757 549 788 612 2.
816 556 846 612 et
865 547 1020 614 Dissertat
1041 551 1074 614 in
1093 551 1203 616 Arnob.
1227 573 1296 636 cap..

161 709 416 776 tolerabimus
437 712 504 774 illos
526 713 729 794 ipsorummet.
741 716 837 797 gladio
858 716 902 780 sic
922 719 1042 799 iugvdat.
1085 721 1118 783 Si
1137 723 1229 804 vitio„
1242 724 1300 786 in·-

76 795 151 876 quit,
180 796 267 858 nobis
294 797 417 870 vertitis,
445 797 525 878 quod
551 797 626 861 esini
655 805 740 879 capiat
761 801 898 881 tanquam
918 802 1012 868 licum
1033 805 1171 884 colamus,
1200 809 1293 872 multo

77 889 160 942 certe
187 900 242 943 vos
271 883 429 978 nequiovjes
457 901 525 946 esse
553 884 735 946 convincitis.
778 885 845 948 Non
867 888 945 949 enim
966 889 1042 952 asini
1063 898 1175 952 mutum
1207 903 1296 974 caput

77 965 125 1027 vel
152 967 293 1045 quasdam
320 967 482 1029 bestiarum
509 977 621 1048 partes,
649 970 702 1032 sed
729 977 809 1033 totos
831 972 932 1034 asinos
954 973 1082 1055 aliasque
1105 978 1294 1059 quamplures

78 1058 159 1112 totas
182 1050 292 1113 bestias
315 1051 412 1114 dicitis
434 1071 501 1114 esse
522 1053 595 1115 deos
618 1061 648 1116 et
667 1073 769 1117 revera
791 1055 932 1119 adoratis.
962 1058 1044 1131 Quae
1058 1069 1167 1137 autem,
1188 1063 1293 1126 amabo

79 1144 120 1208 te,
149 1135 244 1198 maior
271 1136 422 1198 insulsitas
451 1155 539 1216 quam
561 1137 648 1200 unius
671 1139 801 1201 oriminis
824 1141 950 1220 aliquem
971 1143 1137 1207 insimulari
1167 1147 1203 1208 ab
1236 1148 1294 1211 alio

77 1221 129 1298 qui
152 1220 284 1304 eiusdem
306 1228 336 1282 et
356 1221 485 1302 plurium
506 1222 671 1302 graviorum
693 1224 826 1304 seipsum
846 1244 931 1288 veum
945 1247 1013 1291 esse
1028 1228 1156 1293 latetur?
1186 1231 1294 1296 Verum

76 1305 161 1380 hacc,
184 1305 224 1367 ait
238 1305 433 1368 Tertullianus
455 1325 493 1370 eoo
514 1308 690 1372 ohuudouta‘.
720 1308 814 1381 Quam
836 1319 948 1374 eertum
969 1314 1077 1394 quippe
1099 1316 1163 1378 erait
1182 1317 1294 1380 bestias

76 1389 115 1450 ab
138 1389 274 1464 ethnicis,
301 1398 361 1452 um
381 1391 486 1454 salsum
507 1402 570 1453 erat
590 1412 608 1454 a
629 1393 802 1456 Christiams
824 1403 911 1474 caput
931 1397 1005 1459 asini
1027 1399 1072 1460 vel
1093 1400 1194 1463 asinos
1216 1401 1292 1464 ado-

76 1475 150 1536 rari.
177 1475 276 1537 Unum
297 1475 443 1554 siquidem
463 1476 495 1537 bi
516 1476 676 1539 adorabant
695 1497 843 1540 summum
857 1479 960 1555 Deum,
993 1484 1043 1563 qui
1064 1485 1163 1546 omnia
1185 1486 1298 1550 creavit

76 1577 137 1620 nec
156 1559 193 1622 ab
215 1559 275 1622 ullo
296 1567 396 1640 potest
416 1568 467 1623 aut
486 1559 578 1624 videri
599 1571 650 1624 aut
670 1562 890 1642 comprehendi.

564 1813 731 1869 tnrtcutus
749 1817 809 1870 vltl.

75 1922 153 1972 Quam
174 1919 338 1965 maonatderate
362 1921 445 1964 ethuici
469 1921 520 1965 vitio
539 1921 668 1965 christanis
692 1923 796 1968 verterint
819 1924 902 1968 cultum
925 1927 999 1970 eructa
1017 1925 1109 1980 Christi,
1136 1938 1186 1972 cum
1203 1927 1235 1972 illl
1252 1929 1295 1985 ipat

76 1987 192 2043 quaslibet
206 1988 229 2030 in
247 1989 340 2032 deorum
356 2000 447 2034 suorum
465 1989 597 2042 simulacris,
615 1991 719 2046 trepaeis,
736 1991 820 2035 vexillis
839 1999 861 2035 et
877 1993 1003 2038 militarium
1022 1994 1136 2048 signorum
1149 2005 1226 2042 ornatu
1244 2009 1295 2040 cru·

76 2068 120 2100 cas
139 2055 269 2105 adorarem
287 2055 367 2111 qulbus
384 2056 482 2112 partibus
500 2068 590 2100 amcam
606 2057 684 2101 Christi
699 2060 842 2114 compositam
856 2059 1004 2104 Tertullianus
1016 2061 1135 2116 putaverim
1154 2074 1195 2106 cur
1206 2063 1296 2120 sipbara

211 2123 356 2179 appellaverit
372 2124 441 2169 stelas
459 2123 540 2176 crucis,
558 2125 621 2169 culus
639 2126 705 2170 bomo
724 2126 825 2182 arpensis
842 2127 944 2172 manibus
960 2129 1053 2183 figuram
1071 2130 1164 2174 exhibet.

163 2254 312 2334 Urgebant
332 2255 426 2318 adhuc
447 2257 556 2317 ethnici
576 2256 684 2318 laesam
700 2258 924 2339 violatumquea
939 2258 1112 2323 Christianis
1127 2280 1296 2341 supremam

75 2339 132 2401 uei
153 2340 339 2422 maiestatem
359 2339 498 2421 religioso
521 2341 600 2403 cultu
621 2342 726 2416 crucis,
749 2344 797 2405 cui
818 2343 952 2406 Christus
975 2345 1077 2406 affixus
1099 2347 1202 2408 luerat.
1236 2347 1298 2410 Sed

75 2443 147 2504 qua,
168 2433 266 2504 putas,
287 2425 403 2486 ratione
423 2426 500 2487 hanc
520 2444 610 2505 saepo
632 2427 749 2506 saepius
771 2428 808 2490 ab
822 2427 879 2489 illis
895 2429 1047 2508 repetitam
1063 2429 1297 2494 criminationem

76 2509 279 2570 Tertullianus
301 2508 407 2572 diluit?
436 2510 502 2571 Non
523 2511 577 2572 alia
592 2513 736 2591 prolecto,
758 2531 844 2593 quam
860 2513 1002 2574 intortum
1016 2514 1052 2575 ab
1068 2515 1191 2577 ethnicis
1207 2517 1297 2578 telum

75 2596 110 2656 in
138 2594 283 2674 ipsosmet
308 2595 518 2674 retorquendo.
561 2596 651 2657 Taoet
678 2597 756 2658 enim
778 2606 877 2659 utrum
900 2596 1055 2658 Christiani
1078 2617 1195 2662 crucem
1217 2601 1296 2662 illam

75 2697 182 2740 revera
205 2679 337 2740 colerent
357 2697 391 2740 ac
412 2679 499 2740 variis
520 2682 723 2741 tantummodo
745 2681 891 2743 rationum
913 2682 1071 2743 momentis
1086 2685 1216 2746 ostendit
1228 2684 1298 2746 illes

75 2763 202 2826 omnino
229 2763 431 2844 imprudenter
459 2764 582 2826 huiusce
610 2764 704 2826 cultus
732 2765 870 2846 redargui
897 2765 933 2826 ab
961 2766 1097 2842 ethnicis,
1124 2768 1173 2847 qui
1196 2787 1298 2830 cruces

74 2847 226 2928 quaslibet
248 2849 362 2929 passim
383 2848 605 2910 venerabantur.

138 2967 247 3039 .de
275 2986 355 3048 ergo,
389 2968 516 3047 inquies,
548 2967 690 3048 numquid
717 2967 810 3030 fallaci
832 2967 929 3048 aliquo
952 2968 1070 3030 silentio
1103 2969 1218 3048 negavit
1248 2977 1300 3032 aut

75 3050 276 3114 dissimulavit
296 3071 412 3116 crucem
428 3051 535 3114 Christi
557 3051 593 3114 ab
615 3051 708 3131 ipsius
731 3051 882 3132 discipulis
897 3051 1063 3114 honorari?
1091 3052 1209 3116 blinime
1224 3072 1298 3134 geu-

76 3135 164 3198 tium.
200 3135 295 3209 Quam
318 3138 468 3200 enimvero
491 3136 529 3198 ob
552 3155 669 3199 causam
690 3135 721 3199 id
742 3156 849 3216 negare
862 3145 921 3198 -aut
941 3135 1124 3200 dissimulare
1150 3140 1301 3218 potuisset

77 3221 129 3302 qui
152 3223 263 3284 latetur
283 3221 349 3283 illos
371 3222 407 3284 ad
436 3239 539 3283 omnes
566 3223 629 3282 lere
655 3221 732 3284 vitae
752 3241 822 3284 suae
844 3230 926 3284 actus
948 3223 1074 3284 tronum
1097 3241 1181 3286 suam
1203 3223 1299 3286 erucis

77 3305 244 3368 munivisse
266 3305 441 3386 signaculo?
484 3305 542 3368 Cur
563 3314 670 3380 autem,
693 3306 830 3380 obsecro,
852 3325 968 3369 sacrum
990 3305 1060 3368 illud
1082 3307 1198 3386 signum
1214 3310 1300 3370 iron-

78 3392 160 3452 tibus
189 3390 253 3454 suis
280 3400 339 3452 mm
366 3409 455 3471 saepe
483 3390 681 3470 imponebant,
709 3391 769 3454 nisi
789 3409 965 3471 persuasum
987 3391 1107 3454 omniuo
1128 3383 1302 3456 hhbuissent

77 3475 193 3555 aliquid
215 3475 246 3536 in
266 3474 316 3537 illo
339 3475 395 3538 sihi
416 3475 556 3555 praesidii
579 3494 646 3538 esse
667 3495 702 3538 ac
721 3477 909 3539 veneratione
930 3492 985 3538 sua
1006 3475 1086 3556 digni
1116 3475 1300 3554 (Tertvdlian.

79 3561 131 3623 lih.
156 3559 195 3621 de
218 3559 332 3626 Corona
355 3581 417 3642 cap.
440 3561 470 3625 3.
493 3569 523 3622 et
542 3560 592 3623 lib.
615 3559 651 3621 ll.
674 3561 709 3623 ad
730 3561 820 3623 Uxor.
843 3580 905 3641 cap.
928 3565 981 3639 5.).
1023 3560 1061 3623 dt
1086 3561 1123 3624 de
1143 3561 1202 3624 hoc
1221 3562 1300 3624 anti-

78 3644 229 3726 quissimo
258 3645 374 3708 colendi
401 3664 517 3707 crucem
539 3643 649 3706 Christi
676 3665 760 3707 more
787 3645 870 3725 plura
897 3645 928 3706 in
957 3644 1021 3707 aliis
1045 3645 1300 3708 dissertationibus

79 3729 197 3791 nostris
227 3737 330 3792 contra
356 3729 520 3791 haereticos
549 3729 760 3808 disputavimus
789 3730 951 3804 (Dissertat
975 3731 1006 3791 in
1026 3729 1133 3792 Minue.
1163 3749 1225 3810 oep.
1250 3733 1300 3792 11.

80 3817 144 3876 llvt.
168 3816 198 3879 3.
223 3821 253 3876 et
272 3815 304 3876 in
324 3814 456 3876 Lactant.
479 3832 541 3893 cap.
567 3815 615 3878 19.
637 3813 699 3874 Art
725 3817 753 3876 1.
776 3821 806 3874 et
826 3814 856 3876 in
877 3813 969 3876 Lucil.
993 3811 1096 3876 Caecil.
1120 3831 1181 3893 cap.
1193 3817 1224 3876 5.
1238 3811 1299 3874 hrt

82 3903 138 3977 2).
182 3897 251 3961 Non
277 3907 395 3980 poterat
421 3918 490 3979 ergo
519 3895 716 3960 Tertullianus
743 3898 801 3959 hoo
827 3917 951 3979 negare,
978 3898 1058 3977 quod
1085 3915 1139 3959 suo
1168 3901 1303 3976 tempore

85 3983 225 4046 omnibus
249 3983 425 4046 Christianis
452 3982 582 4062 quotidie
609 3983 749 4044 usitatum
775 4001 809 4043 ac
835 3983 909 4064 ipsis
941 3982 1029 4045 etiam
1050 3979 1205 4062 gentilibus
1227 3981 1302 4044 satis

85 4077 271 4150 compertum
292 4075 355 4132 eret
376 4066 560 4146 (Tertvdlian.
581 4067 734 4148 Apologet
756 4069 916 4148 cap..16.).

170 4187 373 4262 Quamobrem
404 4186 452 4250 his
484 4185 579 4248 crucis
606 4185 717 4248 Christi
749 4185 858 4248 oviltum
891 4183 1094 4247 obiicientibus
1129 4200 1190 4245 non
1225 4183 1303 4247 aliud

85 4291 175 4353 quam
204 4272 263 4334 boe
288 4271 496 4334 brevissimum
523 4270 604 4333 dedit
629 4287 824 4350 responsum:
863 4270 927 4344 Qui
948 4272 1045 4332 amois
1066 4285 1122 4330 uos
1143 4268 1305 4348 redipieaoa

83 4368 184 4438 putot,
210 4375 427 4420 consecraneus
449 4360 651 4428 milecotam
674 4354 719 4416 vel
741 4353 818 4416 sicut
838 4354 869 4415 in
890 4354 946 4414 alio
968 4351 1059 4414 libro:
1085 4351 1147 4426 Qui
1157 4371 1213 4416 aaa
1229 4373 1302 4416 cru-

85 4447 126 4505 cis
150 4447 304 4506 constitae
326 4443 473 4522 csfiraaot,
497 4457 714 4504 cmuecrouaua
736 4442 796 4500 erit
816 4447 923 4501 noster
954 4436 1046 4511 (idem
1067 4435 1117 4498 lib.
1139 4437 1162 4498 l.
1184 4438 1221 4500 ad
1240 4437 1303 4500 Na-

88 4527 159 4590 tion.
184 4545 248 4606 cap.
273 4529 345 4604 12).
388 4526 502 4588 Nomou
524 4543 593 4587 vero
616 4541 844 4596 consecraneus,
873 4521 1116 4601 quomadmodum
1138 4522 1170 4583 in
1183 4523 1303 4592 'veteri-

85 4611 143 4674 bus
172 4611 283 4694 glossis
312 4619 478 4685 aunotatur‚
507 4609 589 4673 idem
615 4616 702 4672 sonat
729 4627 764 4672 ac
785 4624 937 4671 sacrorum
959 4606 1068 4670 socius.
1110 4605 1210 4671 Palam
1230 4625 1303 4687 ergo

312 4727 316 4736 ·
1047 4702 1105 4760 aa*
1132 4699 1165 4732 ··
