3092 5234
332 377 342 394 ⁰
442 415 575 460 adoreas
598 417 640 459 ro.
662 416 730 460 aue.
753 417 915 462 acassam.
1222 409 1285 474 utt

66 563 154 636 nibil,
184 562 301 641 siquid
324 563 427 636 video,
457 564 579 636 docent,
607 565 667 626 nisi
689 565 900 628 Tertullianum
922 585 990 628 esse
1011 585 1103 647 posse
1125 591 1208 646 eum,
1236 576 1284 636 cui

65 646 178 708 collecti
198 647 230 706 hi
251 647 454 710 commentarii
476 647 649 722 debeantur,
671 657 701 709 at
723 668 790 710 eum
813 650 888 710 istos
905 650 992 712 etiam
1007 653 1187 727 condidisse,
1210 657 1283 722 illud

64 730 240 792 Wbistocus
266 749 328 790 uon
357 741 404 792 cst
430 731 499 792 istis
527 733 707 810 argumentis
735 743 899 796 assumtus.
942 733 980 796 Et
1000 745 1069 798 sunt
1095 740 1228 815 prolecto
1251 741 1282 802 in

64 813 128 886 bis,
151 833 242 893 quae,
266 833 333 874 cum
355 815 421 874 dcta
443 815 505 876 siut
525 815 561 876 ad
583 815 736 876 libidinem
771 816 816 878 rel
842 818 909 896 plus
937 817 1065 881 efficiant
1092 840 1180 900 quam
1202 823 1282 897 velit,

62 897 136 958 nihil
158 898 296 958 efficiant.
340 897 413 958 Nam
435 908 466 959 et
486 897 557 960 illud
579 899 815 974 commenticium
838 909 900 972 est,
929 901 972 962 uti
994 901 1136 977 diximus,
1160 906 1281 968 Tertul-

62 981 173 1042 lianum
194 982 324 1060 primum
346 981 536 1044 Montanismi
558 981 588 1042 in
608 982 704 1044 Africa
725 981 910 1047 disseminati
931 985 1025 1048 luisse
1047 995 1215 1062 auctcrcm3
1252 998 1283 1052 ιι

62 1065 151 1126 rerba
174 1064 346 1126 Tertulliani
368 1083 434 1126 cum
455 1065 503 1126 his
525 1066 598 1128 actis
621 1067 802 1138 communia,
835 1086 897 1128 non
918 1077 989 1130 sunt
1009 1088 1047 1130 ex
1074 1070 1139 1132 eius
1161 1063 1281 1150 guidem

61 1149 187 1227 proprio
209 1148 324 1210 dicendi
346 1167 463 1226 genere,
486 1149 541 1212 sed
562 1167 597 1210 cx
618 1151 764 1212 dlrieano.
793 1151 910 1212 Etenim
932 1151 958 1212 si
980 1152 1064 1232 plura
1086 1155 1183 1228 verba,
1207 1175 1282 1234 quac

61 1242 134 1294 sunt
156 1233 185 1292 in
208 1231 377 1294 Tertulliani
399 1220 611 1294 coniuctudine
631 1232 786 1312 loquendi,
810 1235 1015 1309 ostenderent,
1037 1237 1137 1316 ipsum
1159 1239 1280 1302 Tertul-
1335 1256 1346 1283 ‘

60 1315 172 1376 benum
194 1315 252 1376 tale
274 1316 417 1394 scriptum
432 1315 649 1395 composuisse,
671 1325 751 1378 certe
773 1335 897 1380 necesse
919 1327 1011 1390 essct,
1033 1329 1066 1382 ιιι
1080 1321 1167 1384 etiam
1183 1323 1279 1401 ipsius

59 1399 225 1477 Perpetuae
246 1399 402 1476 saturique
423 1399 651 1461 commentarios
673 1401 838 1462 diceremus
858 1419 919 1462 non
941 1403 978 1464 ab
999 1403 1073 1482 ipsis
1095 1405 1150 1468 sed
1171 1407 1279 1468 aTer-

61 1482 183 1543 ιιιιιιιιιο
206 1482 300 1544 luisse
321 1483 515 1562 compositos,
538 1484 627 1544 multa
650 1485 729 1546 enim
750 1494 829 1560 sunt,
853 1495 885 1546 ut
906 1485 1113 1550 Holstenianae
1136 1488 1280 1551 observa-

61 1566 160 1627 tiones
182 1567 299 1638 docent,
322 1566 461 1628 vocabula
481 1566 511 1629 in
534 1567 591 1628 illis
613 1567 685 1646 ipsis
708 1568 935 1642 commentariis,
958 1589 1033 1649 quae
1054 1571 1085 1632 in
1108 1572 1281 1641 Tertulliani

62 1649 151 1712 etiam
174 1649 293 1728 scriptis
315 1650 455 1728 reperias.
499 1651 592 1729 Atque
614 1653 729 1713 occurri
751 1652 837 1714 etiam
860 1653 1081 1732 suspicionibus
1096 1656 1278 1718 Wbistonia-

61 1733 111 1794 nis
140 1741 241 1812 potest
266 1734 445 1811 argumentis
473 1735 638 1796 contrariis.
681 1735 753 1796 Nam
782 1737 812 1798 iu
835 1736 910 1797 libro
932 1738 968 1798 de
990 1737 1093 1800 Anima
1115 1741 1190 1818 (cap.
1213 1745 1279 1816 55.)

62 1815 261 1878 Tertullianus
283 1817 429 1894 quandam
451 1817 615 1896 Perpetuus
642 1818 788 1880 visionem
810 1819 908 1882 iubis
931 1821 1003 1882 actis
1026 1831 1171 1884 curatam
1193 1841 1278 1886 com-

61 1909 208 1960 meruorat
228 1901 370 1978 allertque
391 1900 428 1960 ed
447 1902 697 1980 comprobandam
720 1904 843 1982 aliquam
866 1904 1046 1978 doctrinam,
1074 1907 1126 1968 sed
1150 1925 1187 1968 ne
1209 1925 1276 1968 ver·
1399 1949 1412 1958 .

60 1983 132 2044 bum
162 1991 208 2046 est
234 1983 353 2062 quidem
376 1984 432 2056 ibi,
465 2003 524 2063 quo
547 2004 580 2046 se
604 1987 778 2065 scriptorem
806 1988 913 2048 horum
934 1997 1067 2050 actorum
1090 1991 1278 2068 signiticaret,

60 2067 142 2144 quod
169 2066 245 2128 haud
274 2067 376 2128 dubito
410 2069 496 2146 quin,
523 2069 566 2130 uti
588 2069 682 2141 solet,
716 2073 844 2133 lecturus
864 2073 984 2146 luisset,
1015 2073 1041 2134 si
1063 2073 1128 2154 ipse
1151 2073 1278 2152 scriptor

61 2150 151 2210 huius
173 2149 316 2210 historiae
338 2152 492 2212 extitisset
535 2153 646 2214 Deinde
668 2154 756 2228 nihil,
770 2151 777 2162 ”
790 2163 823 2216 ut
843 2155 915 2216 mibi
938 2155 1067 2229 ridetur,
1101 2175 1278 2236 quemquam

60 2243 181 2312 oportet
201 2233 310 2312 scripte
334 2235 503 2296 Tertulliani
525 2238 703 2316 modumque
732 2239 847 2300 dicendi
875 2240 1067 2318 cognovisse,
1101 2241 1150 2319 qui
1179 2241 1277 2302 dicere

60 2317 153 2390 ausit,
186 2337 280 2397 genus
302 2319 418 2379 dicendi
439 2318 526 2392 illud,
555 2321 633 2398 quod
657 2331 705 2382 est
725 2323 756 2382 iu
778 2323 836 2382 fine
857 2323 964 2384 horum
986 2324 1276 2396 commentariorum,

62 2401 158 2462 simile
181 2420 250 2462 esse
272 2401 348 2474 cius,
370 2403 449 2481 quod
471 2403 535 2464 aliis
557 2403 588 2463 in
610 2404 728 2484 scriptis
752 2405 922 2468 Tertulliani
944 2408 1184 2486 deprehenditur.
1215 2409 1276 2468 lte·

61 2502 120 2562 que
143 2484 295 2546 eximenda
318 2494 387 2548 suut
409 2486 464 2546 ista
486 2496 549 2548 ecta
572 2507 588 2548 a
609 2487 694 2550 libris
708 2489 889 2562 Tertulliani,
912 2509 966 2552 nce
987 2509 1112 2552 necesse
1128 2499 1173 2552 est
1188 2491 1278 2568 igittu

60 2569 97 2628 dc
120 2568 183 2647 ipsa
206 2587 309 2630 eorum
331 2577 424 2630 aetate
447 2569 606 2649 disputare.

596 2707 624 2781 s.
649 2703 753 2766 xtrx.

145 2820 254 2897 taque,
288 2820 357 2880 dum
386 2838 442 2880 nos
472 2820 559 2880 finem
582 2820 730 2882 scribendi
752 2822 893 2892 lamneus,
924 2839 985 2880 nou
1012 2821 1180 2881 dubitamus
1203 2821 1277 2893 lore,

59 2902 168 2981 quibus
191 2904 287 2966 omnis
308 2903 383 2964 hacc
404 2921 504 2981 opera,
527 2902 710 2983 disputandis
732 2905 779 2966 bis
801 2903 891 2965 rebus
914 2903 1058 2982 impensa,
1087 2902 1159 2966 levis
1181 2902 1277 2963 mele-

60 3005 119 3064 que
140 2986 280 3048 collocata
301 2987 443 3048 rideatur.
474 2986 550 3048 Sunt
571 2987 660 3060 enim,
682 2988 731 3066 qui
753 2988 797 3048 vel
819 2988 1063 3048 contemnendam
1084 2993 1188 3064 putent
1209 3002 1278 3046 om·
1336 3045 1353 3064 ‚

58 3089 129 3130 nem
151 3071 392 3149 disputationem,
414 3089 489 3148 quae
510 3077 645 3132 versetur
665 3071 695 3132 in
717 3071 808 3132 rebus
829 3088 933 3149 parum
955 3071 1044 3132 certis
1066 3077 1097 3132 et
1118 3070 1277 3148 exsangui·

57 3154 117 3214 bus
145 3154 382 3232 quodammodo,
416 3153 461 3214 vel
491 3173 540 3214 eas
568 3172 635 3226 res,
667 3173 790 3234 quarum
819 3172 892 3216 usus
921 3173 955 3214 sc
982 3172 1042 3214 non
1069 3153 1164 3233 prima
1192 3153 1278 3232 quasi

58 3239 159 3298 fronte
181 3239 283 3310 ollert,
307 3238 360 3300 sed
381 3238 605 3316 perreconditus
629 3247 690 3310 est,
714 3239 794 3300 omui
818 3239 941 3298 utilitate
962 3238 1118 3300 destitutas
1140 3254 1278 3316 pronun·

59 3321 148 3382 cient
193 3322 307 3395 Quibus
330 3339 486 3382 occurere
506 3341 666 3400 possemus
687 3341 860 3401 magnorum
882 3321 1013 3382 virorum
1035 3320 1188 3401 exemplis,
1209 3320 1277 3398 qui·

58 3405 117 3464 bus
152 3406 182 3465 in
215 3406 273 3467 boc
299 3423 408 3484 genere
436 3405 668 3484 disputationum
697 3407 808 3468 uersari
840 3414 927 3484 turpe
954 3423 1014 3468 nou
1044 3404 1098 3467 luit
1125 3405 1220 3465 visum
1248 3411 1279 3466 et

59 3489 219 3568 praeclaris
234 3489 483 3568 Venerjlmestii
504 3490 614 3564 verbis,
637 3491 687 3570 qui
706 3491 839 3570 proiecto
862 3490 888 3551 si
909 3489 973 3568 quis
995 3489 1070 3550 alius
1093 3490 1161 3560 scit,
1182 3506 1278 3566 quau·

59 3581 123 3632 tum
152 3573 192 3633 sit
218 3575 347 3652 pretium
374 3574 465 3634 cuivis
494 3573 665 3654 discipliuae
693 3575 896 3642 statuendum,
928 3582 1015 3652 atquc
1038 3573 1080 3645 (ιιι
1102 3571 1218 3633 Prolus.
1241 3571 1279 3630 dc

59 3656 123 3717 Usu
145 3656 390 3736 Chalcographiae
411 3677 440 3736 p.
464 3661 507 3734 5.)
535 3659 573 3719 de
601 3658 725 3736 singulis
754 3659 866 3720 artibus
896 3657 935 3718 ita
957 3655 1144 3718 iudicandum
1166 3659 1277 3724 censet,

57 3753 95 3802 ot
117 3759 223 3802 coram
246 3743 417 3818 dignitatern
438 3753 467 3803 et
485 3746 709 3820 praestantium
735 3761 796 3802 noo
825 3745 887 3802 tum
907 3741 1051 3804 utilitatis
1073 3736 1278 3817 magnitudine

59 3836 89 3886 et
119 3826 293 3885 necessitate
325 3841 413 3902 quom
445 3825 617 3884 inveniendi
647 3827 862 3904 encrcmda'que
894 3823 1075 3904 difficaltate
1107 3823 1277 3888 metiemur,

58 3924 153 3984 nepae
175 3916 319 3984 poectum
341 3917 479 3985 pucepue'
493 3909 602 3984 prosit,
624 3909 684 3977 sed,
711 3912 819 3986 quanti
837 3925 967 3986 paucooe
987 3909 1037 3979 rit,
1057 3905 1277 3984 ponderosorum

59 3991 124 4049 nr'si
144 3989 227 4062 ocri,
250 3993 320 4069 pato
340 3992 437 4066 magis
458 3999 484 4050 et
508 3993 711 4052 oemaaom'om
732 4001 778 4050 est
799 4001 828 4052 et
848 3989 931 4062 utile,
958 4007 1054 4069 pones
1074 3988 1166 4066 pinei,
1191 4003 1279 4064 quom

61 4071 182 4134 tubulos
201 4075 296 4151 pingi,
315 4084 482 4151 propterea
501 4075 652 4150 pistorum
675 4073 824 4154 opificium
846 4079 911 4134 orti
927 4075 1076 4152 pictoriae
1094 4070 1277 4148 praeserere-

61 4173 133 4218 otam
150 4165 301 4233 potemus.
344 4155 438 4233 Atque
467 4175 521 4234 ego
555 4157 585 4216 in
617 4155 806 4218 enucleandis
838 4155 928 4216 rebus
958 4152 1153 4216 subobscuris
1185 4151 1279 4212 multo

58 4239 372 4300 rectius¹iudustriam
398 4240 564 4318 ponendam
592 4259 661 4301 esse
688 4239 817 4302 arbitror
844 4257 930 4318 qnam
960 4238 989 4298 in
1010 4236 1175 4316 pervagatis
1201 4235 1277 4309 aliis,

60 4323 196 4404 quamtis
209 4341 270 4384 eae
299 4322 416 4401 quidem
438 4323 531 4402 magis
553 4324 706 4386 rideantur
732 4323 768 4384 nd
791 4341 878 4384 usum
901 4339 1086 4384 communem
1108 4338 1279 4382 accommo-

60 4407 161 4478 datae,
199 4425 265 4468 etun
288 4404 321 4466 iu
341 4407 513 4486 hispanum
536 4408 581 4470 vel
602 4409 675 4468 nibil
697 4408 745 4476 sit,
769 4407 847 4483 quod
870 4405 1005 4482 effugerit
1027 4404 1185 4466 multorum
1208 4402 1276 4464 dili-

60 4492 206 4568 gentiam,
235 4491 265 4550 in
288 4490 344 4552 illis
367 4509 485 4570 semper
508 4492 547 4553 sit
568 4492 647 4570 quod
670 4490 813 4568 disputari
835 4488 962 4568 emplius
983 4487 1088 4566 possit.
1132 4486 1165 4548 ln
1187 4487 1276 4546 rebus

59 4593 130 4636 reru
153 4575 206 4649 iis,
230 4594 305 4654 quae
326 4593 388 4636 non
410 4583 507 4636 certae
530 4584 614 4648 sunt,
638 4573 906 4654 sed'probabilitcr
928 4571 1165 4644 constituendae,
1188 4570 1277 4647 longe
