3092 5234
447 417 584 462 socrus:
604 417 646 461 ro.
667 419 736 462 suc.
758 392 924 463 noasss'cr.
1229 405 1292 468 593

70 567 228 628 existimat.
272 565 374 644 Neque
408 566 486 627 enim
515 566 563 628 illa
591 566 674 646 prius
702 575 749 628 est
780 561 965 645 equaquam
987 575 1119 628 veterum
1140 568 1295 648 proposita

68 669 157 730 ᾳιιιιιι
178 669 195 711 a
217 649 411 711 Constantino
433 650 472 710 ll.
495 651 537 718 tin
561 651 694 711 oratione
716 651 751 711 ad
775 660 946 712 sanctorum
967 660 1085 712 coetum
1107 670 1132 712 o.
1151 655 1213 727 18.)
1235 653 1293 726 caii,

69 736 114 795 rel
137 751 172 798 ex
200 751 247 805 ec,
277 732 356 812 quod
379 733 530 812 Virgilium
558 735 702 795 cecinisse
737 735 774 794 de
795 734 865 795 lesu
893 734 1000 797 Christi
1030 735 1179 796 nativitate
1206 735 1294 810 dicet,

69 821 107 893 (c.
131 821 169 880 ts
193 822 271 896 sqq.)
293 825 384 896 patet,
413 835 500 894 quam
522 817 603 878 nullo
624 819 744 897 negotio
766 818 856 879 rerba
882 819 947 879 dari
968 819 1004 878 ab
1026 819 1198 880 bominibus
1220 819 1293 882 rali-

68 902 187 980 gicnem
210 899 390 978 lingentibus
412 901 573 978 potuerint.
606 901 701 980 Atque
722 910 756 962 ut
777 902 885 974 omnia,
908 920 983 980 quae
997 903 1076 974 rebt‚
1094 903 1293 981 susceperim,

67 1004 105 1047 ne
128 987 194 1064 ipsa
216 985 334 1062 quidem
356 984 439 1056 baec,
461 1001 536 1062 quae
557 993 628 1046 aunt
649 989 680 1046 in
702 985 760 1046 boc
785 986 841 1046 riri
866 986 944 1047 docti
965 995 1138 1064 argumento
1161 985 1292 1060 collecta,

66 1069 233 1130 consistere
270 1075 301 1128 et
335 1085 436 1128 secum
472 1068 642 1130 consentire
678 1078 816 1147 possunt.
874 1069 1082 1148 Antiquissimi
1114 1069 1294 1148 scriptorum

66 1152 321 1223 Christianorum,
359 1152 439 1229 quod
475 1151 649 1212 Guilialmus
676 1153 882 1230 lieremqiua‘¹¹
925 1161 954 1214 et
985 1153 1062 1214 Guil.
1097 1153 1295 1214 Ψὴίιιοιιιιι·

64 1236 167 1296 multis
203 1234 320 1306 docent,
358 1235 425 1307 bos,
453 1253 530 1313 quos
558 1235 714 1314 appeliant,
750 1235 843 1297 libros
872 1235 1033 1315 Sibyllinos
1065 1236 1290 1314 antiquissimos

65 1320 259 1391 confitentum
297 1337 332 1378 ex
367 1337 426 1396 quo
459 1320 627 1379 necessaria
660 1319 872 1381 consecutione
900 1321 1041 1392 cilicium,
1077 1321 1201 1382 multum
1239 1339 1293 1381 eos

65 1403 201 1464 diuersos
222 1401 315 1462 luisse
337 1401 373 1461 ab
395 1401 452 1474 bis,
475 1403 526 1480 qui
548 1402 654 1462 borum
677 1420 786 1464 nomon
807 1413 914 1464 nostru
937 1413 1071 1484 tempore
1098 1405 1293 1477 mentiuntur,

2 1507 3 1540 ι
64 1487 115 1564 qui
152 1485 211 1564 ipsi
247 1485 415 1546 adversario
452 1486 588 1546 videntur
620 1487 737 1546 saeculo
765 1505 795 1566 p.
825 1487 857 1548 C.
880 1488 916 1550 N.
953 1488 1085 1549 secundo
1123 1488 1292 1565 compositi.

2 1595 3 1626 ι
66 1569 167 1642 Quid?
199 1569 277 1629 idam
305 1568 363 1640 ille,
397 1569 514 1647 dequo
536 1569 715 1646 quaerimus,
752 1570 962 1641 Tertullianus,
999 1589 1065 1632 cum
1089 1579 1222 1649 tempore
1245 1589 1292 1644 aa,

2 1679 4 1714 ι
64 1671 123 1731 quo
145 1652 279 1730 proxime
301 1651 403 1712 aberat
423 1671 438 1712 a
462 1653 627 1714 delectione
648 1672 712 1725 sua,
734 1652 764 1713 in
786 1653 862 1715 libro
891 1656 927 1716 ll.
950 1655 986 1716 ad
1008 1655 1150 1716 Nationes
1178 1658 1216 1726 (c.
1243 1658 1292 1718 12.

63 1755 94 1814 p.
118 1739 168 1800 76.
191 1737 226 1796 ll.
249 1739 300 1797 77.
324 1736 369 1809 Α.)
392 1735 596 1814 antiquissima
618 1737 686 1797 dicit
709 1736 836 1816 Sibyllae
857 1739 953 1812 elicta,
975 1739 1112 1816 potuitne
1133 1738 1223 1816 igitur
1243 1738 1293 1798 ille

63 1819 157 1880 libros
180 1818 339 1896 Sibyllinos
362 1837 377 1878 a
399 1819 540 1881 llontano
562 1821 609 1880 vel
630 1821 727 1899 abque
756 1821 855 1900 gregis
884 1822 970 1883 istius
993 1823 1142 1900 proiectos
1165 1819 1293 1900 putaret

2 1933 3 1970 ι
65 1905 169 1981 Neque
190 1921 260 1962 nero
282 1902 440 1980 quidquam
463 1903 570 1981 probat
591 1904 715 1965 altarum
742 1905 823 1975 illud,
860 1907 939 1985 quod
961 1907 998 1967 de
1020 1905 1196 1966 charismate
1217 1904 1292 1964 atli-

63 1987 131 2046 xius
153 1985 281 2056 subiicit,
315 1986 398 2047 cuius
429 2006 477 2047 me
505 1988 600 2048 lateor
627 2005 688 2048 non
717 1989 791 2049 satis
819 1989 975 2050 dilucidam
1003 1989 1091 2050 citato
1114 2007 1140 2048 c.
1162 1992 1204 2053 20
1226 2005 1291 2048 me-

2 2087 4 2140 ,
63 2070 188 2130 moriam
210 2069 353 2140 invenire,
375 2088 410 2130 ac
431 2071 455 2130 si
478 2071 653 2142 inveniatur,
676 2080 734 2132 mm
749 2073 884 2150 proiecto
906 2091 967 2133 non
983 2079 1165 2150 sequeretur
1181 2071 1290 2132 librum

64 2149 101 2214 de
117 2152 268 2231 baptismo
292 2172 327 2212 ex
350 2153 465 2215 officina
488 2155 660 2217 Tertulliani
680 2157 877 2216 blontanistae
899 2158 992 2218 luisse
1013 2173 1179 2234 egressum,
1202 2173 1290 2232 quam

2 2275 4 2310 ι
61 2237 133 2298 illud
155 2237 217 2296 dici
235 2236 271 2296 de
292 2236 369 2297 libro
392 2255 482 2315 super
504 2239 686 2316 Spectaculis
715 2259 775 2299 non
804 2249 913 2318 potest,
944 2240 994 2320 qui
1026 2247 1073 2301 est
1092 2238 1171 2300 haud
1192 2238 1290 2311 dubie,

2 2359 3 2394 ,
62 2329 96 2383 ut
117 2320 185 2380 abbi
201 2319 404 2393 ostendebam,
427 2330 495 2382 ante
511 2323 576 2383 eius
598 2323 794 2384 delectionem
817 2333 963 2384 exaratus.
993 2323 1035 2384 bc
1049 2341 1086 2384 ne
1108 2323 1179 2400 quid
1201 2341 1289 2400 praa·

62 2411 211 2464 teneamus
234 2403 364 2476 silentio,
387 2423 445 2482 quo
469 2415 572 2483 posset
592 2408 658 2484 quis
679 2408 777 2486 aliquo
800 2409 889 2468 modu
912 2407 980 2468 hnic
1001 2407 1136 2484 opinioni
1150 2407 1291 2468 adversae

61 2488 138 2548 libro
160 2496 265 2548 nostro
288 2487 325 2548 de
346 2487 498 2566 baptismo
521 2490 674 2550 veritatem
697 2491 864 2561 conciliare,
887 2493 1016 2551 sortasse
1037 2497 1141 2568 posset
1163 2489 1290 2550 excitare

62 2591 88 2633 c.
111 2575 163 2635 20.
191 2571 281 2631 buius
306 2571 406 2643 libelli,
444 2573 473 2632 in
502 2591 562 2650 qno
590 2591 723 2650 megaram
747 2574 945 2635 Tertullianus
973 2591 1041 2634 csse
1069 2575 1109 2634 ait
1136 2573 1291 2634 utilitatem

2 2701 3 2716 .
61 2655 255 2716 abstinentiae
282 2673 299 2714 a
327 2655 400 2716 cibis
430 2657 465 2716 ad
494 2657 643 2716 evitandas
670 2657 781 2734 peccati
816 2656 1060 2728 sobicitationes3
1097 2655 1175 2732 quod
1200 2655 1291 2714 videri

60 2745 166 2816 posset
187 2739 376 2798 consentiens
399 2757 466 2800 cum
487 2739 624 2800 laudibus
646 2739 760 2799 inediae
793 2739 841 2811 iis,
879 2759 953 2818 quas
975 2739 1140 2800 decantarit
1160 2738 1190 2798 in
1213 2737 1290 2796 libro

61 2823 99 2883 de
120 2822 254 2883 ieiuniis.
290 2822 382 2900 Magis
405 2822 492 2882 etiam
516 2823 585 2884 illud
609 2831 655 2882 est
677 2831 859 2899 suspectam,
882 2841 948 2883 cum
968 2841 1031 2901 cap.
1054 2825 1083 2886 8.
1107 2829 1181 2882 extr.
1198 2819 1289 2881 dicat:

61 2907 131 2984 lpna'
152 2909 324 2968 destinetur
347 2905 442 2976 bomo,
470 2911 522 2984 qui
540 2919 613 2985 poet
635 2908 815 2984 baptismam
837 2906 944 2968 delicto
965 2914 1133 2968 restauror.
1176 2903 1214 2962 dt
1234 2920 1290 2964 ne-

61 3009 120 3068 que
142 2991 200 3050 boe
221 2997 378 3065 utrmnque
405 2990 556 3049 decretum
584 2989 737 3049 abborruit
764 3007 782 3049 a
808 2989 963 3068 disciplina
990 2999 1070 3050 recte
1098 2985 1290 3048 sentientium

61 3075 115 3144 sic,
139 3082 171 3133 ut
192 3072 345 3151 proprium
368 3080 451 3133 asset
471 3072 725 3133 blontanistarum.
768 3073 840 3132 Nam
869 3073 899 3132 in
928 3073 978 3133 illo
1001 3071 1119 3151 quidem
1142 3069 1291 3148 superiori

60 3157 139 3236 quod
162 3156 276 3217 admitti
298 3173 358 3214 non
382 3157 513 3233 potuerit
534 3157 607 3217 nibil
629 3163 685 3226 est,
708 3157 824 3216 etiamsi
854 3157 920 3217 aliis
942 3156 973 3217 in
994 3156 1068 3216 locis
1092 3154 1290 3216 Tertullianus

59 3242 185 3301 nimium
207 3238 494 3314 buicabstinentiae
516 3240 642 3310 tribuat3
669 3249 699 3300 at
728 3241 784 3300 boc
809 3241 854 3300 vel
876 3241 912 3300 ab
934 3240 1008 3318 ipsis
1031 3238 1208 3317 quibusdam
1237 3255 1289 3297 or-

59 3326 209 3384 thodoxae
241 3323 391 3384 Ecclesiae
423 3323 548 3384 addictis
586 3323 720 3402 quamvis
757 3324 859 3402 inepto
903 3341 994 3384 sensu
1036 3324 1192 3384 delcnsum
1234 3329 1290 3392 est,

60 3417 93 3468 ut
117 3416 222 3487 postca
244 3407 408 3478 docebitur,
431 3407 477 3467 vel
499 3407 560 3468 dici
578 3409 734 3468 commode
757 3408 852 3486 potuit
874 3409 911 3468 de
933 3409 987 3480 iis,
1010 3408 1060 3484 (qni
1082 3415 1154 3486 post
1174 3403 1289 3484 baptis-

59 3511 142 3552 mum
164 3492 200 3552 ad
224 3491 312 3551 vitam
333 3491 455 3570 impiam
470 3492 558 3554 delati
580 3493 617 3554 de
640 3510 673 3553 ea
697 3492 879 3554 emendanda
900 3510 960 3553 non
982 3491 1121 3568 cogitant.

585 3678 614 3750 s.
638 3673 765 3735 xxxu.

146 3791 205 3852 Sed
227 3809 280 3870 age
302 3791 456 3853 audiamus
479 3791 567 3852 etiam
590 3809 642 3850 eos
658 3791 745 3868 longe
761 3789 874 3868 plures,
898 3789 947 3867 qni
964 3789 1000 3849 de
1016 3787 1169 3867 Baptismo
1181 3783 1288 3845 librum

59 3876 203 3952 scriptum
227 3883 293 3935 ante
316 3873 487 3936 Tertulliani
510 3873 712 3936 secessionem
735 3893 794 3933 nno
817 3892 870 3934 ore
892 3875 1080 3934 confitentur.
1123 3869 1156 3929 ln
1183 3867 1289 3947 quibus

58 3961 179 4036 ineptus
209 3965 256 4019 est
282 3978 367 4019 error
394 3977 514 4028 eorum,
545 3965 680 4035 tanquam
709 3956 845 4028 Pamclii,
874 3957 936 4036 qui,
970 3961 1129 4034 praeeunte
1162 3952 1291 4030 quodam

57 4043 150 4102 modu
174 4041 368 4120 Epiphani00,
393 4041 562 4114 Quintillam
585 4059 660 4112 eam,
690 4057 764 4118 quae
794 4039 882 4101 buius
901 4040 977 4120 <libri
1006 4034 1213 4098 conscribendi
1236 4045 1289 4094 oc:

58 4127 211 4187 casionem
234 4125 331 4198 dedit,
355 4145 390 4186 ex
413 4125 566 4204 disciplina
582 4123 825 4184 N'ontanistarum
848 4131 953 4202 putant
968 4122 1072 4190 luisse,
1095 4119 1142 4178 cui
1163 4117 1289 4178 laminae

58 4229 126 4270 cnm
165 4227 198 4267 se
230 4209 318 4268 eliam
352 4209 538 4269 contumeliis
572 4205 746 4286 apposuerit
773 4207 983 4276 Tertullianus,
1019 4210 1194 4281 sequeretur
1221 4219 1289 4261 eum

58 4303 132 4364 tum,
161 4311 227 4353 cum
254 4292 334 4353 bunc
361 4292 468 4354 librum
490 4291 709 4372 perscriberet,
735 4289 830 4350 adbuc
859 4309 876 4350 a
903 4287 1038 4366 partibus
1061 4285 1208 4347 Ecclesiae
1229 4303 1288 4364 pu-

92 4477 124 4512 m.
150 4461 177 4510 in
197 4460 286 4509 Codice
304 4463 429 4511 canonum
448 4458 571 4509 Ecclesiae
595 4459 646 4523 pri·
699 4457 847 4506 Tindiratton
866 4457 894 4505 ot
910 4456 950 4504 tbe
968 4441 1088 4518 Sibyllina
1101 4454 1208 4506 oraclaa.
1227 4453 1288 4502 l’ro-

60 4531 157 4578 mitirae
176 4529 217 4576 lib.
238 4529 254 4575 l.
275 4543 295 4576 c.
317 4528 347 4576 ll
374 4524 391 4590 ἦ
418 4527 497 4589 lsqq
700 4539 753 4589 pus.
775 4522 815 4571 ill.
834 4539 857 4586 p.
876 4523 910 4572 36
927 4538 956 4586 sq

92 4612 115 4644 o.
141 4595 168 4646 lo
190 4595 252 4644 libro
276 4609 376 4644 suorum
402 4595 472 4644 lecito
496 4594 603 4656 optimo:
628 4595 646 4642 t
732 4606 755 4641 o.
776 4591 846 4640 llaer.
863 4589 907 4642 12.
925 4605 949 4642 n.
971 4591 993 4640 l.
1012 4588 1036 4638 2.

92 4681 254 4724 Τιιιιιιιιιιιι
269 4691 322 4725 οη.
336 4693 374 4723 ιιι.
389 4690 488 4722 oratus.
518 4677 583 4722 Tem.
594 4677 634 4722 tlt.
1048 4669 1082 4722 ³8
