3126 5250
480 397 614 444 sacroue
634 399 694 443 nic.
715 399 900 444 caucasea.
1233 381 1298 450 303

583 599 750 670 sericatus
769 618 805 669 iv.

84 723 126 766 Cui·
150 719 270 766 Christiani
287 719 345 764 disai
362 720 496 766 dominicum
519 720 549 764 ali
566 721 659 766 amolcie
676 720 722 766 Soli
739 720 835 766 dicsoiai
861 721 912 765 laeti
929 721 1010 766 testum
1026 727 1126 776 spereat,
1157 720 1235 778 sicque
1252 731 1298 770 utto

239 795 323 838 tunmm
339 789 390 834 loco
407 799 420 832 s
438 788 556 843 gentilibus
574 794 595 832 et
612 787 697 832 ludaeis
715 789 772 833 diem
789 789 874 833 sabbati
891 789 1012 833 solemnem
1031 787 1145 834 celebriu-

575 855 633 900 tilius
650 855 809 913 discreparant.

170 969 253 1032 illius
276 987 347 1032 sane
368 987 427 1032 nec
450 969 548 1033 minor
575 972 708 1051 proiecto
730 989 815 1034 error
843 979 906 1034 erat
927 969 1092 1050 gentilium,
1126 968 1177 1048 qui
1203 967 1299 1034 itdliua

81 1054 283 1135 opinabantur
302 1053 397 1116 colein
419 1053 486 1118 ideo
502 1054 525 1118 ‘a
547 1055 721 1118 Christianis
742 1065 879 1135 tanquam
900 1055 993 1118 Deum
1014 1054 1081 1128 coli,
1109 1052 1176 1133 quia
1199 1052 1297 1116 domi·

81 1142 186 1203 111111111
208 1139 296 1213 diem,
317 1138 354 1201 ab
375 1139 433 1202 illis
448 1139 510 1201 Soli
531 1139 668 1214 dicatum,
689 1141 720 1202 hi
735 1158 802 1202 cum
815 1139 926 1202 laetitia
939 1147 1069 1219 agerent.
1098 1136 1298 1212 Quamobrem

81 1223 287 1286 Tertullianus
310 1242 362 1286 eos
390 1223 434 1286 sic
455 1224 563 1287 relellit
589 1233 619 1287 et
640 1225 780 1305 magitat:
815 1226 912 1308 Aeque
933 1229 962 1286 ii
981 1226 1057 1287 diem
1076 1222 1167 1300 solis,
1199 1220 1299 1284 idest

80 1307 283 1382 dominicum,
308 1308 438 1372 lactinae
458 1309 661 1390 mdaigemiii,
691 1311 753 1374 aiio
773 1310 860 1391 ioiipe
882 1313 1017 1379 ratione.
1045 1326 1133 1388 qiiaiii
1154 1307 1299 1388 religione

80 1395 146 1457 1111
178 1393 258 1455 cultu
285 1392 367 1456 Solis
404 1393 586 1469 (Tertullian.
607 1394 759 1474 apologet
781 1413 844 1474 cap.
869 1395 942 1471 itt).
985 1392 1076 1454 Tacct
1101 1390 1219 1470 quidem
1239 1391 1298 1466 ille,

81 1497 162 1558 quac
183 1496 218 1540 ea
240 1477 282 1538 sit
302 1477 357 1540 alia
378 1477 451 1540 ratio
474 1497 526 1540 cur
546 1497 613 1541 euin
635 1478 712 1542 diem
739 1479 807 1540 laeti
828 1485 915 1558 atque
942 1477 1015 1539 adeo
1037 1476 1145 1538 sestam
1166 1475 1298 1538 celebra·

82 1571 164 1626 rent.
193 1559 254 1624 Sed
274 1561 353 1624 illam
373 1561 459 1624 nobis
474 1563 602 1626 reddidit
613 1563 779 1626 Barnabas:
802 1561 918 1625 idcirco
935 1563 1009 1624 diem
1025 1570 1171 1631 octaoiiiii,
1192 1559 1298 1638 inquit,

77 1645 110 1708 iil
136 1655 187 1708 est
207 1645 405 1720 dominicum,
427 1651 460 1710 iii
482 1647 596 1712 laetitia
618 1651 749 1728 apimm,
781 1652 815 1709 iii
842 1665 900 1729 qiio
926 1657 955 1708 et
976 1645 1061 1708 ieras
1082 1649 1259 1707 resiirresci‘t
1278 1663 1300 1708 a

81 1735 218 1795 martiris
239 1740 269 1793 et
291 1750 356 1794 cam
377 1735 576 1813 apparuisset,
598 1733 732 1796 aseendit
752 1732 792 1794 ad
812 1731 909 1794 coelos
932 1729 1066 1806 (Barnab.
1086 1727 1180 1810 Epist.
1201 1732 1231 1805 ς.
1248 1731 1300 1793 15.

81 1835 155 1897 pag.
170 1818 241 1892 lli).
272 1815 358 1888 Quia
380 1815 495 1895 quidem
517 1817 638 1896 pulchre
658 1817 812 1878 coufirmat
831 1815 962 1878 lustinus
981 1821 1102 1894 martyr,
1123 1812 1175 1892 qui
1188 1811 1299 1877 idcirco

82 1919 152 1962 uon
183 1917 268 1962 secus
294 1918 330 1962 ac
355 1899 503 1964 Barnabas
531 1909 562 1963 ct
588 1901 785 1964 Tertullianus
810 1909 914 1962 noster
940 1907 1041 1980 aperte
1067 1897 1195 1961 declarat
1219 1897 1300 1960 huna

83 1985 171 2048 diem
197 1983 269 2047 solis
296 1985 487 2064 appellatum,
520 2003 579 2066 qno
608 1985 766 2049 Christiani
793 1984 964 2064 congregari
992 1981 1142 2046 solebant:
1177 1980 1299 2066 epeia

84 2063 184 2150 ἡλίου
205 2067 304 2152 tepop
381 2061 500 2154 ἡμέρᾳ,
534 2072 581 2134 die
609 2090 684 2152 quae
712 2069 787 2134 solis
814 2080 943 2133 oocotai·
963 2067 1079 2144 (lustin.
1100 2065 1298 2148 lpologetl.

85 2173 153 2234 pag.
176 2155 254 2230 aa).
296 2153 340 2214 ito
362 2173 409 2216 em
439 2173 555 2236 quoque
581 2155 702 2218 nomine
729 2161 912 2233 nuncapatur
937 2153 969 2216 in
996 2151 1086 2215 variis
1114 2150 1300 2214 Constantini

87 2239 197 2319 llagni,
220 2237 412 2302 Valentiniani
433 2238 558 2301 iunioris
580 2247 611 2302 et
631 2239 793 2302 Theodosii
813 2238 938 2318 legibus,
960 2237 992 2299 in
1013 2256 1085 2317 quas
1102 2235 1300 2298 Cothoiredus

89 2325 173 2403 ptura
193 2321 228 2384 iu
248 2341 312 2386 rem
331 2330 465 2386 nostram
487 2323 593 2404 aliique
613 2324 682 2386 alibi
704 2323 897 2386 observarunt
924 2321 1009 2398 (Cod.
1029 2321 1179 2383 Theodos.
1200 2320 1256 2401 leg.
1281 2323 1297 2384 1

92 2412 169 2474 aa.
192 2408 231 2470 de
251 2406 356 2470 Feriis.
377 2425 442 2488 pag.
466 2411 526 2473 118
548 2416 578 2470 et
598 2413 704 2489 seqq).

175 2488 341 2571 Aliquando
363 2492 451 2554 etiam
471 2492 535 2554 dies
563 2493 726 2556 dominicus
756 2492 802 2553 vel
828 2489 974 2554 dominica
995 2489 1137 2552 solemnia
1157 2489 1204 2551 vel
1225 2489 1299 2550 sim·

99 2577 208 2654 pliciter
244 2577 423 2639 dominicum
458 2577 726 2657 cognominabatur.
779 2577 927 2656 Scriptum
962 2575 1071 2655 quippe
1103 2573 1300 2638 Tertullianus

97 2669 193 2724 noster
215 2661 346 2740 reliquit:
373 2661 527 2736 Quomodo
549 2664 697 2726 dominica
716 2661 863 2725 solemma
883 2659 1096 2722 celebrabimus
1119 2657 1300 2734 (Tertullian.

93 2745 138 2806 lili.
154 2746 192 2807 de
207 2745 288 2824 Fuga
302 2765 365 2826 cap.
385 2744 475 2822 ulti?
518 2745 679 2826 Cyprianus
700 2763 771 2807 iero
792 2746 822 2806 in
844 2763 897 2806 sua
918 2743 955 2804 ad
975 2741 1177 2823 presbyteros,
1199 2741 1300 2804 diaco-

92 2849 145 2892 nas
168 2839 200 2892 et
222 2829 386 2893 universam
408 2829 523 2910 plebem
545 2830 668 2910 epistola
688 2829 819 2910 scripsit:
841 2829 997 2892 Dominico
1011 2830 1133 2890 interim
1152 2825 1223 2905 legit
1242 2843 1301 2888 iio-

91 2915 143 2988 tii,
167 2915 200 2976 i'd
221 2926 268 2978 est
287 2920 461 2996 auspicatos
475 2925 520 2978 est
535 2933 648 2995 pacem,
670 2916 741 2977 dom
755 2915 868 2976 dedicat
880 2912 1035 2974 lectionem
1048 2909 1192 2990 (Cypriaci.
1206 2907 1301 2989 Epist

91 3002 140 3065 38.
164 3017 232 3080 pag·
254 3003 330 3076 51).
375 2999 457 3072 Quae
479 3007 526 3062 est
546 3007 654 3072 autem,
682 2999 806 3060 obsecro
827 3005 867 3070 te,
902 3014 937 3058 ea
957 2993 1055 3068 lectio,
1077 2993 1135 3056 nisi
1157 2993 1205 3056 illa
1227 3011 1301 3073 quac

90 3085 119 3146 iu
140 3083 271 3164 publicis
285 3083 519 3146 Christianorum
540 3083 682 3158 coetibus,
706 3083 749 3145 uti
769 3082 800 3144 iu
816 3079 950 3160 sequenti
964 3079 1058 3159 capite
1073 3078 1214 3152 dicemus,
1236 3077 1303 3142 fieri
1361 3103 1369 3124 ·

88 3177 297 3231 consueverat.
328 3167 361 3229 Si
383 3168 452 3246 quid
472 3186 543 3230 raro
565 3167 670 3230 clarius
692 3165 885 3239 desiderabis,
907 3164 1006 3226 audias
1028 3163 1113 3225 velim
1131 3162 1301 3238 Eusebium,

91 3243 141 3332 qui
162 3253 326 3400 meffiriffi
337 3252 476 3398 Iqirodidit
495 3253 574 3354 huuc
595 3251 814 3401 dieiwdqmgunmi
836 3249 960 3418 soquqii
981 3247 1039 3396 iiqu
1054 3247 1218 3350 celebrandi
1232 3265 1302 3350 ino-

91 3357 189 3400 rema
276 3357 291 3398 s
364 3355 632 3400 ominomanasse:
769 3359 790 3400 α
852 3356 870 3410 ς
942 3353 1008 3396 αα
1029 3353 1066 3408 υς
1119 3355 1222 3398 oroi
1284 3355 1302 3396 ν

90 3419 352 3508 χρηματίζουσαν
373 3413 495 3522 alpiaco
517 3416 632 3505 ἑορτὴν
654 3357 743 3504 tibia
764 3355 943 3486 ἐπσῖηυαυτό
960 3355 1135 3494 μι1ιινιὲινττιῖὶις
1155 3354 1303 3501 affid-

92 3505 185 3584 dioiis,
201 3506 257 3571 καὶ
269 3498 353 3570 αὐτὰ
363 3525 503 3587 σωματα
512 3509 666 3583 πιαίνειν,
683 3501 742 3582 τὰς
752 3502 789 3570 δὲ
799 3499 908 3587 ψυχὰς
919 3499 953 3568 ἐν
962 3504 1072 3579 θείαις
1081 3497 1303 3585 παιδεύμασιν
1402 3537 1403 3540 ¹

92 3583 320 3674 ἀναζωπυρεῖν
335 3586 571 3674 παρεσκεύασα
597 3589 751 3671 Praecepit
771 3602 807 3653 iit
828 3589 954 3670 impiatis
975 3591 1146 3668 aegnotantis
1161 3591 1194 3650 iii
1208 3607 1305 3650 enam

92 3680 313 3748 conuenientes,
336 3676 514 3739 domitricem
529 3677 604 3738 aliem
617 3677 730 3755 festam
743 3685 866 3755 opereat
888 3693 941 3736 iiec
964 3691 1094 3754 corpora
1114 3676 1304 3750 1111111111-

92 3773 170 3832 reiit,
200 3762 255 3824 sed
281 3764 397 3824 aiii'iiios
432 3761 539 3822 divitiis
559 3760 819 3840 praeceptionibus
841 3757 1052 3838 refocillarent
1080 3755 1199 3828 (Euseb.
1222 3754 1304 3818 Orat

93 3843 130 3904 de
151 3845 247 3908 Laud.
271 3843 455 3907 Constantini
476 3863 539 3924 cap.
570 3848 619 3908 l'i.
641 3861 707 3923 pag.
730 3844 825 3918 661).
867 3842 959 3922 Atque
992 3841 1030 3902 ita
1061 3839 1195 3902 Valesius
1226 3837 1307 3902 lianc

94 3927 214 3992 Euscbii
235 3929 333 3992 locum
354 3930 573 4008 interpretatur,
601 3927 651 4008 qui
672 3935 738 3990 aute
758 3926 880 3988 verbnm
907 3929 1052 3990 πιαίνειν
1073 3921 1245 4004 particulam
1264 3913 1303 3986 οὗ

94 4011 206 4076 librarii
227 4013 341 4076 incuria
363 4014 504 4076 omissam
526 4013 616 4076 luisse
637 4031 697 4074 nou
719 4010 840 4084 dubitat,
862 4012 929 4090 quia
942 4005 981 4073 τὸ
995 4010 1140 4074 πιαίνειν
1154 4025 1214 4068 noo
1230 4025 1305 4069 con-

93 4097 175 4160 tenit
194 4097 380 4161 Christianis.
422 4097 530 4160 Postea
557 4115 627 4158 vero
652 4095 831 4176 Epiphanius
859 4093 895 4157 de
923 4093 1025 4156 eadem
1054 4091 1217 4154 dominicae
1246 4092 1305 4155 diei

95 4181 267 4244 celebritate
295 4183 372 4244 baca
392 4182 520 4262 scriptis
552 4181 687 4243 tradidit:
727 4173 795 4256 Τὰς
815 4175 969 4262 κυριακὰς
990 4169 1123 4253 ἁπάσας
1143 4197 1201 4259 πρυ
1231 4173 1306 4262 spite

95 4256 226 4412 qyeiaai
246 4259 267 4350 ἡ
291 4259 368 4350 ἁγία
390 4259 470 4350 αι’πη
491 4260 651 4348 robolini)
669 4255 844 4346 Ἐναλησία,
872 4263 925 4328 καὶ
949 4257 1098 4339 aviditas
1118 4252 1175 4346 dipl
1199 4197 1306 4327 doaso

112 4350 251 4429 πιτελεί,
276 4344 314 4416 οὗ
336 4347 499 4437 1111τεύ111
536 4351 708 4415 Dominicai
731 4367 830 4412 omnes
852 4349 948 4427 [estas
969 4347 1140 4430 hilaresque
1162 4347 1310 4412 catholica

95 4437 370 4510 mammetem,
402 4456 436 4500 11
463 4436 609 4500 solemnes
632 4445 797 4498 conomius
816 4436 974 4497 matutinis
1002 4433 1085 4496 liaris
1119 4433 1224 4495 indicit
1253 4450 1307 4497 aec
1430 4427 1440 4437 '

97 4519 167 4580 etta
186 4525 296 4586 i'eiimia
318 4523 448 4586 11111111
469 4521 623 4600 (Epiphan.
645 4518 774 4599 Exposit
796 4517 860 4580 Fid.
882 4521 913 4595 t.
934 4519 985 4580 22.
1005 4533 1070 4597 pag.
1096 4521 1189 4592 iot).
1232 4517 1307 4579 llibi

99 4613 196 4667 sutem
215 4625 271 4670 iios
293 4607 430 4670 admonet
451 4607 530 4670 hunc
550 4623 661 4668 morem
683 4604 719 4666 ab
742 4602 884 4684 apostolis
906 4601 1053 4683 proficisci
1074 4602 1166 4679 (Idem
1185 4601 1308 4665 llaeres.
