3144 5236
490 329 624 374 ruccone
647 331 705 372 nra.
728 331 765 373 ns
788 329 915 374 nouam.
1250 319 1313 384 225

181 478 211 540 ln
232 479 334 542 eadem
356 497 474 558 quoque
496 489 598 540 nostra
620 479 657 540 de
678 479 766 541 hunus
790 479 874 542 libris
896 479 1107 557 dissertatione
1130 483 1314 552 ostendimus

114 563 242 642 quomodo
263 580 298 625 ea
321 563 528 643 explanaverit,
551 582 625 642 quae
647 582 663 625 a
686 563 868 625 Tertulliano
890 564 927 626 de
950 563 1057 626 Christi
1079 577 1187 641 morte,
1210 569 1312 646 sepul·

113 657 162 708 tura
187 656 214 708 et
238 649 459 710 resurrectione
488 648 568 716 dicta
593 655 680 726 atque
705 649 785 710 hunc
811 649 842 709 in
869 649 990 710 modum
1017 650 1126 712 ibidem
1158 650 1313 714 subiuncta

112 741 178 792 sunt:
204 731 265 794 Nec
286 732 348 804 ille,
372 731 518 806 Christus,
545 733 701 794 redivivere
724 750 756 795 se
777 736 810 795 in
831 732 941 813 vaignes
963 736 1076 806 ednm't,
1097 753 1136 797 ne
1157 739 1243 816 impii
1262 755 1314 798 er·

111 833 169 876 rore
189 815 396 878 liberarentur
418 815 601 888 (Tertullian.
623 815 777 896 hpologet.
801 836 863 897 cap.
880 821 954 894 21.)
999 817 1044 880 lbi
1066 827 1164 880 autem
1186 821 1313 882 demon-

109 899 246 961 strauimus
282 899 362 962 hunc
395 899 534 979 loquendi
569 899 707 974 modum,
739 901 788 981 qui
817 920 877 963 non
907 902 1001 964 solum
1030 921 1046 962 a
1074 899 1255 965 Tertulliano
1283 913 1315 966 ct

107 981 250 1056 lactantio,
275 984 329 1046 sed
340 983 485 1064 Cypriane
507 984 595 1045 etiam
617 1003 651 1045 ac
673 985 764 1047 sacris
786 986 900 1048 nost-is
922 986 1125 1065 Scriptoribus
1147 986 1313 1062 adhibetur,

107 1067 177 1144 phne
202 1068 350 1138 immerito
380 1068 416 1128 nh
438 1068 628 1134 heterodoxis
650 1057 824 1148 quibusdan
846 1071 944 1132 venari
966 1070 1105 1146 (llissert.
1128 1070 1160 1132 in
1181 1070 1313 1134 hactant.
1438 1085 1442 1092 “

106 1149 150 1212 loc
171 1171 250 1232 supr.
275 1153 323 1214 cit.
347 1161 378 1214 et
398 1171 461 1232 cap.
485 1156 534 1216 17.
556 1152 618 1214 hrt.
641 1157 695 1229 5.).

174 1235 321 1298 Posthaec
347 1254 420 1298 vcro
448 1237 646 1298 Tertullianus
675 1236 712 1297 de
740 1235 857 1299 Christo
890 1238 927 1299 ad
954 1238 1044 1300 vitam
1072 1247 1208 1300 revocato
1241 1239 1314 1300 haec

106 1319 221 1381 tradidit:
246 1320 499 1402 condiscipulis
521 1321 698 1402 quibusdum
719 1323 802 1401 apud
824 1321 989 1384 Galilaearn
1010 1321 1140 1384 iudaeae
1163 1326 1315 1402 regionem

105 1405 137 1464 nl
153 1407 352 1485 qnadraginta
374 1406 435 1467 dies
457 1409 524 1486 egit,
548 1407 655 1467 docens
678 1423 728 1467 eos
751 1423 826 1486 quae
847 1407 989 1468 docerent
1014 1404 1196 1480 (Tertullian.
1218 1406 1314 1484 ibid).

106 1487 170 1558 Quid
190 1487 288 1568 erga?
330 1488 478 1568 Numquid
501 1488 636 1550 Christus
666 1507 721 1568 per
741 1497 837 1550 totum
859 1488 930 1550 illud
953 1497 1070 1568 tempus
1092 1489 1122 1551 in
1146 1489 1209 1552 sola
1232 1491 1313 1552 Cali-

30 1607 31 1610 =
105 1571 155 1632 het
180 1592 213 1634 ac
240 1591 310 1650 cum
337 1573 513 1651 quibusdam
542 1579 655 1634 tantum
677 1572 830 1650 discipulis
853 1573 916 1635 suis
938 1584 1072 1636 versatus
1095 1572 1166 1636 esti
1208 1575 1314 1636 Nonne

106 1665 128 1716 et
150 1657 213 1718 alibi
241 1665 275 1718 et
302 1657 440 1719 omnibus
468 1656 621 1736 discipulis
649 1654 807 1736 apparuit?
850 1656 910 1718 Sed
940 1657 1155 1730 Tertullianus,
1184 1659 1253 1737 quia
1281 1659 1313 1720 in
1351 1654 1354 1658 ’
1444 1653 1448 1662 ’

105 1739 151 1801 hoc
168 1741 241 1802 libro
265 1741 402 1803 brevitati
424 1741 570 1814 studebat,
592 1759 654 1802 non
676 1741 706 1802 id
728 1739 846 1820 quidem
868 1749 1011 1820 negatae
1032 1759 1106 1820 quae
1128 1741 1160 1802 in
1187 1742 1314 1804 Galilaea

104 1835 162 1886 snnt
186 1834 259 1898 acta,
291 1844 429 1887 narrasse
454 1825 510 1886 sibi
540 1825 613 1886 satis
643 1843 711 1886 esse
739 1824 864 1886 censuit.
907 1825 947 1886 ht
972 1825 1149 1906 CyprianuS,
1180 1826 1314 1905 quamvis
1377 1835 1380 1842 '

105 1907 171 1970 Num
193 1918 345 1990 sequantur,
368 1927 429 1970 non
452 1919 510 1970 tam
532 1909 643 1982 stricte,
666 1909 719 1969 sed
734 1908 910 1988 generaliter
925 1909 1060 1988 scripsit:
1082 1909 1235 1989 Apparuit
1250 1912 1315 1972 dis-

104 1993 195 2072 cipulis
223 1999 292 2056 suis
320 2025 363 2038 -
383 2025 423 2054 .-
454 1996 493 2056 ad
522 1995 584 2056 dies
612 1993 814 2075 quadraginta
835 2005 1006 2056 remoratus
1029 2004 1083 2066 eet,
1106 2005 1142 2055 ut
1163 1995 1198 2056 de
1221 1989 1260 2056 ea'
1276 1995 1316 2056 ad

100 2089 248 2158 praecepto
274 2076 379 2140 vitalia
401 2082 518 2139 instrui
532 2087 709 2158 pascentes
731 2079 882 2139 discerent
904 2096 978 2158 quae
1003 2078 1145 2139 docerent
1167 2077 1314 2156 (Cypriam

103 2157 132 2220 de
151 2161 256 2222 ldolor.
275 2161 369 2223 Venit.
393 2179 421 2240 p.
442 2164 513 2238 16.)
557 2160 599 2222 De
622 2161 670 2221 his
693 2168 791 2222 sutem
814 2160 924 2222 Christi
946 2159 1181 2240 apparitionibus
1203 2170 1234 2222 ct
1256 2161 1313 2222 do-

103 2245 180 2305 ctrina
201 2265 259 2324 qna
284 2244 446 2325 discipulos
469 2263 542 2306 suos
564 2245 670 2306 imbuit
691 2243 721 2304 in
744 2245 809 2306 aliis
827 2243 1086 2306 dissertationibus
1101 2245 1315 2324 disputavimus

103 2325 255 2398 (dissertat
281 2329 312 2390 in
334 2328 466 2390 Lactant.
489 2347 552 2408 cap.
577 2331 626 2392 19.
648 2328 710 2389 hrt.
723 2330 753 2392 3.
779 2337 809 2390 et
829 2327 984 2390 llissertat.
1008 2329 1038 2392 in
1054 2328 1161 2390 Caecil.
1178 2329 1214 2390 de
1228 2329 1315 2390 hlort.
1419 2405 1425 2416 Ι

78 2409 237 2474 ·Perseout.
263 2431 327 2492 cap.
350 2418 381 2477 4.
401 2411 471 2474 hrt’
487 2417 540 2490 2.).

173 2497 205 2557 ln
233 2497 342 2558 iisdem
371 2497 458 2560 etiam
488 2496 706 2559 enucleavimus
729 2494 799 2574 quid
822 2495 990 2574 significent
1010 2496 1084 2558 haec
1104 2495 1315 2576 subsequentia

101 2577 262 2643 Tertulliani
290 2580 394 2643 verba:
430 2581 547 2644 Dehinc
574 2583 723 2643 ordinatis
751 2583 794 2641 eis
824 2581 863 2640 ad
884 2581 1020 2660 officinm
1039 2579 1241 2659 praedicandi
1257 2599 1316 2662 per
1446 2603 1453 2616 ¹

101 2663 190 2726 orbern
219 2667 408 2745 circumfusa
437 2665 514 2727 narde
542 2669 573 2726 in
603 2663 717 2726 caeluni
745 2675 789 2725 est
811 2673 933 2744 ereptus
956 2663 1139 2737 (Tertullian.
1162 2664 1219 2724 loa
1243 2663 1314 2740 cit).

99 2743 128 2806 ln
152 2749 263 2810 nostris
291 2768 363 2810 vero
387 2748 610 2827 ,exemplaribus
642 2757 671 2808 et
699 2746 765 2808 aliis
794 2755 862 2808 ante
883 2747 1041 2825 Nigaltium
1063 2745 1151 2809 editis
1172 2745 1314 2824 legimus:

101 2829 132 2891 ln
157 2834 269 2896 caelum
299 2844 345 2896 est
371 2843 520 2914 receptus.
565 2831 712 2910 Numquid
740 2830 884 2909 Rigaltins
916 2829 999 2891 illum
1024 2825 1165 2909 loquendi
1193 2827 1315 2891 modum

100 2914 166 2976 lerre
186 2935 248 2978 nan
271 2915 391 2996 potuit?
436 2917 495 2978 Cur
517 2934 587 2995 ergo
610 2915 656 2976 his
678 2915 778 2993 potius
801 2931 861 2974 non
884 2931 957 2976 usus
980 2922 1027 2974 est
1041 2912 1177 2992 Cypriani
1199 2912 1315 2974 verbis:

99 2997 131 3058 ln
152 3001 265 3062 caelum
287 3002 474 3080 circumfuso
494 3003 572 3062 nube
596 2998 735 3061 sudham
758 3007 804 3058 est
831 2996 929 3076 (Cypr.
952 2997 1003 3058 lib.
1026 2998 1063 3058 dc
1084 2995 1195 3058 ldolor.
1217 2995 1314 3058 Venit.

98 3083 228 3160 plut?
271 3085 379 3146 Nonne
400 3085 506 3146 melius
530 3103 563 3144 ex
587 3081 744 3160 discipula,
768 3081 795 3141 si
817 3081 847 3141 id
875 3079 986 3155 liceret,
1015 3080 1189 3159 magistrum
1211 3098 1314 3142 corre-

98 3167 204 3230 xisset?
233 3169 292 3230 Sed
315 3169 486 3231 auctoribus
509 3186 562 3228 sua
584 3166 673 3228 verba
694 3164 885 3244 relinquenda
907 3173 986 3227 sunt.
1023 3163 1101 3226 Alias
1124 3164 1204 3227 euim
1218 3173 1315 3228 actum

99 3262 170 3314 esset
190 3252 227 3313 de
249 3253 387 3332 genuinis
410 3261 541 3314 veterum
563 3252 742 3330 scriptorum
764 3248 916 3328 operibus.

128 3343 132 3350 ‘
172 3337 261 3398 ludit
278 3335 476 3399 Tertullianus
492 3336 641 3397 Christum
664 3334 699 3395 ad
723 3334 822 3396 caelos
844 3331 1071 3394 conscendisse:
1095 3331 1193 3396 Malta
1208 3332 1316 3396 melius

99 3416 1332 3580 1111111111111111).111111111.)111111111.).111111111
1375 3505 1385 3526 ·

99 3583 213 3664 Rigaltio
236 3588 469 3668 antiquioribus:
507 3587 605 3649 Multo
628 3590 731 3648 verens
755 3631 763 3647 .
788 3632 795 3646 .
820 3630 828 3646 .
852 3587 887 3647 de
907 3585 1036 3648 Romula
1059 3584 1188 3648 Proculi
1207 3583 1317 3646 solent.

99 3667 164 3740 Quis
190 3680 289 3734 autem
319 3690 381 3734 non
411 3672 507 3734 videat
535 3669 611 3732 hanc
638 3669 785 3748 potiorem
814 3669 1030 3749 genuinamque
1053 3685 1122 3728 esse
1144 3665 1315 3728 Tertulhani

97 3751 269 3818 lectionem?
312 3755 388 3816 Nam
419 3755 459 3818 ihi
492 3755 602 3818 asserit
634 3754 726 3815 multo
754 3753 853 3814 verius
882 3771 950 3815 csse
979 3751 1128 3814 Christum
1159 3750 1190 3810 in
1219 3748 1317 3810 caelos
1426 3810 1431 3822 ,

98 3841 259 3902 ascendisse
287 3859 377 3918 quam
405 3839 573 3910 Romulum,
607 3837 740 3917 quamvis
774 3835 901 3910 Proculi,
935 3835 964 3897 id
994 3843 1040 3896 est
1069 3834 1089 3894 ii
1122 3832 1171 3910 qui
1201 3830 1316 3894 Proculi

98 3923 423 4070 lgffllngssummm’
457 3925 604 3986 affirmare
634 3921 750 3984 soleant
771 3919 868 3982 visum
892 3939 908 3981 a
931 3939 969 4038 se⁸
985 3915 1144 3979 Romulum
1166 3915 1197 3975 in
1220 3914 1318 3978 caelos

173 4092 309 4170 lienique
329 4091 440 4152 ductor
461 4098 564 4152 noster
586 4089 708 4150 adiecit:
737 4087 783 4149 Ea
806 4091 907 4150 omnia
928 4103 1020 4166 snper
1044 4083 1163 4146 Christo
1187 4082 1317 4160 Pilatus,

98 4184 122 4234 et
147 4179 211 4256 ipse
239 4181 300 4238 iam
329 4193 391 4256 pra
424 4195 480 4236 sua
509 4176 691 4237 canscientia
715 4171 920 4248 Christianus,
951 4171 1078 4232 Caesari
1104 4177 1176 4228 tunc
1201 4166 1317 4232 Tiberio

98 4264 255 4323 nuntiant.
286 4259 394 4322 Sedet
419 4257 562 4321 Caesares
586 4257 783 4320 credidissent
804 4273 897 4334 snper
920 4254 1051 4326 Christo,
1072 4255 1103 4314 si
1121 4260 1150 4314 et
1173 4250 1317 4314 Caesares

98 4359 152 4404 san
178 4355 281 4406 essent
308 4342 428 4406 saeculo
455 4346 629 4412 necessarii,
652 4352 705 4404 aut
727 4344 756 4400 ei
777 4338 946 4401 Christiani
961 4341 1135 4416 patuissent
1155 4352 1220 4396 esse
1243 4335 1317 4396 Cac-

99 4445 176 4490 sorcs
199 4428 310 4503 (ibid).
354 4427 482 4488 hlntuam
511 4433 607 4486 autem
629 4425 676 4486 his
699 4423 799 4485 verbis
823 4421 877 4482 alia
907 4420 944 4482 ab
966 4439 1003 4482 eo
1037 4417 1176 4499 superius
1209 4417 1318 4497 scripta

99 4509 162 4571 ciant
183 4513 284 4591 utique
305 4511 411 4573 lucem.
443 4509 523 4572 liaeo
544 4519 641 4572 autem
662 4506 845 4586 totidemque
868 4514 957 4576 sunt:¹
977 4503 1112 4568 Tiberius
1134 4507 1319 4566 annuntiato

127 4613 309 4675 terreremus
312 4625 514 4658 rrrrrrrrrrrrr
518 4602 522 4612 ’
542 4612 654 4658 Tomlll.
787 4617 791 4625 ¹
1022 4642 1029 4654 .
1080 4603 1111 4654 ib
1269 4591 1280 4600 “
