3036 5230
480 391 616 436 torrens
637 392 699 437 ron.
721 392 807 438 xsxs.
909 451 910 458 ἵ
1191 381 1254 446 703

105 537 328 614 Mosbemiosl,
356 539 531 609 auctoritate
550 559 625 602 usus
650 539 718 602 libri
739 541 797 603 sub
818 542 1033 606 Pruedestioati
1055 545 1140 608 tinulo
1162 547 1251 608 mode

10 623 154 696 sudati,
179 624 332 686 contendit
351 625 524 686 Montanum
546 625 624 686 inter
644 624 715 686 alias
737 626 888 688 doctrinas
911 627 1113 690 imminentem
1136 629 1252 709 imperii

10 708 154 770 tomani
190 708 342 770 interitum
377 707 531 780 docuisse,
571 721 661 787 quem
694 719 829 772 semtnra
862 719 943 772 esset
974 713 1141 790 praesentia
1168 715 1252 774 doti-

13 791 128 854 hristi
161 799 191 852 et
218 791 293 852 alter
318 792 462 854 adventus
484 792 602 854 Domini
630 793 742 867 nostri,
771 793 861 855 ulturi
890 797 1114 874 persecutiones
1137 796 1253 860 Sanctis

13 877 78 936 uis
118 875 258 937 indictas.
303 876 488 938 Christianos
512 877 722 955 prudentiores
745 887 774 938 et
795 877 914 939 sobrios
936 887 1168 942 consentaneum
1190 890 1255 944 erat

10 961 220 1022 ’elrementer
248 960 359 1021 ollendi
387 969 489 1038 aperta
517 960 618 1021 talium
646 962 815 1040 dogmatum
844 963 1048 1041 professione,
1077 981 1152 1043 quae
1180 963 1253 1026 nibil

10 1044 100 1104 iliud
136 1044 256 1105 efficere
284 1044 381 1123 potuit
407 1045 465 1105 nisi
493 1056 537 1106 ut·
554 1044 658 1122 religio
685 1064 740 1108 sun
761 1046 888 1108 obnoxia
909 1047 1084 1108 redderetur
1104 1049 1254 1127 potentiae

10 1128 195 1188 inminenti
223 1138 253 1188 et
278 1129 310 1188 in
338 1127 422 1206 ipsos
450 1146 542 1189 noras
570 1127 693 1192 iniurias
722 1138 753 1190 et
779 1131 958 1192 calamitates
979 1128 1173 1210 pertraheret
1216 1132 1255 1194 Ut

10 1211 216 1273 Maximillam
245 1211 371 1274 vidimus
399 1212 526 1273 celerem
552 1212 698 1274 bellorum
720 1233 755 1275 ac
779 1215 967 1294 ιιιιιιιιΙιιιιιιιιι
982 1215 1139 1277 adrentum
1164 1235 1253 1296 prae-

10 1297 152 1368 lixisse,
175 1315 249 1374 quae
271 1314 465 1374 praecessura
488 1305 590 1358 essent
610 1297 697 1358 linem
719 1316 818 1358 rerum
841 1300 1052 1372 humanarum
1073 1299 1113 1360 ita
1128 1301 1159 1361 in
1175 1300 1252 1364 Ter·

10 1379 143 1440 tulliani
171 1381 313 1459 operibus
341 1380 399 1442 loci
426 1379 558 1459 quinam*
591 1389 692 1442 extant
718 1381 768 1460 qui
797 1382 944 1461 suspicari
966 1401 1022 1444 nos
1045 1383 1166 1445 iubeant
1187 1403 1254 1446 eum

10 1463 144 1526 similes
173 1465 335 1525 sententias
363 1465 487 1525 lorisse.
536 1464 675 1526 sensisse
702 1475 800 1526 minen
828 1466 944 1528 videtur
972 1467 1179 1528 necessitatem
1202 1487 1253 1532 ess

10 1548 159 1620 celandi,
189 1559 220 1610 et
246 1548 440 1626 persuasione
468 1567 503 1609 ac
529 1547 685 1626 prudentia
713 1548 809 1628 ipsius
837 1551 913 1612 inter
942 1569 976 1611 se
997 1551 1194 1630 pugnantibus
1216 1553 1254 1614 ad

10 1633 176 1710 quandam
199 1632 314 1694 dicendi
337 1632 563 1694 inconstantiam
580 1631 706 1694 subinde
723 1635 883 1711 perductus
898 1644 954 1695 est.
998 1635 1071 1696 Nam
1086 1635 1254 1696 inertum*
1310 1675 1315 1686 .

11 1728 56 1778 ita
84 1715 222 1795 loquitur
242 1717 317 1777 acsi
333 1716 489 1778 Christiani
513 1717 652 1778 dederent
663 1717 811 1796 'precibus
826 1726 963 1796 expetere
978 1719 1104 1780 celerem
1122 1719 1254 1782 omnium
1345 1713 1351 1718 ’

10 1819 129 1861 rerum
153 1801 449 1873 consummationem,
471 1801 543 1862 alias
565 1819 600 1862 ac
614 1800 640 1861 si
661 1819 724 1864 non
746 1803 896 1866 debean.

21 1897 24 1906 ¹
114 1885 178 1944 Una
200 1884 258 1946 iam
281 1886 415 1962 quaestio
438 1891 532 1946 restat
553 1884 766 1946 consideranda
790 1887 878 1960 baec,
901 1905 976 1965 quae
998 1886 1087 1948 luerit
1107 1867 1176 1948 re’ra
1197 1905 1253 1948 oa·

13 1977 93 2028 tura
117 1969 255 2030 fraudum
277 1967 429 2030 Montani?
471 1969 537 2029 buo
559 1968 600 2029 illi
622 1969 680 2030 loci
701 1969 738 2031 ab
757 1969 924 2049 Epiphanio
947 1989 983 2030 ex
1004 1973 1068 2032 eius
1084 1971 1254 2050 Prophetiis

10 2052 108 2116 allati
132 2052 229 2130 primo
252 2052 393 2130 adspectu
415 2071 471 2113 nos
494 2052 673 2116 adduxerint
693 2053 730 2114 od
754 2054 982 2132 suspicandum,
1004 2073 1071 2116 euru
1095 2053 1254 2116 simulasse

10 2131 125 2220 ¹semet
155 2137 252 2214 ipsum
280 2155 348 2198 esse
371 2137 464 2198 Deum
486 2145 610 2214 patrem.
654 2137 780 2210 Quidam
804 2137 965 2216 scriptores
987 2145 1164 2216 putaverunt
1185 2156 1253 2200 eum

10 2220 234 2300 ¹praetendisse
263 2240 295 2282 se
325 2239 393 2282 esse
425 2220 567 2300 Spiritum
590 2221 746 2296 Sanctum,
775 2221 824 2300 qui
853 2230 936 2284 esset
965 2221 995 2282 ln
1018 2241 1052 2283 se
1074 2223 1254 2296 incarnatus,

10 2303 282 2384 'quemodmodom
304 2305 432 2366 Verbum
461 2306 592 2367 inleso.
635 2305 832 2366 Mosbemium
857 2312 979 2385 apparet
999 2306 1087 2366 rariis
1110 2306 1254 2384 tempori-

10 2389 83 2462 ‚bus
109 2387 205 2449 rarias
227 2389 264 2449 de
286 2389 341 2451 bae
362 2407 394 2450 re
419 2390 550 2450 tenuisse
571 2389 744 2451 sententies.
788 2391 822 2450 ln
838 2390 914 2451 libro
930 2407 986 2452 suo
1001 2388 1151 2450 dellebus
1166 2389 1254 2451 Chri-

10 2475 195 2542 }stianorum
223 2479 292 2533 ante
324 2473 567 2534 Constantinum¹
596 2473 639 2534 sic
666 2474 715 2536 ille
741 2475 779 2534 de
801 2474 957 2536 Montano:
988 2473 1107 2545 „Hono
1137 2473 1254 2534 arellius

10 2547 178 2640 [nominis
201 2560 322 2618 minime
341 2557 450 2628 molor,
474 2569 590 2618 notura
612 2563 719 2629 tristis,
743 2557 904 2638 debitisque
926 2559 1036 2627 r'udieii,
1060 2557 1164 2618 morbo
1180 2575 1256 2636 puo-

27 2644 104 2702 dum
128 2645 223 2702 animi
243 2646 274 2702 in
298 2651 413 2702 iontem
434 2642 583 2702 inridebat
603 2645 778 2711 ensentium,
807 2653 843 2703 ut
866 2641 1014 2719 Spiritum
1036 2641 1181 2702 Sanctum
1203 2658 1257 2700 seu

23 2725 227 2786 Paracletum
253 2725 341 2786 iilum
367 2728 420 2804 piri
445 2728 637 2784 onirnooerut
663 2724 820 2803 apostolos
848 2723 918 2784 lesu
946 2724 1073 2793 Christi,
1110 2725 1255 2788 diuinitus

25 2811 89 2871 sibi
113 2811 253 2888 obtipisse
276 2809 466 2870 contenderet
488 2809 599 2869 adres
620 2807 748 2883 [uteres
769 2811 895 2868 meieni
913 2810 1059 2866 momenti
1074 2806 1258 2884 praedicen-

27 2895 105 2964 dos,
138 2905 165 2954 et
199 2911 318 2954 morum
352 2895 488 2972 uitaeque
518 2890 723 2970 disciplinam,
749 2894 863 2970 priori
892 2890 928 2950 ab
959 2889 1107 2969 apostolis
1144 2889 1259 2950 tradita

11 2973 218 3050 {sanctiorem
245 2989 274 3039 et
301 2976 472 3047 ureliorem,
502 2975 713 3036 eroieniomr‘
761 2975 800 3035 At
825 2975 855 3033 in
883 2972 1014 3032 Historia
1039 2989 1093 3032 sua
1115 2971 1256 3032 ecclesia-

11 3061 132 3122 'sticat¹
154 3061 229 3122 hooc
250 3062 313 3121 lere
335 3059 423 3120 tradit
445 3059 481 3120 de
508 3058 638 3119 Montani
659 3056 812 3119 fraudibus
833 3056 1048 3118 narrationem:
1073 3055 1257 3128 „Montanus

11 3137 188 3220 fsimulabat
210 3163 244 3205 se
266 3163 335 3206 esse
349 3143 532 3204 Paracletum
548 3144 611 3204 sire
622 3141 852 3214 consolatorem,
876 3159 962 3219 quem
986 3139 1120 3200 Salvator
1141 3138 1257 3200 divinus

32 3229 189 3292 discedens
212 3247 230 3290 e
253 3229 340 3290 terris
362 3226 502 3306 promisit
523 3245 556 3288 se
579 3225 736 3304 discipulis
756 3225 819 3286 suis
840 3225 1000 3286 missurum
1023 3242 1104 3294 esse,
1130 3222 1180 3301 qui
1202 3241 1257 3284 eos

12 3305 13 3334 ³
33 3315 64 3375 in
90 3331 206 3372 onmem
230 3312 392 3373 veritatem·
405 3311 535 3372 doceret.
580 3309 686 3381 Necii,
702 3309 807 3388 pergit,
830 3309 879 3389 qui
895 3327 951 3368 nos
966 3308 1073 3368 docent
1086 3308 1258 3368 Montanum

12 3395 14 3476 Ϊ
34 3395 253 3478 praetendisse,
284 3415 317 3457 se
346 3395 470 3458 coelitus
500 3394 626 3456 eundem
649 3393 791 3472 Spiritum
817 3413 870 3455 seu
893 3391 1072 3454 Paracletum
1095 3391 1257 3468 recepisse,

12 3477 87 3560 'qui
114 3479 181 3540 olim
209 3479 364 3560 apostolos
386 3479 564 3553 animasset,
586 3486 721 3540 acrnrato
742 3478 831 3540 buius
852 3476 990 3538 baeretici
1012 3484 1142 3536 mentem
1165 3475 1258 3535 inter-

36 3563 140 3644 pretati
164 3574 242 3625 sunt.
286 3564 447 3644 Propterea
469 3582 592 3625 neccsse
615 3571 661 3624 est
682 3563 731 3624 bic
744 3581 878 3635 monere,
900 3562 1070 3624 Montanum
1085 3557 1258 3620 distinxisse

39 3651 116 3710 inter
137 3649 315 3710 Paracletum
338 3668 354 3710 a
377 3647 496 3709 Cirristo
525 3646 668 3726 apostolis
696 3647 877 3725 promissum
901 3655 930 3704 et
953 3643 1095 3722 Spiritum
1119 3643 1259 3702 Sanctum

13 3731 285 3822 ¹pentecostalibus
318 3749 411 3810 super
439 3748 492 3790 eos
526 3733 669 3801 eilosum,
702 3737 733 3789 et
759 3730 891 3808 priorem
920 3726 1100 3787 intellexisse
1128 3723 1259 3784 divinum

41 3815 181 3890 quendam
203 3823 440 3891 praeceptorem,
475 3812 670 3890 significatum
698 3811 856 3872 aClrristo
880 3807 1019 3870 Paracleti
1042 3825 1095 3867 seu
1119 3807 1258 3868 consolo-

13 3967 14 3990 ἦ
43 3897 115 3958 toris
142 3895 276 3970 nomine,
305 3895 355 3975 qui
378 3903 637 3956 consummaturus
660 3904 743 3956 essct
764 3893 946 3972 evangelium
969 3891 1110 3953 addendis
1133 3889 1259 3968 quibus·

13 4103 14 4114 ¹
79 4113 100 4162 Ιι.
118 4110 621 4164 berehorcbristirnomnrinrecontteu·
673 4113 754 4162 eine
772 4118 806 4160 ert
824 4113 935 4162 adimes
954 4110 1043 4160 donini
1061 4111 1107 4158 ianr
1124 4107 1258 4168 indubitati,

13 4167 15 4196 ⁸
46 4181 269 4298 tio'onzldsue'eoiurn
288 4179 420 4295 secondom
440 4195 459 4228 c.
479 4177 521 4228 tt.
565 4245 608 4296 tr
672 4181 837 4296 gonorugerbi,
857 4181 910 4294 ioco⁵
920 4177 1101 4240 trienrpiontirt
1118 4174 1260 4224 Videatim

81 4265 94 4296 ι.
127 4265 162 4297 ιι
186 4261 210 4296 ιιι
253 4261 321 4296 nmis
345 4261 478 4296 sereniora
502 4261 563 4295 coo
602 4259 623 4294 ι-
690 4260 704 4294 e
744 4259 875 4295 rionee.
913 4281 918 4292 .

47 4316 102 4366 belli
125 4315 152 4364 de
168 4263 334 4378 speebeutn,
357 4315 398 4364 nni
417 4261 558 4364 Tertulliabi
581 4327 623 4362 ex·
708 4313 731 4361 lt.
749 4313 840 4362 (lenter
857 4311 926 4374 lpol.
950 4323 971 4360 n
990 4307 1031 4358 ³2.
1050 4307 1091 4358 39.
1110 4307 1140 4358 ad
1165 4307 1258 4370 Sceps·

49 4385 126 4432 nitatio
143 4382 311 4447 prospicientis
336 4383 463 4431 instantem
483 4382 529 4430 iem
552 4381 623 4431 ctri-
675 4378 722 4430 lnnr
742 4395 763 4430 e.
781 4379 805 4430 2.
825 4388 849 4430 et
865 4381 896 4428 de
913 4379 980 4427 Orat.
991 4376 1014 4428 3.
1026 4377 1049 4426 5.
1068 4377 1098 4425 de
1116 4375 1170 4425 lies.
1187 4375 1260 4426 Corn.

48 4453 170 4500 stiroormn
188 4451 336 4513 triumphum
361 4457 385 4498 et
403 4449 521 4513 supplicio
538 4447 624 4497 adrer-
675 4463 697 4498 e.
714 4446 748 4497 22
764 4447 810 4496 snb
828 4447 861 4494 in.

50 4523 157 4568 ιιιιιιιιιιι
175 4525 266 4567 noritur
287 4529 334 4566 nnn
353 4517 423 4568 vincit
439 4518 491 4566 einr
510 4516 622 4566 mederi·
708 4513 724 4564 l.
743 4515 872 4564 &erolum
889 4510 1021 4562 urendum
1039 4525 1059 4558 c.
1077 4509 1119 4560 lid.

51 4585 139 4637 nonen.
156 4587 227 4646 ouotr
244 4591 320 4637 eorm
336 4583 492 4651 meeum
507 4585 538 4634 in
552 4597 624 4648 pre·
708 4595 741 4632 ιιι.
760 4581 858 4632 centur.
877 4581 906 4630 ti.
924 4593 946 4629 c·
964 4575 988 4628 d.
1006 4591 1030 4641 p.
1049 4576 1106 4627 idi.
1124 4583 1176 4628 not.
1259 4613 1261 4618 .
