3092 5234
435 399 589 444 ¹soorons
610 401 652 444 so.
675 399 741 444 suo.
765 399 927 444 nossssnr.
1235 379 1298 446 bid

59 543 237 637 Winistono
264 563 448 626 expressum,
485 547 538 610 sed
566 557 596 610 et
623 566 677 628 per
704 548 826 610 meliora
857 539 1038 634 ἇπόγραφα
1067 555 1097 610 et
1117 549 1297 628 ergumeub's

61 627 183 693 Valesii
206 649 240 692 ac
260 631 413 692 Ruinarti·
435 633 507 693 satis
530 632 692 710 explosum.
737 632 835 704 Quare
857 631 883 692 si
905 651 969 706 eos,
991 639 1025 693 ut
1045 632 1088 693 illi
1108 633 1164 694 viri
1185 634 1297 696 docore-

61 723 156 788 rsrnt,
184 713 357 791 Cartbagine
384 715 557 776 interemtos
586 715 753 787 credamus,
775 715 858 776 lacile
886 715 1018 795 accipere
1041 716 1071 776 bi
1092 717 1225 778 notitiam
1247 737 1297 778 er-

60 811 180 860 rorum
202 797 445 860 llontanistarum
467 799 645 877 potuissent,
673 817 738 860 oum
764 799 976 860 Tertullianum
992 799 1166 878 Carthagine
1187 800 1298 872 vixisse

61 897 183 944 'omnes
216 882 326 942 norint.
370 881 454 943 Unde
484 901 555 944 sero
587 883 762 944 Wbistonus
793 881 909 944 docebit
930 881 1141 945 Tertullianum
1168 883 1297 962 primum

15 1015 22 1024 .
66 965 183 1037 luisse,
205 966 255 1044 qui
277 965 307 1024 in
329 965 424 1025 Africa
445 967 501 1026 bos
524 983 642 1026 errores
664 979 695 1027 es
715 975 850 1046 tempore
874 968 936 1028 iere
958 967 1170 1048 suppliciorum
1192 967 1228 1028 ab
1249 967 1297 1028 his

69 1048 254 1128 martyribus
275 1057 441 1110 sumtorum
464 1048 629 1128 sparserit?
672 1049 755 1110 Etsi
776 1049 849 1110 haec
874 1050 963 1112 etiam
983 1049 1125 1122 dederim,
1148 1050 1217 1128 quid
1239 1051 1296 1110 ob-

73 1151 165 1194 scuro
210 1131 379 1194 incredibile
415 1141 461 1193 est
493 1151 612 1193 errores
640 1151 657 1194 a
685 1133 866 1196 Tertulliano
895 1134 924 1195 in
951 1133 1046 1195 libica
1078 1133 1297 1208 disseminatos,

71 1235 153 1294 qnos
177 1223 244 1276 ante
265 1235 373 1277 aunum
396 1217 475 1277 CCV.
498 1216 555 1277 iam
578 1216 697 1295 scriptis
719 1217 890 1279 defenderat
910 1218 990 1290 (buia
1012 1218 1091 1278 enim
1112 1235 1190 1278 anno
1213 1235 1295 1277 mor-

73 1307 136 1360 tem
164 1301 217 1362 SS.
240 1311 400 1378 martyrum
426 1300 600 1362 Wbistonns
627 1300 769 1380 adiunxit)
797 1299 954 1380 perceptos
983 1300 1019 1361 ab
1047 1301 1093 1361 bis
1120 1301 1297 1380 martyribus

73 1383 181 1456 luisse,
213 1383 350 1461 inprimis
371 1401 436 1446 oum
458 1383 577 1463 plurimi
606 1383 642 1444 ad
677 1385 847 1446 societatem
880 1385 1008 1446 Montani
1038 1385 1210 1446 accedentes
1242 1402 1295 1445 ex-

72 1475 179 1545 pertes
199 1467 361 1528 litterarum
388 1468 497 1528 luerint
525 1468 619 1528 etita
647 1467 753 1529 borum
779 1476 938 1548 martyrum
966 1467 1103 1530 similes?
1135 1471 1176 1532 Ac
1203 1467 1296 1530 multo

72 1550 170 1628 magis
198 1551 339 1612 abhorret
364 1550 404 1624 id,
438 1551 517 1629 quod
546 1551 618 1612 nibil
646 1551 686 1612 sit
711 1553 896 1614 somniorum
918 1552 1048 1614 llontarli
1076 1551 1296 1614 commentariis

72 1633 172 1712 ipsius
194 1635 358 1712 Perpetuae
385 1643 414 1694 et
436 1635 534 1696 Saturi
562 1635 745 1714 adspersum.
787 1636 861 1696 Nam
888 1635 1016 1714 primum
1043 1653 1146 1713 magna
1173 1645 1220 1696 est
1242 1653 1296 1696 su·

74 1717 171 1796 spicio
204 1717 323 1778 humani
361 1735 469 1778 sensus
504 1719 534 1779 in
573 1719 646 1797 ipsis
680 1719 835 1799 speciebus
873 1720 921 1780 bis
957 1717 1128 1780 hominibus
1161 1717 1295 1780 obiectis.

72 1800 192 1860 Etenim
213 1801 358 1878 Perpetua
378 1819 439 1862 non
462 1801 551 1863 modo
574 1802 672 1863 stetim
695 1821 760 1864 cum
782 1803 930 1882 baptismo
960 1822 993 1864 se
1018 1803 1175 1884 profitetur
1196 1803 1296 1864 dotem

72 1887 242 1946 futurorum
264 1885 568 1964 praenunciandorum
589 1886 770 1965 accepisset,
793 1887 846 1948 sed
874 1887 914 1948 ita
941 1888 1029 1948 etism
1058 1887 1182 1946 tidenter
1203 1885 1240 1945 de
1262 1903 1297 1948 es

74 1968 145 2027 dote
167 1967 307 2046 loquitur,
330 1977 362 2030 ut
382 1987 437 2047 pro
459 1969 581 2030 arbitrio
603 1971 700 2030 tisturu
720 1971 889 2049 praesagire
918 1979 947 2031 et
967 1971 1012 2031 vel
1033 1969 1070 2030 ab
1092 1969 1167 2050 ipsis
1188 1968 1296 2030 inicmi

74 2050 229 2130 suppliciis
257 2061 392 2114 mortuos
419 2051 545 2114 liberare
573 2062 707 2132 possete
762 2055 856 2127 Quam
883 2061 1064 2133 postremam
1098 2053 1295 2131 arrogantiam

73 2153 136 2194 non
159 2135 302 2196 excutiam
324 2153 403 2196 nunc
429 2137 556 2214 quidem,
590 2137 642 2198 sed
674 2137 863 2198 vehementer
894 2147 992 2200 tamen
1020 2136 1122 2198 dubito
1151 2155 1188 2196 an
1216 2145 1293 2198 tem-

72 2218 198 2297 poribus
219 2217 267 2290 iin,
295 2219 325 2280 in
353 2237 427 2298 quae
455 2228 535 2280 aetas
558 2219 720 2298 Perpetuae
746 2221 857 2294 incidit,
887 2223 916 2281 h.
939 2241 966 2281 e.
993 2221 1111 2282 saeculo
1144 2239 1173 2299 p.
1202 2220 1234 2280 C.
1256 2219 1293 2280 N.

73 2301 206 2362 secundo
226 2301 346 2376 labenti,
379 2303 427 2364 illa
454 2303 663 2364 miraculorum
691 2305 812 2366 leonitas
841 2315 871 2366 et
897 2305 981 2384 quasi
1003 2305 1169 2365 immanens
1191 2302 1294 2374 virtus,

72 2403 148 2464 quaa
169 2385 321 2464 Apostolis
342 2385 547 2466 Ecclesiaeque
562 2387 740 2468 apostolicae
761 2390 827 2450 data
849 2397 922 2460 erat,
958 2398 1039 2450 recte
1059 2387 1149 2449 tribui
1166 2385 1294 2448 debeat?

74 2469 164 2530 Cuius
193 2469 371 2542 sententiae,
405 2478 438 2532 ut
464 2470 598 2532 brevitati
620 2472 703 2532 iocus
731 2472 826 2544 detur,
859 2473 933 2533 duas
961 2489 1124 2551 proponam
1153 2470 1293 2531 rationes.

72 2552 134 2612 Una
157 2553 231 2613 baec
252 2563 307 2625 cst,
330 2555 409 2631 quod
431 2553 531 2615 doceri
553 2554 632 2616 nullo
654 2555 744 2616 modo
766 2555 872 2634 possit,
894 2571 1079 2634 quemquam,
1110 2553 1137 2612 si
1158 2553 1194 2613 ab
1217 2570 1292 2632 apo-

72 2634 158 2696 stolis
180 2635 364 2709 discesseris,
388 2637 433 2698 vel
454 2637 603 2716 accepisse
632 2637 719 2698 talem
741 2639 916 2710 facultatem,
945 2638 1004 2698 uisi
1032 2635 1167 2698 manibus
1190 2653 1294 2696 eorum

72 2719 131 2780 sibi
153 2720 311 2798 impositis,
334 2722 378 2782 rel
401 2721 477 2782 illam
500 2720 717 2780 communicare
738 2721 843 2782 iterum
866 2739 932 2781 cum
955 2721 1020 2782 aliis
1036 2719 1194 2798 -potuisse3
1218 2735 1292 2778 con·

71 2809 128 2876 tra,
151 2802 251 2881 quiin
273 2804 449 2865 contrariam
471 2812 584 2882 partem
611 2803 755 2881 disputari
777 2803 904 2882 possint,
937 2805 1037 2882 plures
1069 2809 1137 2861 sunt
1164 2809 1193 2860 et
1219 2799 1292 2860 satis

72 2885 203 2948 illustres
225 2887 290 2948 loci.
334 2888 454 2948 Petrum
476 2895 506 2948 et
526 2885 667 2947 loannem
689 2887 858 2965 Apostolos,
881 2895 914 2946 ut
935 2887 992 2946 hoc
1012 2892 1087 2956 utar,
1113 2901 1203 2961 quare
1224 2891 1292 2943 tau-

72 2970 139 3030 dem
162 2989 177 3030 a
199 2971 306 3030 ceteris
328 2971 437 3031 missos
466 2989 534 3031 esse
556 2969 716 3030 Samariam
738 2969 812 3041 (rint.
835 2969 909 3029 Vlll.
943 2973 980 3031 14
1008 2975 1078 3046 sql,
1107 2983 1198 3045 quare
1225 2983 1291 3026 rna·

72 3053 159 3120 nibus
182 3054 329 3132 impositis
351 3055 489 3116 uirtutem
512 3054 733 3114 efficiendorum
760 3053 968 3114 miraculorum
997 3049 1187 3112 distribuisse
1208 3050 1292 3110 nnsis

73 3137 245 3199 Christianis
267 3136 358 3210 dicas,
386 3156 452 3199 cum
481 3137 545 3216 ipse
573 3139 631 3200 iam
652 3137 806 3216 Philippus
830 3136 1004 3214 evangelista
1032 3133 1132 3195 multis
1161 3132 1290 3196 mimon-

71 3220 109 3280 lis
132 3221 281 3282 Samariae
302 3221 501 3282 celebritatem
524 3229 607 3281 esset
633 3219 836 3282 consecutust
858 3237 948 3298 quare
970 3217 1128 3280 Christiani
1150 3215 1292 3294 Ephesini

72 3306 144 3378 (Act
167 3305 243 3366 xlx.
266 3307 286 3367 2
310 3311 377 3384 sq.),
411 3305 447 3366 ad
475 3323 550 3384 quos
572 3304 686 3383 primus
709 3323 787 3366 nuuc
808 3304 916 3365 Paulus
938 3301 1090 3384 apostolas
1118 3307 1291 3374 accesserat,

70 3407 166 3466 neque
188 3387 338 3467 accepisse
361 3408 394 3450 se
417 3389 552 3469 spiritum
575 3391 617 3461 S.,
640 3405 736 3468 nequo
757 3388 844 3450 etiam
867 3388 944 3449 scire
964 3387 1034 3466 quid
1056 3387 1114 3446 hoc
1135 3384 1176 3446 rei
1200 3391 1290 3457 esset,

106 3587 126 3620 a.
152 3572 178 3621 ln
202 3579 251 3622 not
276 3572 304 3622 sd
322 3574 377 3624 leta
396 3573 491 3638 llortpr.
509 3587 533 3637 p.
551 3573 593 3624 90.
611 3573 652 3623 et.
706 3581 878 3624 commemorat
898 3573 1053 3632 (licentiorem
1071 3567 1289 3628 leguntiemsin-

71 3641 110 3690 ed·
128 3639 225 3688 immi·
705 3641 822 3702 gnlsrssu,
846 3642 1024 3704 quotiescunque
1042 3637 1184 3694 desiderent,
1210 3647 1291 3682 eonse-

105 3706 128 3754 b.
152 3709 207 3755 lats
227 3706 321 3768 Perpst.
345 3713 369 3754 et
387 3705 478 3756 Felieit.
503 3708 526 3754 in
545 3707 653 3755 lininsrri
705 3711 762 3772 psit.
799 3707 878 3766 Pergit
902 3705 957 3753 illu:
982 3705 1010 3754 Et
1029 3717 1077 3764 spo,
1104 3715 1162 3763 osor
1178 3713 1214 3747 sne
1231 3700 1290 3748 scie·

71 3775 133 3823 lctis
150 3779 280 3833 martyrum
299 3771 401 3820 sinceris
426 3773 464 3820 ad.
484 3775 557 3820 lmst.
577 3771 652 3833 aas
705 3775 756 3822 loss
774 3773 876 3835 {aboleri
900 3785 948 3820 eaor
968 3771 1071 3827 bosniae,
1098 3769 1164 3816 cuius
1182 3766 1291 3826 beneflcio

72 3839 96 3902 ξ.
116 3839 171 3886 lll:
199 3839 224 3886 lo
247 3839 297 3900 ipso
323 3840 396 3900 spulso
420 3851 545 3900 pancorum
565 3839 653 3885 dierum
705 3843 951 3902 sunsaeaepertaersm,
971 3832 1195 3898 fldessterrrpsoms'ri
1212 3833 1234 3880 εἰ
1252 3833 1289 3880 di-

72 3905 181 3967 bapts'sots'
198 3919 293 3962 summ
309 3906 366 3952 osilss'
385 3905 662 3966 mtooSpiritsssdicto-·
704 3919 774 3953 ceos:
800 3905 904 3952 Crastino
922 3905 959 3952 dir
977 3903 1020 3952 tibi
1037 3897 1184 3948 smoooinbo.
1203 3921 1236 3931 -
1254 3921 1287 3934 -

71 3975 116 4028 ost,
142 3971 202 4018 os'lss'l
227 3971 294 4019 sls'ssd
318 3971 440 4032 petendum
462 3973 487 4018 s'ss
510 3985 578 4034 nso,
606 3971 654 4018 nisi
703 3969 794 4019 Deinde
819 3973 853 4032 (p.
873 3967 913 4019 96.
932 3966 957 4032 ἦ.
976 3967 1049 4024 till:
1072 3968 1175 4028 proferto
1193 3966 1290 4040 eclipsi

73 4038 224 4101 supermissa
243 4038 328 4086 cornia
702 4052 748 4086 ooo
765 4043 786 4084 et
803 4038 927 4086 somioooit
945 4037 1096 4090 noenum,
1124 4031 1223 4078 lrstrssn
1240 4045 1288 4080 ram

106 4119 125 4153 a.
151 4103 209 4151 ibid.
227 4118 251 4167 p.
269 4102 309 4152 94„
329 4100 353 4166 ξ.
373 4103 425 4152 lta
448 4104 512 4152 obss
529 4105 586 4152 sss'lsl
602 4107 652 4166 [ro-
703 4111 832 4160 mortuum,
851 4109 872 4151 et
890 4103 993 4164 cognonit
1012 4099 1124 4148 sertatim
1138 4098 1288 4160 mosomense

73 4179 107 4221 tor
127 4185 205 4220 meus:
236 4171 333 4220 bosniae
356 4185 431 4228 soros,
454 4173 500 4219 iam
523 4173 547 4219 s'n
569 4183 653 4232 mosao
704 4177 725 4218 ot
747 4183 788 4232 pro
813 4185 839 4218 eo
863 4175 939 4232 petere
958 4169 1046 4216 debere.
1065 4187 1096 4198 -
1116 4187 1147 4198 -
1176 4163 1287 4213 &clinno

73 4240 181 4300 dignitate
200 4253 232 4298 es,
252 4245 272 4287 et
291 4245 363 4298 tosto,
382 4244 408 4286 st
418 4239 521 4301 postules
533 4239 652 4293 oirimrssr,
703 4239 755 4299 ipso
783 4243 849 4284 noeto
879 4241 995 4284 celeusma
1028 4235 1059 4280 cst
1084 4231 1105 4278 si
1129 4231 1154 4278 iu
1177 4237 1284 4289 armate,

73 4313 93 4355 et
116 4306 249 4354 ostendatur
271 4306 322 4364 ts'bs',
342 4321 372 4354 os
388 4307 468 4366 passio
486 4305 524 4365 sit,
543 4317 574 4354 aa
591 4316 652 4353 oost-
704 4301 835 4366 perlclitsri
855 4309 975 4350 mortuum
999 4299 1156 4348 binocrslem.
1185 4296 1233 4344 Sed
1250 4293 1286 4359 (ἦ.

26 4417 29 4424 .
71 4379 156 4424 murm
179 4371 205 4430 (i.
223 4386 244 4421 s.
274 4385 303 4419 on
331 4373 436 4420 lutosum
460 4371 500 4430 sit,
525 4379 550 4420 ut
568 4371 653 4420 mortis
704 4367 774 4426 llll.)
800 4369 898 4418 crebrae
914 4373 966 4430 post
983 4379 1061 4432 preces
1079 4364 1192 4412 intellexit
1209 4370 1286 4413 trans-

72 4439 203 4502 pericolum
228 4439 336 4498 attogius.
376 4438 400 4484 V·
419 4435 536 4488 ilolstern'i
554 4445 604 4487 not.
623 4437 651 4486 sd
704 4437 776 4486 lotum
793 4451 843 4484 esse
860 4438 888 4484 ds
904 4449 986 4497 poena.
1017 4433 1114 4482 Tartaro
1133 4431 1287 4508 simnnaprs3

73 4507 96 4553 b.
114 4506 129 4555 Ι.
147 4506 203 4556 ibid.
222 4521 246 4570 p.
264 4505 319 4554 roo.
347 4506 387 4568 qni
407 4505 468 4554 boue
486 4505 596 4556 observet
614 4505 652 4552 lo·
704 4517 745 4552 ces
755 4503 850 4565 quidem
862 4499 1083 4564 lpostolorsrmsut
1091 4495 1197 4546 stiuam
1207 4510 1286 4558 magur

72 4587 124 4621 cnm
141 4573 290 4633 Tertulliani,
308 4573 332 4622 is
351 4585 398 4635 quo
417 4581 508 4622 sorem
525 4589 540 4622 o
557 4573 653 4623 Domino
704 4570 774 4631 legati
793 4569 836 4620 Dei
854 4577 958 4634 nnqoant
976 4567 1078 4629 legimus
1096 4560 1223 4614 babuisse!
