3114 5240
471 399 605 444 suenone
626 399 685 444 nro
708 399 744 442 nn
766 399 893 460 nocane
1247 385 1290 450 95

95 567 183 628 corpus
211 548 354 628 migrartdi
381 556 559 628 potestatem
585 549 694 618 habere
715 567 871 630 perperam
893 550 1020 629 llngiurr.
1064 550 1171 614 Vanam
1192 551 1290 614 eninr-

98 652 152 694 vero
181 633 282 696 fictitia
309 634 395 714 plane
423 642 470 696 est
496 634 544 696 illa
569 635 732 696 animarum
754 635 904 714 migratio;
938 635 1172 715 quandoquidem
1193 635 1292 700 nullus

97 737 204 796 unquam
226 737 259 780 se
282 718 314 780 in
333 719 459 780 bestiam
481 721 671 781 reformatum
693 719 818 798 agnovit.
861 719 1017 780 Praeterea
1039 719 1096 782 hoc
1117 720 1230 782 animae
1252 721 1288 784 de

96 804 194 864 nuoin
225 802 305 864 abnd
336 821 446 883 corpus
475 805 600 866 transitu
632 822 690 866 una
711 803 841 865 hominis
862 821 930 883 pars
952 804 1029 877 viva,
1062 804 1152 866 altera
1173 823 1292 886 semper

94 895 191 950 nonna
212 897 356 950 remanet.
399 888 437 949 tt
457 907 578 950 necesse
600 888 720 949 omnino
742 896 789 950 est
808 896 901 950 totum
922 888 1072 950 bominem
1089 889 1124 950 ad
1136 890 1289 968 pristinam

94 990 161 1032 mam
192 971 282 1032 vitam
309 971 422 1045 redire,
454 980 487 1034 ut
507 972 544 1034 de
564 973 650 1034 bonis
672 981 722 1034 aut
742 972 827 1035 malis
848 993 864 1034 a
886 992 919 1035 se
941 973 970 1034 in
993 973 1047 1034 hac
1068 973 1123 1035 vita
1145 975 1218 1036 actis
1240 975 1288 1038 nl-

94 1055 179 1117 tinum
200 1073 217 1116 a
238 1057 302 1118 lien
324 1057 464 1119 iudicium
486 1059 603 1119 relerat.
648 1057 727 1130 Quid
747 1076 828 1130 vero,
850 1057 929 1136 quod
951 1058 1288 1122 animanibilsinecor-

93 1158 150 1218 pore
178 1141 238 1219 pati
265 1149 381 1220 potest,
414 1160 489 1220 quae
517 1151 612 1204 tamen
641 1161 702 1204 nou
731 1142 795 1204 sinc
817 1142 866 1203 illo
889 1142 996 1221 aliquid
1019 1141 1148 1205 meruit?
1190 1143 1290 1222 Neque

94 1223 194 1298 dietis,
215 1225 245 1287 id
274 1243 338 1286 non
365 1243 454 1305 posse
482 1243 608 1306 unquam
635 1227 672 1288 ab
693 1226 752 1287 ullo
773 1227 847 1288 lieri.
899 1226 973 1290 Nem
993 1227 1042 1306 qui
1064 1235 1108 1300 te,
1142 1246 1207 1290 cum
1229 1245 1290 1290 non

94 1327 171 1380 esea,
193 1310 270 1372 sicut
292 1319 323 1372 et
344 1329 461 1372 ornnem
483 1311 634 1385 mundum,
658 1311 694 1372 de
715 1310 809 1373 nihilo
819 1311 936 1384 meavit,
958 1313 1288 1391 potestatiquetemet·

93 1393 186 1472 ipsum
216 1402 376 1474 postquam
398 1415 465 1458 esse
487 1396 621 1470 desieris,
648 1403 744 1457 totum
767 1395 852 1458 sicuti
874 1415 939 1458 eras
960 1397 1092 1458 reticere.
1134 1396 1290 1458 Postremo

93 1477 139 1550 bu,
159 1479 305 1552 tenebrae,
328 1479 435 1553 sidera,
458 1483 570 1542 tructus
591 1490 700 1554 terrae,
722 1481 844 1550 semina,
868 1489 898 1542 et
919 1489 1015 1542 cetera
1036 1480 1092 1541 alia
1113 1497 1200 1560 pam
1220 1481 1289 1561 plu·

93 1561 154 1623 dna
173 1563 360 1638 mariscum,
383 1573 490 1644 manto
512 1565 606 1644 magis
627 1565 774 1626 advitam
795 1563 902 1626 redibit
922 1565 1028 1637 homo,
1051 1565 1101 1642 qui
1122 1564 1240 1644 quidem
1262 1567 1290 1628 si

93 1665 120 1706 ve
137 1647 247 1726 Pptluae
276 1649 399 1711 oraculo
425 1650 556 1724 noverit,
585 1650 718 1711 omnium
744 1649 932 1710 morientium
954 1657 984 1711 et
1004 1649 1220 1728 resurgentium
1242 1659 1292 1714 est

93 1730 235 1794 doninus?
279 1733 454 1812 Ubicunque
475 1751 555 1814 ergo,
578 1743 628 1796 aut
649 1751 823 1813 quocunque
843 1734 932 1795 modo
955 1734 990 1794 ad
1012 1733 1135 1796 nibilum
1156 1735 1290 1796 redactus

94 1815 181 1888 luerit,
206 1817 241 1878 ad
262 1818 356 1880 vitam
376 1827 522 1897 potestate
542 1818 620 1882 illius
641 1818 841 1892 revocabitur,
870 1823 955 1882 cuius
979 1819 1187 1893 natatilium,
1211 1823 1291 1884 sicvt

98 1909 122 1960 tl
141 1910 230 1964 totum.

168 1985 305 2066 b'umquid
329 1985 428 2064 igitur,
450 1995 553 2067 arguet
563 1985 677 2066 aliquis,
689 1986 874 2049 moriendum
886 2005 1004 2066 semper
1016 1995 1045 2050 et
1053 1986 1291 2067 resurgendum?

94 2065 131 2128 lta
149 2087 220 2144 eane,
241 2071 284 2132 ait
306 2069 523 2145 Tertullianus,
546 2071 572 2132 si
593 2072 655 2134 Deo
676 2071 846 2152 placuisset.
889 2072 926 2133 tt
948 2071 1012 2146 illo,
1035 2072 1084 2151 qui
1107 2090 1143 2133 ex
1164 2071 1290 2134 diversis

96 2169 123 2212 ac
145 2155 292 2216 contradis
316 2154 409 2216 rebus
431 2157 540 2218 creavit
561 2156 675 2230 omnia,
703 2155 794 2217 voluit
815 2155 916 2235 utique
938 2155 1074 2218 homines
1096 2159 1232 2219 mortuos
1254 2159 1291 2218 ad

93 2236 226 2314 pristinam
246 2239 340 2301 vitam
363 2239 455 2300 semel
477 2259 513 2302 eo
535 2241 632 2302 medio
655 2241 797 2319 temporis
819 2249 928 2318 puncto
951 2240 1078 2316 excitari,
1102 2241 1290 2320 quodinllne

95 2323 178 2384 mnudi
206 2325 284 2386 inter
313 2325 391 2385 hanc
412 2333 629 2403 temporaneam
652 2333 777 2386 aetatem
806 2325 1061 2387 coaeternitatem
1082 2325 1188 2387 deinde
1209 2327 1289 2388 lutu-

96 2423 145 2466 ram
168 2408 330 2472 intercedit.
1357 2409 1361 2420 “

163 2492 241 2556 Tunc
267 2501 367 2556 autern
388 2493 442 2554 llei
470 2493 597 2555 cultores
625 2501 844 2573 consequentur
871 2502 1007 2556 aeternae
1035 2493 1180 2580 lelicitatis
1201 2511 1290 2573 prae-

99 2573 184 2650 niun,
211 2577 462 2658 quemadmodum
483 2577 598 2656 prolaui
621 2587 651 2638 et
671 2578 763 2658 iniqui
785 2571 965 2656 sempiterno
987 2577 1054 2658 igne
1076 2578 1293 2642 cruciabuntur.

99 2655 172 2722 Huius
191 2681 281 2742 porro
304 2661 392 2741 ignis,
415 2681 431 2724 a
453 2669 571 2724 terreno
593 2671 697 2724 nostro
719 2663 805 2742 plane
827 2663 946 2736 diversi,
969 2663 1099 2741 exempla
1113 2662 1201 2724 nobis
1217 2683 1291 2743 sup-

97 2743 207 2820 pcdinnt
234 2747 358 2810 lulmina
387 2755 417 2808 ct
437 2755 552 2810 montes
576 2765 694 2826 semper
713 2747 859 2809 ardentes.
904 2747 986 2819 Quae
1007 2747 1124 2825 quidem
1146 2747 1201 2808 etsi
1222 2749 1293 2826 pbi-

96 2825 193 2908 losopiti
213 2831 398 2911 agnoverint,
421 2831 527 2910 aliique
549 2849 609 2892 non
631 2831 876 2909 improbaverim,
897 2831 974 2892 hanc
994 2839 1092 2892 tamen
1107 2830 1291 2892 Christiano-

97 2929 149 2974 rum
168 2917 344 2978 sententiam
366 2916 546 2978 deridebant.
589 2915 647 2976 Fac
668 2924 776 2988 tamen,
798 2916 823 2977 si
838 2916 899 2976 ileo
922 2915 1025 2992 placet,
1047 2913 1125 2975 illam
1147 2933 1214 2975 esse
1236 2916 1291 2976 lal-

98 3013 155 3058 um.
193 3000 228 3062 bt
260 3009 343 3064 certe
372 2999 510 3062 omnibus
532 3000 596 3080 ipsa
618 3008 754 3060 aeternae
775 3008 825 3061 aut
845 3017 959 3078 poenae
987 3007 1039 3060 aut
1058 2997 1202 3059 mercedis
1223 3017 1293 3078 spes

98 3081 161 3144 utilis
179 3094 224 3146 est
244 3095 276 3148 et
296 3085 473 3148 necessaria.
520 3085 717 3163 Quaecunque
737 3102 828 3163 porro
850 3083 898 3144 illa
920 3083 968 3157 sit,
989 3101 1051 3143 non
1072 3081 1180 3144 idcirco
1195 3092 1293 3146 tamen

100 3163 315 3232 inclmuanos
338 3169 456 3249 gladiis,
489 3169 610 3242 bestiis,
633 3168 769 3230 crucibus
792 3177 822 3230 et
843 3167 974 3247 ignibus,
1004 3166 1151 3228 exultante
1171 3167 1293 3248 populo,

103 3252 263 3318 uadendum
286 3263 360 3316 erat.
403 3253 518 3317 Etbnioi
551 3251 640 3332 igitur
660 3253 773 3316 insulse
794 3271 919 3332 prorsus
942 3251 1106 3331 gestiebant
1127 3271 1161 3314 ac
1182 3253 1292 3332 gloria-

103 3329 185 3398 benur
203 3341 240 3402 de
262 3339 381 3402 illorum
405 3338 568 3418 suppliciis,
590 3339 639 3418 qui
662 3337 793 3400 damnari
814 3337 914 3417 potius
936 3355 1022 3416 quam
1044 3357 1061 3400 a
1082 3337 1144 3398 lleo
1160 3339 1293 3402 excidere

103 3427 211 3495 antes
232 3423 430 3486 immortalem
452 3424 575 3503 agebant
596 3422 776 3502 triumphurn
799 3427 873 3501 (cap.
889 3425 940 3486 48.
957 3425 1031 3498 te).

166 3507 221 3570 Sed
252 3527 361 3570 rursus
392 3509 516 3588 gentiles
548 3508 702 3587 acriusque
727 3508 962 3570 vociferabantur
989 3507 1096 3569 nullam
1118 3507 1293 3570 Christianis

99 3603 151 3650 esee
169 3594 309 3670 querendi
331 3611 464 3666 causam,
487 3593 514 3654 si
536 3611 589 3654 sna
610 3601 716 3672 sponte
737 3593 893 3671 patiantur.
936 3593 973 3652 tv
993 3592 1040 3653 his
1060 3594 1170 3653 Auctor
1191 3601 1293 3654 noster

99 3677 238 3752 rependet
258 3678 326 3740 illos
348 3696 431 3739 more
452 3678 512 3756 pati
534 3677 669 3751 militum,
692 3679 741 3756 qni
762 3676 830 3739 licet
850 3677 918 3738 belli
941 3677 1133 3754 deprecentur
1153 3677 1292 3754 pericula,

100 3758 156 3819 totis
174 3769 268 3824 nmen
290 3763 441 3824 decertant
460 3763 589 3835 viribus,
618 3781 652 3824 ac
683 3762 799 3823 demum
827 3762 987 3840 gaudentes
1016 3759 1169 3841 praedam,
1198 3759 1292 3820 victo-

100 3841 159 3904 riam
182 3854 210 3907 et
237 3847 360 3926 glorim
390 3847 599 3926 adipiscuntur.
641 3845 874 3908 Christianorum
901 3845 1010 3926 quippe
1031 3843 1151 3906 victoria
1172 3842 1294 3920 gloriam

102 3923 172 3989 babet
190 3931 322 4010 placendi
342 3931 405 3993 Ileo
427 3941 456 3994 et
476 3932 552 3994 vitae
574 3939 710 3992 aetmnae
730 3931 879 4010 praedam.
921 3930 955 3990 ln
981 3927 1111 4008 glorioso
1126 3935 1222 3988 antem
1237 3928 1295 3991 boc

104 4016 238 4078 nurnine
259 4017 344 4096 ipsa,
357 4016 463 4095 quibus
486 4016 661 4089 cruciantur,
683 4015 876 4077 instrumenta
898 4013 955 4076 illis
976 4019 1046 4074 sunt
1066 4011 1183 4073 habitus
1198 4012 1292 4074 victo·

106 4091 163 4168 tiae,
179 4101 265 4164 vestis
288 4101 413 4180 palmata
434 4110 464 4162 et
485 4119 589 4164 currus
613 4100 826 4179 triumphantis
869 4099 930 4160 Noc
957 4095 1103 4176 desperati
1137 4115 1206 4175 ergo
1239 4115 1294 4160 nec

106 4181 190 4252 perditi
209 4185 266 4248 dici
288 4193 425 4265 poterant
445 4185 481 4246 ab
503 4186 638 4256 ethnicis,
661 4185 711 4264 qui
733 4185 825 4258 blutii,
842 4181 1048 4262 Empedoclis,
1061 4180 1209 4256 Didonis,
1231 4182 1292 4244 Re·

106 4263 161 4336 ssfll't
178 4267 345 4342 lunarcbi,
366 4269 477 4332 Aniene
491 4270 663 4343 meretricis,
686 4269 813 4330 Zenonis
835 4267 953 4338 Eleatis,
976 4265 1124 4328 Laconum
1149 4267 1293 4329 aliorum-

105 4363 151 4422 qno
168 4352 195 4412 in
215 4355 370 4416 tormentis
392 4363 422 4416 et
442 4355 644 4417 crudelissima
665 4372 737 4416 nece
759 4352 959 4416 tortitudinem
974 4358 1004 4412 et
1027 4351 1217 4412 constantiani
1232 4371 1293 4414 non

106 4435 220 4524 animis
241 4447 353 4500 tantum
375 4437 537 4502 extulerunt
557 4439 701 4511 laudibus,
724 4439 776 4500 sed
798 4457 852 4499 eos
870 4436 957 4498 etiam
971 4435 1085 4508 statuis,
1107 4435 1292 4516 imag'nibusq

106 4519 182 4581 atus
212 4523 247 4584 ad
268 4523 414 4602 qrrandam
435 4543 470 4585 ex
491 4533 586 4586 morte
608 4525 644 4586 ad
665 4524 752 4585 vitam
774 4521 991 4583 revocationem
1013 4529 1043 4582 et
1063 4521 1173 4599 gloriae
1194 4529 1292 4582 aeter-

107 4599 209 4668 uiuum
229 4608 412 4670 decorarunt.
456 4609 550 4672 'lento
573 4609 660 4688 igitur
681 4607 766 4670 abest
786 4615 819 4669 ut
833 4604 1025 4680 Christianus,
1047 4605 1097 4684 qui
1111 4624 1129 4666 a
1142 4606 1214 4680 ileo,
1236 4621 1292 4684 pro
