3082 5238
458 397 593 443 aucroae
616 399 658 442 ro.
680 401 747 444 aue.
770 399 932 445 uonssrnr.
1242 391 1306 458 587

84 547 270 610 Christianos
293 547 462 610 inimicitiae
482 549 672 628 pariantur·,
706 557 737 611 et
762 549 842 630 quod
871 569 937 614 curn
959 552 1099 614 Caracalli
1121 556 1306 634 temporibus

79 632 163 706 haec,
184 651 259 722 quae
281 631 385 693 tradita
408 634 531 694 suntin
553 641 659 695 nostro
680 633 789 707 libello,
812 634 923 714 optime
946 637 1142 699 consentiant.
1172 639 1303 702 Tametsi

79 715 159 777 enim
180 734 242 776 non
265 715 304 776 sit
325 715 490 778 certissime
513 717 708 794 exploratum,
732 736 790 796 que
811 736 889 779 anno
912 719 985 781 hacc
998 717 1234 783 Christianorum
1248 724 1303 786 de-

79 799 178 860 fensio
200 799 348 860 eleborata
371 799 426 871 sit,
449 807 546 860 tanam
569 801 683 862 ratione
706 801 831 879 quadarn
852 801 1010 880 probabili,
1032 811 1066 865 ut
1087 811 1135 866 est
1149 805 1180 865 in
1194 807 1301 882 taline,

75 883 177 964 primo
205 883 321 962 imperii
341 882 530 944 Antoniniani
558 901 635 944 anno
658 885 800 946 vindicari
828 903 861 946 ca
889 904 980 966 pesse
1001 887 1128 950 ridetur.
1171 889 1304 971 Namque

76 967 161 1029 illum
188 968 261 1028 solis
290 968 452 1040 delectum,
486 985 575 1047 quena
603 967 802 1030 Tertullianus
830 968 871 1030 ait
898 987 976 1031 anne
999 971 1146 1050 superiori
1170 974 1303 1037 extitisse

77 1053 118 1122 (c.
142 1054 172 1115 3.
195 1070 225 1130 p.
249 1053 300 1115 86.
323 1050 382 1126 h),
404 1051 570 1112 Antoninus
592 1051 734 1113 Lulorcra
756 1053 889 1119 asseruit¹
904 1073 931 1115 e.
955 1053 1075 1130 CCX.¹³;
1100 1056 1147 1116 cui
1169 1059 1301 1134 quamvis

77 1133 287 1196 Tillemontius
309 1135 432 1195 resistat
453 1154 500 1207 en,
523 1135 603 1213 quod
618 1133 817 1197 Tertullianus
839 1137 935 1199 solens
955 1138 1062 1199 dixerit
1082 1157 1145 1202 uon
1163 1146 1304 1219 putuisse
1340 1136 1348 1146 “

77 1219 135 1281 buc
157 1238 196 1280 ear
218 1220 376 1281 orda'uura'o
400 1219 526 1300 dcb'qea‘o
545 1224 621 1300 puta',
646 1239 710 1281 mm
731 1221 831 1300 suoru
851 1225 884 1282 a'n
907 1239 962 1284 sue
979 1223 1152 1302 hypsomate
1171 1229 1301 1303 positus,

76 1310 177 1363 tamen
198 1301 278 1362 huuc
300 1301 437 1382 Septimii
459 1303 680 1382 argumentandi
701 1304 839 1378 modum,
872 1305 923 1383 qui
951 1307 1050 1368 emnia
1080 1307 1162 1368 norit
1184 1309 1302 1388 saepius

76 1387 178 1465 inepta
201 1386 273 1448 satis
296 1386 328 1446 in
350 1405 414 1446 rem
437 1405 521 1447 suam
543 1394 734 1461 convertere,
757 1387 926 1450 iamdudum
948 1389 1053 1452 derisit
1073 1390 1178 1452 barum
1200 1409 1300 1454 rerum

75 1469 280 1549 peritissimus
305 1469 435 1549 Scaliger
445 1481 465 1530 ⁸.
509 1469 622 1531 Deinde
644 1489 709 1531 curn
732 1471 842 1532 nullam
870 1491 998 1550 unquam
1019 1474 1115 1552 legem
1137 1474 1301 1542 Caracallus

75 1552 179 1616 tulerit
204 1555 345 1614 adversus
374 1553 575 1626 Christianos,
615 1561 734 1633 oportet
760 1557 894 1634 prolecto
928 1557 981 1618 has
1010 1556 1188 1619 calamitates
1216 1558 1254 1618 iis
1284 1577 1301 1620 a

77 1636 203 1718 Scapula
226 1637 351 1698 inflictas
373 1637 512 1716 reliquias
535 1637 711 1699 Seuerianae
733 1639 914 1700 crudelitatis
937 1640 1038 1712 luisse,
1066 1660 1141 1720 quae
1162 1649 1225 1702 turn
1246 1661 1301 1720 pe-

74 1722 158 1782 nitus
181 1722 324 1782 extinctae
345 1721 490 1794 videntur,
514 1739 581 1782 cum
603 1721 779 1794 Caracallus,
802 1723 958 1802 imperium
982 1724 1039 1786 sihi
1062 1725 1301 1800 confirmaturus,

78 1805 111 1865 in
140 1804 260 1865 exilium
289 1804 400 1866 missos
428 1803 627 1866 revocasset&
673 1805 759 1877 Quod
790 1825 855 1868 cum
884 1807 986 1868 lecerit
1013 1808 1100 1887 paule
1123 1815 1193 1888 post
1214 1827 1302 1888 quarn

80 1889 185 1950 Getam
207 1889 326 1949 tratrem
348 1888 404 1949 suh
426 1888 542 1950 initium
565 1908 591 1949 a.
615 1889 724 1950 ccxli.
744 1890 943 1962 substulerat,
976 1911 1037 1952 non
1059 1893 1159 1971 inepte
1181 1891 1211 1953 id
1233 1893 1302 1970 qui-¹

3 1973 4 1978 ’
78 1973 148 2034 dena
170 1971 302 2046 diunius,
326 1973 478 2052 Scapulam
501 1992 527 2034 a.
552 1971 647 2034 CCXl.
670 1973 812 2035 adversus
836 1975 1021 2037 Christianos
1044 1976 1152 2055 egisse.

3 2379 4 2386 ἵ
80 2327 118 2368 hh
135 2325 228 2367 Lthuls
245 2325 441 2370 rennuentem
453 2327 573 2417 Qllowll
584 2327 640 2369 VEL
650 2327 742 2370 AETAS
755 2327 968 2370 vennuculum
980 2327 1035 2368 VEL
1051 2326 1185 2379 UTRAQUE
1198 2327 1303 2373 LATET.

597 2561 627 2635 ξ.
652 2557 782 2620 xxxin.
863 2505 871 2512 ·

163 2674 264 2738 Tertia
287 2675 359 2736 hacc
381 2675 541 2755 disputatio
562 2675 651 2736 linem
680 2675 767 2736 faciet
795 2675 1045 2746 exercitationum,
1074 2693 1148 2754 quas
1170 2675 1302 2736 institui-

74 2779 144 2821 mus
161 2759 424 2838 Scptimiauarum;
446 2759 477 2820 in
499 2759 606 2837 quibus
630 2777 695 2820 cum
717 2759 858 2820 hacteuus
879 2759 1048 2839 pertractati
1071 2759 1133 2818 sint
1152 2757 1203 2819 isti
1224 2757 1302 2830 libri,

76 2862 204 2923 quorum
227 2851 256 2904 et
277 2852 357 2905 aetas
380 2851 410 2904 et
431 2843 565 2904 doctrina
594 2849 711 2919 poterat
738 2851 817 2904 certa
845 2842 969 2920 quadam
991 2841 1038 2901 ria
1060 2849 1090 2901 et
1110 2841 1226 2902 ratione
1248 2842 1302 2901 de-

77 2927 255 2999 monstrari,
284 2945 363 2988 nunc
390 2933 510 3006 opertet
539 2924 645 2986 subiici
668 2935 794 2998 ceteros,
820 2925 871 3004 qui
893 2933 1018 2986 aetatem
1041 2943 1124 2986 suam
1145 2943 1208 2985 nun
1231 2924 1303 2986 satis

78 3011 199 3072 delinita
220 3011 361 3089 produnt,
389 3011 442 3071 sed
471 3009 605 3070 doctrina
635 3017 815 3070 tamennon
839 3017 885 3071 est
906 3007 1062 3070 admodum
1087 3007 1221 3080 obseura,
1244 3007 1304 3068 nisi

77 3095 109 3156 iu
133 3094 308 3173 quibusdam
329 3093 441 3172 paucis,
464 3093 515 3171 qui
536 3093 693 3170 ancipitem
723 3093 832 3154 hahere
860 3094 985 3154 turmam
1014 3091 1158 3153 videntur.
1201 3091 1303 3170 ltaque

76 3177 205 3258 primum
228 3178 297 3239 illus
320 3176 512 3239 excitabimus
534 3185 628 3238 aetate
657 3175 797 3250 maiores,
827 3177 878 3256 qui
901 3175 1113 3238 Tertullianum
1143 3175 1304 3236 ostendunt

76 3262 210 3324 nondum
232 3260 319 3341 plane
340 3262 586 3322 Montanistarum
607 3259 742 3340 partibus
766 3259 932 3334 addictum
964 3259 1071 3320 deinde
1093 3277 1162 3332 eos,
1195 3257 1303 3339 quibus

76 3354 166 3408 nome
194 3345 385 3409 blentansimi
412 3363 472 3406 non
504 3353 574 3406 suut
605 3344 709 3407 leviter
740 3344 920 3424 impressae;
955 3351 1107 3423 postremo
1141 3343 1219 3417 hos,
1253 3341 1301 3420 qui

76 3432 217 3493 lectorem
246 3430 397 3491 dimittunt
427 3429 628 3501 dubitantem,
651 3427 777 3490 fueritne
803 3427 1002 3490 Tertullianus
1033 3436 1106 3501 turn,
1141 3445 1207 3489 curn
1236 3425 1303 3487 illes
1372 3491 1377 3498 ,

60 3515 296 3594 perscriberet,
326 3534 342 3574 a
370 3513 521 3575 cummuni
548 3512 671 3574 ccclesia
701 3513 853 3575 seiunctus
881 3530 985 3574 necne.
1040 3512 1093 3574 Cui
1122 3509 1228 3590 triplici
1264 3509 1302 3570 li-

75 3599 199 3660 brorum
223 3597 473 3676 Septimiauorum
500 3597 600 3677 generi
628 3615 695 3658 cum
724 3597 854 3658 dicamus
883 3604 1009 3658 aetatem
1031 3595 1125 3657 asseri
1148 3611 1208 3654 non
1231 3591 1303 3652 satis

76 3690 157 3744 certe
179 3700 281 3762 posse,
304 3701 364 3742 non
386 3681 523 3742 uolumus
545 3681 575 3740 id
597 3679 726 3758 quidem,
758 3699 885 3760 prorsus
912 3679 1042 3759 ignorari
1064 3685 1190 3740 aetatem
1211 3673 1303 3735 cuivis

75 3766 263 3828 tribuendam
287 3766 356 3839 (erit
377 3765 456 3826 enim
478 3763 565 3826 etiam
589 3763 668 3842 qued
690 3764 885 3842 probabiliter
904 3763 941 3824 de
956 3764 1011 3825 bae
1025 3760 1170 3838 disputari
1185 3755 1304 3836 possit),

75 3850 133 3912 sed
169 3857 302 3912 accurate
335 3849 432 3928 ipsum
465 3865 574 3908 annum
612 3846 790 3925 scriptorum
821 3845 966 3906 librorum
994 3843 1115 3906 definiri
1138 3857 1241 3920 pesse,
1274 3839 1304 3900 id

77 3932 198 4013 quidem
220 3933 362 3994 audemus
384 3950 493 4012 negare
515 3937 684 4010 propterea,
716 3929 794 4008 quod
824 3929 920 3990 nullae
949 3927 1039 3988 iniis
1063 3932 1134 3985 sunt
1155 3922 1303 4002 significa-

75 4017 179 4078 tiones
208 4025 314 4091 certae,
348 4035 422 4097 quae
451 4013 593 4076 vindicari
621 4021 702 4076 certo
732 4011 860 4090 quodam
881 4029 916 4072 ac
937 4009 1056 4072 definito
1079 4025 1155 4069 anno
1177 4005 1305 4086 possint

76 4100 139 4162 Sed
162 4099 198 4161 ad
220 4101 407 4180 propositum
429 4099 592 4161 veniamus.

113 4250 134 4284 o.
154 4235 206 4285 lloc
223 4235 282 4285 satis
300 4233 413 4285 aduersus
423 4233 573 4295 scaligerum
591 4231 664 4282 alies·
719 4213 814 4280 morona
838 4229 967 4291 ltartprum
986 4225 1100 4275 Sinceris.
1129 4224 1167 4275 ed.
1184 4222 1304 4275 lmstelo·

76 4317 127 4368 quc
146 4302 253 4353 detrudit
270 4303 335 4352 Sam.
353 4301 486 4364 basnagius
510 4300 564 4350 loco
584 4300 622 4350 cit.
641 4314 665 4363 p.
720 4298 775 4346 dam
793 4311 819 4360 p.
839 4295 896 4345 tau.

76 4369 139 4422 21⁸.
159 4377 209 4420 not
228 4370 268 4419 11.
754 4379 774 4412 c.
794 4363 820 4412 ln
840 4361 1003 4412 laimadnem.
1021 4357 1158 4409 adherebit
1172 4357 1304 4408 chronicon
1371 4365 1375 4370 ·

112 4437 137 4487 b.
163 4437 191 4486 lu
215 4437 286 4500 epist.
314 4435 344 4485 ad
368 4434 403 4485 lo.
426 4434 569 4486 Bononiam
594 4447 666 4498 qoam
718 4446 743 4496 p.
763 4430 805 4482 tu.

74 4505 153 4566 edidit
170 4504 358 4554 Petul’ossions
376 4503 400 4552 in
418 4503 481 4552 notis
499 4501 666 4552 adletal’er·
752 4497 776 4547 d.
803 4497 828 4548 t.
854 4496 957 4547 lliencm
984 4493 1094 4544 Cassium
1127 4491 1168 4544 lib.
1196 4490 1302 4542 txtttt.

74 4580 166 4639 petuas
185 4580 209 4622 ct
218 4571 349 4623 Felicitatis
367 4571 391 4621 iu
409 4569 518 4620 Ruioarti
531 4568 595 4619 dctis
612 4567 665 4618 i’ri-
718 4581 739 4616 c.
758 4562 782 4614 3.
