3122 5250
296 375 359 439 394
381 393 574 436 ntssattrarto
589 392 620 435 tn
636 391 683 442 (lli.
701 391 784 436 SEPT.
801 391 886 436 FLOR.
902 391 1096 434 runautttnnt
1111 391 1337 435 anotounrtcuu
1351 391 1427 434 CET'T.

379 543 445 605 Non
473 543 537 605 sola
564 551 661 606 autem
684 543 853 623 Scripturae
875 543 981 604 Sacrae
1009 543 1182 606 auctoritate
1204 549 1234 604 ct
1254 543 1312 604 lata
1332 540 1481 604 Christianis

294 629 359 709 lege
380 628 410 688 id
431 628 538 708 probat
552 628 766 701 Tertullianus,
802 628 854 688 sed
876 627 932 689 bae
953 627 1044 689 ctiam
1057 627 1182 701 ratione,
1203 637 1305 690 oontm
1318 645 1481 707 quamnemo

295 733 366 776 sane
388 731 426 774 ne
447 714 555 775 mutire
577 713 696 793 quidem
716 720 847 791 poterat:
887 713 960 775 Com
982 719 1169 784 concutitur,
1199 713 1308 792 inquit,
1340 714 1481 793 inposito,

295 803 448 862 concussis
471 803 560 860 strom
583 803 688 861 ceteris
707 799 848 860 memhris
871 801 936 860 mue
956 801 1058 880 utique
1080 808 1108 860 et
1129 816 1199 870 nos,
1234 797 1303 860 licet
1328 801 1482 859 estanneio

295 885 394 946 turbio
416 887 683 955 aestimemus-„in
705 882 806 964 aliquo
830 881 894 944 loco
917 901 1004 944 ocsus
1027 887 1200 945 invenimur
1221 881 1399 954 (Tertullian.
1418 881 1480 960 Apo-

293 968 382 1048 loget.
404 967 460 1028 loo.
484 968 556 1043 cit).
599 967 636 1028 nt
657 967 697 1030 ibi
720 975 821 1028 contra
848 967 981 1028 codicum
1002 975 1176 1028 nostrorum
1205 975 1234 1029 et
1255 967 1396 1029 editorum
1415 965 1481 1026 fidon

293 1053 325 1114 iu
351 1051 467 1132 Rigaltii
500 1052 629 1113 editione
663 1051 810 1113 sublatum
843 1058 889 1113 est
918 1051 1039 1113 verbum
1070 1057 1270 1114 aestimemur.
1315 1052 1378 1125 Qua
1407 1057 1482 1111 auten

294 1155 331 1200 an
353 1137 507 1199 oscitantia
533 1137 784 1216 typographorum
816 1137 861 1198 vel
893 1136 1010 1215 Rigaltii
1047 1138 1167 1217 propria
1195 1137 1381 1209 auctoritate,
1414 1134 1480 1196 sicuti

293 1223 458 1297 nescimus,
495 1222 533 1284 ita
565 1231 643 1282 certe
671 1221 742 1282 nulli
770 1221 956 1296 dubitamus,
987 1220 1058 1282 illud
1088 1231 1168 1283 recte
1195 1222 1232 1282 ab
1254 1220 1378 1283 Auctore
1398 1227 1481 1280 accho

289 1307 435 1370 additum.
465 1305 550 1368 Prius
572 1323 708 1384 namque,
731 1307 773 1369 uti
790 1306 935 1379 vidimus,
964 1307 1091 1368 asseruit
1113 1306 1298 1368 Christianos
1321 1325 1384 1368 cunr
1404 1304 1480 1366 ethni·

255 1412 262 1427 ·
291 1392 336 1453 ois
358 1391 468 1471 ubique
490 1392 520 1462 in
542 1391 632 1453 rebus
659 1390 944 1470 puhlicisomnihus
967 1391 1062 1452 fuisse
1084 1392 1257 1470 permixtos.
1300 1391 1480 1453 Verumtamen

292 1476 522 1539 aestimabantur
536 1481 679 1539 eatronci
696 1495 713 1537 a
733 1475 828 1537 turbis
850 1475 1012 1555 gentilium,
1035 1475 1103 1555 quia
1125 1476 1161 1537 ab
1183 1493 1288 1538 eorum
1309 1474 1445 1556 mysteriis
1462 1478 1482 1530 et

291 1561 500 1641 superstitioso
523 1561 602 1624 cultu
625 1561 746 1622 omnino
769 1569 851 1622 erant
872 1560 974 1621 alieni.¹
1000 1560 1103 1621 Cetera
1126 1579 1191 1621 cum
1219 1561 1345 1623 ethnicis
1373 1559 1481 1621 vivebant

292 1655 380 1725 alque
408 1647 518 1708 idcirco
548 1665 692 1708 concusso
722 1646 846 1725 imperio
876 1655 903 1706 et
932 1646 1013 1724 ipsos
1042 1645 1158 1706 concuti
1187 1639 1313 1708 necesse
1335 1653 1402 1706 erat.
1438 1643 1480 1702 Pro

291 1731 408 1811 imperii
430 1731 520 1810 igitur
540 1730 748 1809 tranquillitate
771 1738 800 1790 et
822 1730 1021 1791 incolumitate
1053 1729 1265 1809 imperatorum
1292 1731 1381 1792 Deum
1411 1743 1481 1805 aequo

291 1822 414 1894 totoque
436 1816 535 1876 animo
557 1833 619 1876 non
641 1815 737 1876 solum
757 1815 903 1894 privatim,
926 1815 978 1876 sed
1001 1814 1031 1875 in
1054 1815 1117 1876 suis
1140 1816 1238 1890 etiam,
1262 1812 1480 1898 quemadmodum

292 1899 432 1979 superius
456 1900 686 1973 observavimus,
709 1900 865 1978 synaxibus
886 1899 1003 1979 publice
1024 1897 1220 1980 precabantur
1242 1901 1349 1980 (Supra
1369 1917 1425 1978 cap.
1446 1899 1479 1959 lt.

291 1985 354 2047 Art.
379 1989 430 2047 t..

376 1988 455 2142 Qgrid
475 2087 556 2140 vero,
579 2069 658 2147 quod
679 2069 774 2130 maior
793 2068 968 2140 necessitas,
992 2059 1026 2128 si'
1039 2069 1220 2130 Tertulliano
1243 2069 1396 2140 credimus,
1417 2063 1479 2141 dap-

289 2152 371 2214 tabat
392 2163 425 2215 ut
447 2151 605 2215 Christiani
626 2155 680 2214 bas
701 2172 804 2233 preces
828 2173 863 2214 ex
884 2154 982 2215 animo
1004 2154 1161 2215 funderent
1183 2153 1366 2228 (Tertullian.
1380 2149 1477 2231 Apolog.
1520 2161 1521 2208 1

291 2257 354 2317 cap.
370 2239 444 2316 32).
486 2237 545 2298 Per
567 2257 670 2299 eorum
693 2238 800 2317 quippe
821 2237 935 2299 animos
958 2238 1059 2317 opinio
1081 2248 1252 2318 pervaserat
1272 2240 1401 2320 proxime
1421 2237 1478 2296 lotu-

291 2341 357 2383 rum
380 2321 482 2383 mundi
505 2323 593 2383 finem
614 2322 702 2384 variis
726 2323 872 2400 portentis
896 2330 957 2382 tum
979 2324 1195 2403 praenuntiari:
1233 2326 1287 2386 sed
1310 2343 1374 2386 eum
1396 2331 1478 2386 tamen
1520 2329 1521 2336 ¹

291 2407 368 2470 sicut
388 2409 445 2469 iam
469 2407 690 2468 observavimus
713 2407 821 2486 (Supra
843 2423 906 2484 cap.
924 2411 973 2470 15.
995 2408 1057 2468 Art.
1083 2413 1134 2484 1.),
1157 2427 1218 2469 non
1241 2418 1326 2471 antea
1347 2409 1478 2469 destruet·

290 2492 370 2564 dnum,
393 2509 479 2571 quam
495 2491 658 2553 Romanum
681 2491 835 2570 imperium
858 2499 1048 2554 everteretur.
1078 2492 1231 2571 Rogabant
1245 2494 1335 2574 igitur
1347 2510 1398 2573 pro
1412 2487 1478 2549 huius

289 2577 480 2638 diuturnitate
507 2584 536 2637 et
563 2585 596 2638 ut
621 2577 821 2638 retardaretur
848 2576 951 2638 mundi
978 2577 1056 2648 linis,
1089 2595 1175 2657 quern
1204 2578 1331 2658 experiri
1357 2573 1478 2638 nolebant

289 2661 326 2722 ht
348 2661 479 2740 quamvis
503 2661 550 2722 illa
573 2661 808 2723 Christianorum
832 2661 943 2739 opinio,
972 2671 1005 2722 ut
1026 2680 1116 2741 supra
1137 2663 1265 2726 vidimus
1288 2653 1477 2738 (dissertatio

288 2746 420 2808 Laetant.
444 2765 506 2825 cap.
529 2749 581 2812 29.
603 2748 665 2808 hrt.
690 2751 701 2809 l
730 2755 759 2807 ct
781 2751 894 2826 seqq),
932 2765 999 2806 vera
1031 2765 1092 2808 non
1126 2747 1180 2817 sit,
1215 2767 1279 2810 non
1310 2748 1375 2808 inde
1404 2753 1477 2804 aneo

288 2831 387 2892 minus
416 2838 497 2893 certo
517 2831 678 2893 'coniicitur
705 2831 772 2892 illos
804 2829 927 2892 sinceris
956 2831 1092 2910 precihus
1122 2850 1137 2892 a
1159 2833 1220 2894 lieo
1244 2831 1442 2913 expoposcisso
1458 2827 1478 2882 ti

288 2917 411 2979 salutern
433 2917 643 2996 imperatorum
666 2924 695 2978 et
716 2916 900 2995 tranquillam
921 2917 1036 2996 imperii
1058 2935 1161 2977 eornm
1183 2917 1408 2982 diuturnitatem.

790 3085 965 3136 inritatus
976 3085 1005 3172 ll.

274 3179 426 3248 'Christianos
444 3188 551 3232 immerito
570 3190 646 3232 laesae
663 3189 784 3232 maiestatis
804 3191 913 3232 burnunuo
933 3189 1043 3240 accusari,
1062 3189 1112 3245 quio
1132 3189 1238 3234 nolebant
1255 3204 1295 3248 pro
1313 3185 1437 3246 imperatoris
1451 3191 1476 3254 ta:

291 3255 336 3299 luto
360 3256 487 3300 sacriiloare
511 3257 553 3300 diis
577 3257 691 3310 gentilium
721 3265 761 3300 aut
790 3268 829 3300 eos
853 3257 948 3312 precari,
972 3258 1009 3311 qui
1034 3269 1077 3301 noc
1095 3269 1135 3302 sua
1154 3259 1235 3314 templa
1253 3271 1296 3305 nec
1319 3271 1344 3303 se
1360 3259 1414 3314 ipsos
1429 3258 1476 3294 mun

290 3331 393 3379 potarent
416 3333 458 3368 nco
482 3325 620 3380 imperatoris
644 3326 697 3368 durs
716 3333 752 3368 aut
771 3337 904 3370 conservare
922 3327 1024 3376 salutem,
1049 3327 1088 3370 sed
1106 3327 1169 3370 scius
1186 3327 1247 3372 licus
1266 3325 1476 3384 compeccantem

586 3393 704 3436 Christiani
721 3399 824 3448 poterant
841 3404 890 3436 eam
909 3393 954 3436 suis
972 3393 1089 3450 impetrare
1107 3394 1219 3450 precihus.

372 3504 430 3564 Tot
450 3505 598 3566 rationum
618 3507 778 3567 momentis
801 3506 873 3568 satis
897 3507 1128 3570 demonstratum
1151 3509 1411 3575 estthnniaoos.
1438 3495 1474 3578 ‘issi

286 3596 351 3651 toto
384 3589 481 3651 animo
508 3589 602 3651 Deum
633 3609 688 3669 pro
716 3591 927 3670 imperatorum
958 3595 1050 3656 salute
1080 3594 1367 3673 senonicensem,
1399 3590 1474 3650 laesa

287 3693 393 3738 eorum
419 3674 581 3736 maiestatis
609 3693 671 3736 non
698 3694 767 3736 esse
794 3693 875 3737 reos.
919 3677 997 3751 Quid
1026 3695 1095 3757 ergo
1118 3687 1220 3740 eontra
1242 3695 1388 3761 opponere
1407 3679 1472 3754 pult·

286 3767 354 3822 rant
375 3760 516 3840 gentiles,
545 3760 605 3822 nisi
627 3759 781 3822 imbecillia
802 3780 927 3841 prorsus
950 3771 1118 3843 argumenta
1153 3763 1352 3844 absurdasque
1381 3753 1472 3822 canlia-

285 3846 396 3920 tiones,
418 3864 493 3924 quae
514 3853 604 3907 nsunt
626 3863 659 3906 se
681 3845 755 3925 ipsis
778 3854 808 3906 et
829 3846 960 3909 funditus
990 3846 1171 3910 concidunt?
1214 3849 1257 3910 Ne
1290 3847 1357 3928 quid
1387 3851 1472 3904 tament

287 3931 375 3993 sicuti
398 3929 596 3993 Tertullianus
618 3938 731 4001 noster,
759 3930 900 3992 intactum
921 3933 1131 4010 rehnquamus,
1155 3951 1189 3994 ea
1210 3929 1393 3996 examinanda
1412 3925 1471 3985 sint

285 4023 319 4076 ut
345 4015 528 4098 manifestius
558 4013 676 4076 cuilibet
704 4017 752 4076 liat
781 4023 887 4095 quanta
920 4013 1071 4095 iniquitate
1102 4017 1191 4080 iidem
1227 4015 1378 4080 Christiani
1408 4017 1471 4072 suam

285 4108 410 4179 propter
430 4101 604 4180 religionem
625 4106 802 4161 vexarentur
822 4100 1178 4182 atqueopprimerentur.
1457 4169 1462 4182 ,

370 4183 555 4247 Obiioiebant
576 4185 674 4265 itaque
696 4185 804 4246 ethnici
827 4185 892 4247 iilos
908 4185 1005 4247 laesae
1019 4187 1182 4249 maiestatis
1197 4188 1339 4250 humanae
1353 4177 1470 4246 convictu

285 4266 353 4346 quia
373 4285 428 4346 pro
451 4269 659 4348 imperatorum
682 4271 778 4332 salute
799 4269 881 4332 lalsis
902 4270 1021 4332 illortnn
1043 4271 1099 4333 diis
1122 4270 1343 4336 sacrificarevel
1357 4285 1403 4330 cos
1416 4273 1469 4342 prt-

285 4351 344 4412 cari
365 4352 554 4430 pertinaciter
574 4355 759 4418 recursabant.
803 4354 861 4417 Sed
883 4355 1067 4435 quibusnam,
1096 4358 1137 4419 ait
1158 4351 1366 4427 Tertullianus,
1380 4351 1416 4412 itt
1432 4357 1469 4404 ⁸³·

284 4435 471 4498 crificandum
494 4445 541 4499 est
561 4439 743 4512 (Tertullian.
765 4439 918 4519 Apologet.
941 4459 1003 4520 cap.
1026 4439 1116 4519 aeq?
1157 4441 1261 4505 Nonne
1281 4441 1317 4503 iis
1343 4436 1389 4518 qui
1411 4439 1468 4520 P⁰‚⁵'

283 4529 354 4583 sunt
383 4521 505 4584 salutem
535 4523 655 4586 cuilibet
683 4525 794 4586 bomini
833 4533 919 4605 atque
950 4525 1036 4588 etiam
1070 4527 1294 4606 imperatoribus
1325 4501 1469 4600 impertio?

281 4604 369 4686 Atqui
403 4606 565 4669 eorundem
594 4609 779 4671 ethnicorum
806 4608 846 4670 dii
878 4628 974 4690 neque
1004 4613 1231 4693 imperatoribus
1252 4627 1342 4690 neque
1361 4602 1405 4667 ulli
1423 4597 1467 4656 Μ·
