3114 5240
498 343 631 390 morsus
652 341 713 393 mc:
733 346 771 390 aa
792 345 918 392 somr.
1092 297 1105 326 ”
1255 333 1318 399 m

103 493 180 556 solih
204 512 334 556 unorum
355 493 571 558 consuetudine
593 495 792 560 continebant
835 497 1036 566 emmenum
1059 499 1207 582 siquidem
1227 508 1318 582 stetis

101 579 131 640 ad
151 595 309 642 sumntum
330 577 408 640 duos
428 578 473 639 rel
496 587 557 640 tres
578 579 727 654 invenias,
751 581 801 661 qui
824 601 912 644 secus
935 583 1057 662 egerint.
1100 585 1194 648 Nemo
1217 593 1317 648 autem

100 663 148 724 ultr
171 681 307 742 unquam
328 663 443 724 ratione
465 664 612 739 ostendet,
635 665 846 728 Tertullianum
868 668 975 730 borum
995 669 1113 748 potius,
1137 689 1223 750 quam
1244 670 1315 732 itto-

99 768 157 810 rnm
181 747 243 810 sibi
268 747 305 808 ad
326 747 499 810 imitandum
520 750 715 829 proposuisse
738 751 879 830 exempla.
927 795 933 800 -

176 833 291 894 Versum
324 833 399 894 alius
432 833 533 896 nescio
556 834 622 914 quis
645 834 770 898 lorsitan
792 855 944 898 sacrorum
968 837 1106 900 ordinum
1128 847 1316 920 oppugnator

95 918 221 980 euobis
245 917 417 997 postulabit,
441 935 494 979 cnr
517 917 725 992 Tertullianus,
748 919 774 982 si
795 921 951 1002 presbyter
971 921 1042 997 luit,
1067 941 1135 985 sese
1157 924 1314 1005 aliquando

96 1003 121 1064 in
141 1003 292 1066 laicorum
313 1001 449 1064 retulerit
468 1021 634 1068 numerum.
677 1005 751 1067 Nam
772 1005 803 1066 in
824 1005 900 1068 libro
923 1008 959 1069 de
982 1006 1138 1072 Oratione:
1161 1008 1241 1082 Nos,
1264 1009 1316 1070 in·-

95 1088 164 1168 quit,
190 1087 241 1150 uel
262 1087 530 1152 morinensibus
554 1089 613 1151 ioci
633 1089 765 1153 bordses
787 1089 922 1160 (Tertull.
944 1091 995 1154 lib.
1011 1093 1048 1154 de
1064 1093 1314 1173 Orat.·cap.1t.).

95 1173 150 1234 Sed
172 1173 312 1252 mutans
333 1171 391 1244 liic,
414 1170 501 1234 sicuti
523 1173 689 1253 opinantur.
711 1184 794 1237 esset
814 1175 921 1236 borum
942 1176 1099 1238 verborum
1121 1197 1240 1252 sensus,
1262 1177 1313 1239 ni·
1393 1215 1395 1220 ,

95 1257 131 1317 bil
153 1267 258 1320 tamen
280 1275 316 1318 es
339 1256 383 1318 eis
406 1267 508 1318 coena
531 1257 702 1320 Tertulliani
724 1259 920 1322 sacerdotium
942 1261 1077 1323 concludi
1091 1271 1200 1342 potest
1237 1261 1313 1323 Cer·

96 1352 153 1404 tum
175 1343 332 1404 enimvero
355 1351 482 1414 nonest,
506 1352 611 1416 uuum,
635 1345 751 1424 quando
767 1344 978 1424 beecsoripsit,
1002 1353 1064 1408 tum
1076 1347 1211 1408 adbucin
1224 1361 1312 1426 grege

95 1446 150 1488 non
173 1426 267 1490 luerit
286 1425 438 1488 laicorum.

174 1513 215 1574 At
245 1511 364 1590 quidam
393 1510 488 1576 nobis.
508 1511 586 1574 haud
614 1512 701 1574 dubie
729 1512 868 1574 obiicient
895 1511 931 1574 ab
960 1511 1009 1574 illo
1039 1513 1187 1575 subletum
1216 1513 1311 1576 luisse

95 1617 181 1658 omne
202 1596 298 1658 laicos
319 1596 398 1656 inter
418 1605 448 1658 et
468 1595 591 1659 clericos
613 1595 782 1669 ‹liserimem
804 1595 855 1658 nbi
877 1595 914 1658 de
935 1596 1069 1676 utrisque
1090 1597 1169 1658 hunc
1182 1597 1314 1677 loquitur

94 1681 276 1744 inmodnm:
303 1679 385 1744 ilerde
402 1685 535 1761 episcopi
549 1691 577 1744 et
594 1679 718 1744 cleros?
744 1680 852 1744 Nonne
864 1679 1089 1744 deomsidusi.
1103 1728 1110 1743 .
1124 1727 1153 1743 ..
1177 1682 1235 1745 Sed
1245 1701 1315 1745 curs

94 1767 272 1830 mollietur
289 1777 318 1828 et
334 1767 482 1844 inflemur
496 1767 644 1830 aduersus
663 1765 786 1836 clerum,
804 1779 876 1828 tusc
891 1785 985 1828 urum
998 1785 1098 1830 omnes
1109 1785 1222 1838 sumus,
1239 1779 1314 1831 tusc

97 1869 198 1914 ossus
213 1852 404 1926 recuderem-
421 1854 490 1930 puio
508 1852 677 1916 sacerdotes
689 1869 744 1913 eor
756 1849 819 1914 lieo
830 1851 957 1912 etl’otri
965 1852 1055 1931 secitr
1077 1871 1142 1914 cum
1153 1851 1312 1932 uiperae-

98 1940 264 2018 prurtiosest
275 1935 451 2016 dismpliroe
463 1935 659 1998 sacedotalis
667 1949 885 2016 provocemur,
898 1937 1071 2016 deponimus
1082 1935 1199 2016 infulas
1211 1945 1239 1998 et
1252 1940 1312 2000 im-

94 2041 187 2101 pares
201 2040 316 2083 unus.
345 2019 387 2082 lta
405 2020 523 2099 quidem
540 2020 588 2082 ille
605 2019 724 2082 inlibro
735 2021 771 2082 de
782 2019 965 2098 Monogemia
976 2020 1069 2092 (idem
1080 2019 1130 2082 lib.
1141 2021 1177 2081 de
1191 2019 1312 2100 Monog.

96 2125 157 2185 cap.
175 2109 249 2178 12).
306 2104 401 2166 Simili
431 2123 549 2184 quoquo
576 2105 665 2166 modo
694 2105 725 2166 in
752 2105 809 2166 alio
837 2105 873 2166 de
901 2104 1112 2168 Exhortatione
1142 2103 1311 2166 Castitatis:

97 2191 317 2272 Differentiam,
340 2188 546 2268 inquit„ioter
568 2191 703 2252 ordimur
725 2201 754 2252 et
771 2189 887 2269 piebem
910 2193 1065 2252 coustituit
1078 2189 1228 2252 Ecclesiae
1249 2205 1324 2252 cu··

98 2281 235 2346 ctoritus,
257 2287 288 2339 et
310 2274 408 2336 bosor
425 2293 484 2353 per
505 2275 620 2336 ordiris
644 2292 815 2338 consessum
836 2275 1061 2356 sanctificatio,-
1093 2275 1167 2336 odeo
1188 2275 1242 2339 uiri
1261 2293 1312 2337 ec—

98 2361 258 2426 clesiastici
280 2359 401 2422 ordinis
424 2377 485 2421 ooo
507 2369 552 2420 est
575 2377 743 2432 consessus,
768 2370 796 2422 et
821 2359 916 2440 offers
938 2369 967 2420 et
981 2361 1093 2437 riopuis
1116 2369 1146 2420 et
1161 2341 1310 2423 sacietas

97 2464 125 2508 es
146 2445 200 2508 tili
220 2443 309 2507 solue
333 2443 424 2518 (ldem
445 2442 495 2504 lib.
519 2445 555 2506 de
576 2442 698 2504 Esbort
721 2443 822 2506 Castit
846 2461 908 2522 cap.
926 2446 978 2520 Ἰ.)
1289 2509 1291 2514 ,

175 2529 288 2592 Verum
310 2527 427 2590 nemini
446 2528 664 2608 incompertum
686 2535 742 2599 est,
766 2527 857 2600 illum,
880 2528 949 2588 dmn
971 2527 1044 2588 haec
1066 2527 1226 2599 scriberet,
1249 2527 1310 2590 iam

99 2615 188 2676 ammo
211 2612 369 2676 imbibisse
390 2612 632 2674 Montanistarum
655 2631 788 2686 errores,
812 2631 887 2692 qnos
910 2612 1019 2674 ibidem
1043 2620 1162 2673 secutus
1184 2611 1312 2674 adiecit:

100 2698 152 2761 Sed
170 2701 224 2763 ubi
246 2709 328 2769 tres,
351 2696 484 2759 Ecclesia
506 2710 565 2768 est,
590 2697 656 2762 licet
679 2695 750 2760 laici
772 2695 881 2772 (ibid).
926 2695 1125 2769 Quamobrem
1148 2695 1310 2757 errantium
1387 2753 1391 2760 .

97 2803 173 2846 more
209 2783 255 2844 rel
288 2782 345 2844 sibi
378 2801 438 2842 non
473 2781 620 2854 constitit,
653 2781 700 2840 vel
728 2799 836 2842 nomen
866 2779 1028 2842 sacerdotis
1051 2798 1112 2839 non
1133 2779 1254 2858 proprio
1278 2788 1310 2842 et

98 2868 249 2940 strictiori,
281 2867 334 2928 sed
363 2865 524 2946 improprio
547 2874 577 2926 et
599 2864 694 2928 latiori
716 2864 828 2944 accepit
849 2863 1031 2944 significatu,
1060 2861 1310 2943 quemadmodum

96 2973 151 3014 nou
178 2952 274 3016 semel
302 2951 429 3013 sumitur
455 2950 491 3011 ab
513 2951 623 3011 loanne
651 2949 714 3022 his,
747 2949 783 3009 ed
811 2967 884 3028 quae
907 2947 1036 3008 alludere
1058 2946 1172 3007 videtur
1192 2946 1307 3008 verbis:

98 3039 171 3102 l'ecr't
191 3058 250 3100 reos
273 3055 401 3114 reprom
421 3048 448 3097 ct
469 3035 640 3102 secerdotes
653 3033 715 3096 lieo
732 3044 761 3096 et
772 3033 860 3094 Petri
872 3050 927 3094 erro
944 3031 1129 3110 (Apocalyps.
1145 3030 1240 3110 capri.
1253 3033 1307 3108 6.).

101 3125 186 3202 itque
215 3123 325 3184 iterum
352 3128 471 3198 postea:
501 3119 611 3184 Fecisti
637 3137 693 3181 sos
716 3118 779 3182 lieo
808 3126 915 3180 rostro
939 3125 1065 3196 repetem
1086 3127 1114 3177 et
1135 3116 1308 3178 sacerdotes

101 3207 178 3277 (ibid
199 3226 264 3286 cop.
280 3207 314 3265 V.
334 3209 406 3280 itt).
455 3203 522 3284 lpse
555 3203 704 3264 enimuero
738 3203 816 3264 idem
845 3200 1057 3274 Tertullianus,
1091 3200 1208 3262 tametsi
1237 3207 1310 3263 tnnc

103 3291 220 3354 Monuni
243 3299 385 3364 sectator,
408 3289 464 3352 alio
487 3289 517 3350 in
538 3287 614 3350 libro
639 3287 682 3354 sic
701 3287 847 3368 loquitur:
870 3287 925 3348 list
947 3285 1032 3348 bodie
1047 3303 1140 3348 soror
1154 3286 1235 3365 opud
1249 3303 1307 3348 reos

104 3377 312 3440 revelationum
335 3375 519 3437 cbarismctc
540 3377 661 3443 sortito,
683 3393 756 3455 quor
779 3377 811 3436 iro
827 3371 962 3434 liccieeic
982 3373 1065 3433 inter
1087 3371 1234 3432 domitrice
1254 3388 1308 3432 so-

102 3461 201 3524 lennia
224 3479 284 3542 per
313 3463 442 3522 ecstoeir
470 3464 501 3521 in
532 3462 644 3539 spirito
662 3463 865 3538 potitur....
889 3455 962 3518 Post
984 3466 1141 3518 transacta
1162 3453 1310 3517 solemnio

98 3549 215 3610 dmin
233 3543 337 3626 plebe,
368 3563 425 3623 quo
452 3562 512 3606 usu
534 3543 611 3606 solet
633 3543 719 3606 uobis
742 3545 921 3606 recentiore
943 3559 1018 3621 quoe
1039 3541 1149 3604 viderit
1173 3537 1307 3610 (Tertull.

99 3631 142 3692 lib.
163 3631 199 3693 de
222 3630 319 3692 baim·
342 3647 405 3707 cap.
421 3630 475 3702 9.).
518 3627 555 3690 lt
583 3635 662 3688 certe
695 3627 736 3689 ibi
762 3626 810 3688 ille
833 3645 901 3688 sese
924 3645 940 3685 a
961 3623 1047 3704 plebe
1071 3643 1124 3686 seu
1148 3621 1227 3683 omni
1249 3621 1307 3683 lai·

99 3735 193 3778 corum
213 3733 304 3794 grege
327 3713 465 3776 secernit.
666 3728 671 3741 ¹
780 3703 792 3730 ⁹

174 3801 320 3862 Privatam
353 3805 448 3858 autem
483 3795 700 3874 solitariamque
733 3795 794 3873 egit
823 3794 912 3856 uitam
945 3813 978 3856 oc
1015 3791 1123 3852 reiecta
1157 3787 1306 3850 communi

101 3886 223 3948 omnum
246 3891 328 3945 reste
350 3891 528 3961 sumptoque
549 3880 796 3960 pbilosophorum
817 3877 905 3958 pallio
927 3897 960 3938 se
986 3896 1021 3938 ox
1047 3873 1231 3954 publicorum
1247 3889 1305 3934 ne·

103 3969 240 4046 pudorum
267 3967 394 4030 tumultu
427 3965 602 4028 subduxisse
631 3964 810 4028 testificatur.
853 3963 933 4024 llaec
954 3961 1032 4023 enim
1055 3964 1126 4018 sunt
1146 3955 1210 4018 eius
1233 3955 1305 4019 licto

106 4053 225 4116 eiusdem
247 4051 326 4132 pallii
349 4051 395 4114 sui
417 4049 537 4113 nomine
559 4049 663 4112 verba:
694 4049 755 4128 lipo
779 4047 858 4110 eiiii
878 4050 966 4128 foro,
989 4042 1066 4106 rtiltii
1089 4060 1207 4122 compo,
1229 4042 1310 4106 stibii

107 4143 194 4202 curiae
216 4139 322 4210 debeo;
347 4137 427 4198 nulli
448 4136 550 4216 officio
573 4134 719 4214 odoipiio,
752 4131 839 4195 uuila
862 4146 966 4196 rostro
984 4145 1189 4210 praeoccupo,
1218 4127 1309 4190 nullu

100 4229 249 4302 praetorio
272 4223 416 4295 observor
440 4219 560 4284 ceriolos
581 4239 649 4302 ooo¹
667 4221 769 4287 odoro,
794 4216 941 4280 concellus
960 4213 1139 4283 ooncdoro,
1162 4211 1308 4275 surbaeilio

102 4325 156 4370 sor
176 4308 339 4377 emerendo,
360 4310 431 4368 iure
451 4323 514 4368 nou
537 4304 694 4373 conturbo,
718 4319 823 4364 cousus
839 4320 901 4364 sorr
916 4299 1023 4373 elotro,
1045 4316 1107 4360 ooo
1119 4299 1226 4370 iudico,
1242 4315 1307 4360 nort

101 4393 197 4462 iiiito,
220 4396 331 4454 secessi
350 4392 385 4453 de
403 4390 528 4471 populo:
550 4395 582 4450 io
603 4409 648 4451 me
670 4391 790 4449 ulricum
812 4387 961 4464 repetiero
981 4382 1123 4456 mibiest3
1146 4380 1307 4445 m'sioiiuti

102 4495 157 4540 sorr
177 4495 254 4556 estro
275 4495 361 4557 quam
381 4494 419 4538 oe
442 4493 541 4536 curem
563 4473 657 4548 (ldem
677 4470 727 4532 lib.
750 4470 786 4530 de
809 4468 879 4530 Pali.
903 4486 965 4547 cap.
982 4471 1034 4544 5.).

177 4559 309 4624 Muribus
330 4579 400 4624 vero
423 4567 483 4624 tum
504 4557 592 4624 costis
613 4555 782 4636 smctisque
803 4553 874 4628 luit,
903 4571 990 4634 quam
1011 4551 1092 4616 duris
1114 4549 1247 4632 proiecto
1268 4555 1302 4613 et
1376 4587 1378 4598 r
