<?xml version="1.0" encoding="UTF-8"?>
<!DOCTYPE html PUBLIC "-//W3C//DTD XHTML 1.0 Transitional//EN"
    "http://www.w3.org/TR/xhtml1/DTD/xhtml1-transitional.dtd">
<html xmlns="http://www.w3.org/1999/xhtml" xml:lang="en" lang="en">
 <head>
  <title>
</title>
<meta http-equiv="Content-Type" content="text/html;charset=utf-8" />
  <meta name='ocr-system' content='tesseract 3.04.00' />
  <meta name='ocr-capabilities' content='ocr_page ocr_carea ocr_par ocr_line ocrx_word'/>
</head>
<body>
  <div class='ocr_page' id='page_1' title='image "./quaesupersuntom01oehlgoog_0675.png"; bbox 0 0 3020 5230; ppageno 0'>
   <div class='ocr_carea' id='block_1_1' title="bbox 286 395 1351 476">
    <p class='ocr_par' dir='ltr' id='par_1_1' title="bbox 286 395 1351 476">
     <span class='ocr_line' id='line_1_1' title="bbox 286 395 1351 476; baseline -0.008 -18"><span class='ocrx_word' id='word_1_1' title='bbox 286 395 349 459; x_wconf 86' lang='grc'><strong>638</strong></span> <span class='ocrx_word' id='word_1_2' title='bbox 414 405 606 454; x_wconf 84' lang='lat' dir='ltr'><strong>arssaarsrro</strong></span> <span class='ocrx_word' id='word_1_3' title='bbox 623 407 660 450; x_wconf 85' lang='lat' dir='ltr'><strong>ns</strong></span> <span class='ocrx_word' id='word_1_4' title='bbox 677 403 760 450; x_wconf 79' lang='lat' dir='ltr'><strong>vasu</strong></span> <span class='ocrx_word' id='word_1_5' title='bbox 775 405 812 450; x_wconf 83' lang='lat' dir='ltr'><strong>ea</strong></span> <span class='ocrx_word' id='word_1_6' title='bbox 829 405 886 450; x_wconf 84' lang='lat' dir='ltr'><strong>rue.</strong></span> <span class='ocrx_word' id='word_1_7' title='bbox 903 405 1011 450; x_wconf 83' lang='lat' dir='ltr'><strong>rnaoaa</strong></span> <span class='ocrx_word' id='word_1_8' title='bbox 1028 405 1143 476; x_wconf 78' lang='lat' dir='ltr'><strong>uranon.</strong></span> <span class='ocrx_word' id='word_1_9' title='bbox 1160 405 1351 450; x_wconf 84' lang='lat' dir='ltr'><strong>renrunusm</strong></span> 
     </span>
    </p>
   </div>
   <div class='ocr_carea' id='block_1_2' title="bbox 250 553 1467 3896">
    <p class='ocr_par' dir='ltr' id='par_1_2' title="bbox 250 553 1467 2140">
     <span class='ocr_line' id='line_1_2' title="bbox 287 553 1449 635; baseline -0.006 -12"><span class='ocrx_word' id='word_1_10' title='bbox 287 561 396 624; x_wconf 89' lang='lat' dir='ltr'><strong>mirum</strong></span> <span class='ocrx_word' id='word_1_11' title='bbox 427 565 474 619; x_wconf 90' lang='lat' dir='ltr'><strong>est</strong></span> <span class='ocrx_word' id='word_1_12' title='bbox 506 555 585 635; x_wconf 91' lang='lat' dir='ltr'><strong>quad</strong></span> <span class='ocrx_word' id='word_1_13' title='bbox 607 555 805 634; x_wconf 76' lang='lat' dir='ltr'><strong>Hieronymus</strong></span> <span class='ocrx_word' id='word_1_14' title='bbox 838 553 968 628; x_wconf 78' lang='lat' dir='ltr'><strong>scribit‘,</strong></span> <span class='ocrx_word' id='word_1_15' title='bbox 1001 555 1214 618; x_wconf 79' lang='lat' dir='ltr'><strong>Tertullianum</strong></span> <span class='ocrx_word' id='word_1_16' title='bbox 1241 575 1277 620; x_wconf 89' lang='lat' dir='ltr'><strong>sc</strong></span> <span class='ocrx_word' id='word_1_17' title='bbox 1304 555 1449 635; x_wconf 82' lang='lat' dir='ltr'><strong>presbpmn</strong></span> 
     </span>
     <span class='ocr_line' id='line_1_3' title="bbox 288 638 1447 719; baseline -0.008 -12"><span class='ocrx_word' id='word_1_18' title='bbox 288 663 367 706; x_wconf 92' lang='lat' dir='ltr'><strong>nunc</strong></span> <span class='ocrx_word' id='word_1_19' title='bbox 388 643 505 702; x_wconf 87' lang='lat' dir='ltr'><strong>demum</strong></span> <span class='ocrx_word' id='word_1_20' title='bbox 519 641 649 719; x_wconf 89' lang='lat' dir='ltr'><strong>primum</strong></span> <span class='ocrx_word' id='word_1_21' title='bbox 670 647 740 717; x_wconf 88' lang='lat' dir='ltr'><strong>post</strong></span> <span class='ocrx_word' id='word_1_22' title='bbox 763 638 908 699; x_wconf 79' lang='lat' dir='ltr'><strong>Victorem</strong></span> <span class='ocrx_word' id='word_1_23' title='bbox 932 647 962 700; x_wconf 89' lang='lat' dir='ltr'><strong>et</strong></span> <span class='ocrx_word' id='word_1_24' title='bbox 981 639 1169 717; x_wconf 78' lang='lat' dir='ltr'><strong>apollonium</strong></span> <span class='ocrx_word' id='word_1_25' title='bbox 1189 639 1360 702; x_wconf 78' lang='lat' dir='ltr'><strong>Latinorum</strong></span> <span class='ocrx_word' id='word_1_26' title='bbox 1377 659 1447 718; x_wconf 79' lang='lat' dir='ltr'><strong>porea</strong></span> 
     </span>
     <span class='ocr_line' id='line_1_4' title="bbox 290 722 1453 806; baseline -0.008 -15"><span class='ocrx_word' id='word_1_27' title='bbox 290 729 400 806; x_wconf 80' lang='lat' dir='ltr'>Optare</span> <span class='ocrx_word' id='word_1_28' title='bbox 426 725 504 798; x_wconf 88' lang='lat' dir='ltr'><strong>licet,</strong></span> <span class='ocrx_word' id='word_1_29' title='bbox 532 731 565 784; x_wconf 91' lang='lat' dir='ltr'><strong>ut</strong></span> <span class='ocrx_word' id='word_1_30' title='bbox 586 722 783 802; x_wconf 72' lang='lat' dir='ltr'><strong>Hieronpnus</strong></span> <span class='ocrx_word' id='word_1_31' title='bbox 805 723 977 802; x_wconf 81' lang='lat' dir='ltr'>scripsisset</span> <span class='ocrx_word' id='word_1_32' title='bbox 998 731 1028 783; x_wconf 89' lang='lat' dir='ltr'><strong>et</strong></span> <span class='ocrx_word' id='word_1_33' title='bbox 1049 731 1201 784; x_wconf 80' lang='lat' dir='ltr'>narrasset</span> <span class='ocrx_word' id='word_1_34' title='bbox 1221 723 1391 786; x_wconf 73' lang='lat' dir='ltr'><strong>accuratius:</strong></span> <span class='ocrx_word' id='word_1_35' title='bbox 1416 723 1453 783; x_wconf 90' lang='lat' dir='ltr'><strong>l-</strong></span> 
     </span>
     <span class='ocr_line' id='line_1_5' title="bbox 290 807 1447 887; baseline -0.009 -13"><span class='ocrx_word' id='word_1_36' title='bbox 290 810 438 874; x_wconf 85' lang='lat' dir='ltr'><strong>tultianus</strong></span> <span class='ocrx_word' id='word_1_37' title='bbox 451 809 629 870; x_wconf 83' lang='lat' dir='ltr'><strong>Latinorum</strong></span> <span class='ocrx_word' id='word_1_38' title='bbox 645 807 807 886; x_wconf 72' lang='lat' dir='ltr'><strong>presbyter</strong></span> <span class='ocrx_word' id='word_1_39' title='bbox 826 811 945 887; x_wconf 87' lang='lat' dir='ltr'><strong>primns</strong></span> <span class='ocrx_word' id='word_1_40' title='bbox 968 819 1030 880; x_wconf 81' lang='lat' dir='ltr'><strong>esr3</strong></span> <span class='ocrx_word' id='word_1_41' title='bbox 1053 824 1160 885; x_wconf 88' lang='lat' dir='ltr'><strong>nempe</strong></span> <span class='ocrx_word' id='word_1_42' title='bbox 1181 807 1212 869; x_wconf 93' lang='lat' dir='ltr'><strong>id</strong></span> <span class='ocrx_word' id='word_1_43' title='bbox 1226 807 1447 884; x_wconf 76' lang='lat' dir='ltr'><strong>rmilliemnma</strong></span> 
     </span>
     <span class='ocr_line' id='line_1_6' title="bbox 291 885 1467 968; baseline -0.003 -12"><span class='ocrx_word' id='word_1_44' title='bbox 291 912 393 956; x_wconf 89' lang='lat' dir='ltr'><strong>eorum</strong></span> <span class='ocrx_word' id='word_1_45' title='bbox 421 891 586 962; x_wconf 90' lang='lat' dir='ltr'><strong>hominum,</strong></span> <span class='ocrx_word' id='word_1_46' title='bbox 614 890 664 968; x_wconf 91' lang='lat' dir='ltr'><strong>qui</strong></span> <span class='ocrx_word' id='word_1_47' title='bbox 686 889 797 950; x_wconf 82' lang='lat' dir='ltr'><strong>Romae</strong></span> <span class='ocrx_word' id='word_1_48' title='bbox 819 889 907 952; x_wconf 83' lang='lat' dir='ltr'><strong>latim</strong></span> <span class='ocrx_word' id='word_1_49' title='bbox 927 890 1027 968; x_wconf 78' lang='lat' dir='ltr'><strong>lingua</strong></span> <span class='ocrx_word' id='word_1_50' title='bbox 1048 891 1091 951; x_wconf 87' lang='lat' dir='ltr'><strong>uti</strong></span> <span class='ocrx_word' id='word_1_51' title='bbox 1114 891 1265 964; x_wconf 87' lang='lat' dir='ltr'><strong>solebant,</strong></span> <span class='ocrx_word' id='word_1_52' title='bbox 1307 885 1467 952; x_wconf 80' lang='lat' dir='ltr'><strong>Tertullum</strong></span> 
     </span>
     <span class='ocr_line' id='line_1_7' title="bbox 289 973 1467 1058; baseline -0.003 -18"><span class='ocrx_word' id='word_1_53' title='bbox 289 981 351 1057; x_wconf 82' lang='lat' dir='ltr'><strong>suit</strong></span> <span class='ocrx_word' id='word_1_54' title='bbox 369 980 489 1058; x_wconf 87' lang='lat' dir='ltr'><strong>primus</strong></span> <span class='ocrx_word' id='word_1_55' title='bbox 509 974 681 1054; x_wconf 73' lang='lat' dir='ltr'><strong>presbyter.</strong></span> <span class='ocrx_word' id='word_1_56' title='bbox 723 975 760 1034; x_wconf 73' lang='lat' dir='ltr'><strong>lt</strong></span> <span class='ocrx_word' id='word_1_57' title='bbox 780 973 829 1034; x_wconf 90' lang='lat' dir='ltr'><strong>hic</strong></span> <span class='ocrx_word' id='word_1_58' title='bbox 850 973 928 1035; x_wconf 88' lang='lat' dir='ltr'><strong>idem</strong></span> <span class='ocrx_word' id='word_1_59' title='bbox 943 973 1140 1036; x_wconf 79' lang='lat' dir='ltr'><strong>Tertullianus</strong></span> <span class='ocrx_word' id='word_1_60' title='bbox 1163 993 1336 1052; x_wconf 79' lang='lat' dir='ltr'><strong>graeoerum</strong></span> <span class='ocrx_word' id='word_1_61' title='bbox 1354 975 1467 1036; x_wconf 73' lang='lat' dir='ltr'><strong>mutum</strong></span> 
     </span>
     <span class='ocr_line' id='line_1_8' title="bbox 290 1057 1452 1142; baseline -0.008 -19"><span class='ocrx_word' id='word_1_62' title='bbox 290 1061 486 1142; x_wconf 86' lang='lat' dir='ltr'><strong>scriptionum</strong></span> <span class='ocrx_word' id='word_1_63' title='bbox 508 1077 542 1119; x_wconf 89' lang='lat' dir='ltr'><strong>se</strong></span> <span class='ocrx_word' id='word_1_64' title='bbox 564 1065 714 1118; x_wconf 88' lang='lat' dir='ltr'><strong>auctorem</strong></span> <span class='ocrx_word' id='word_1_65' title='bbox 736 1057 825 1130; x_wconf 80' lang='lat' dir='ltr'><strong>dixit3</strong></span> <span class='ocrx_word' id='word_1_66' title='bbox 848 1057 999 1137; x_wconf 91' lang='lat' dir='ltr'><strong>quomodo</strong></span> <span class='ocrx_word' id='word_1_67' title='bbox 1021 1057 1110 1137; x_wconf 77' lang='lat' dir='ltr'><strong>igitur</strong></span> <span class='ocrx_word' id='word_1_68' title='bbox 1123 1058 1300 1120; x_wconf 90' lang='lat' dir='ltr'><strong>Latinorum</strong></span> <span class='ocrx_word' id='word_1_69' title='bbox 1321 1058 1409 1118; x_wconf 87' lang='lat' dir='ltr'><strong>dicitu</strong></span> <span class='ocrx_word' id='word_1_70' title='bbox 1422 1075 1452 1133; x_wconf 83' lang='lat' dir='ltr'><strong>pa</strong></span> 
     </span>
     <span class='ocr_line' id='line_1_9' title="bbox 290 1139 1453 1220; baseline -0.009 -12"><span class='ocrx_word' id='word_1_71' title='bbox 290 1165 357 1208; x_wconf 90' lang='lat' dir='ltr'><strong>mus</strong></span> <span class='ocrx_word' id='word_1_72' title='bbox 391 1161 461 1204; x_wconf 89' lang='lat' dir='ltr'><strong>esse</strong></span> <span class='ocrx_word' id='word_1_73' title='bbox 497 1140 648 1202; x_wconf 85' lang='lat' dir='ltr'><strong>Romanus</strong></span> <span class='ocrx_word' id='word_1_74' title='bbox 680 1139 858 1220; x_wconf 78' lang='lat' dir='ltr'><strong>presbyteri</strong></span> <span class='ocrx_word' id='word_1_75' title='bbox 903 1141 1012 1202; x_wconf 85' lang='lat' dir='ltr'><strong>Graece</strong></span> <span class='ocrx_word' id='word_1_76' title='bbox 1048 1141 1168 1220; x_wconf 81' lang='lat' dir='ltr'><strong>scripsit</strong></span> <span class='ocrx_word' id='word_1_77' title='bbox 1200 1142 1343 1203; x_wconf 84' lang='lat' dir='ltr'><strong>adversus</strong></span> <span class='ocrx_word' id='word_1_78' title='bbox 1371 1141 1453 1201; x_wconf 85' lang='lat' dir='ltr'><strong>bonine</strong></span> 
     </span>
     <span class='ocr_line' id='line_1_10' title="bbox 290 1223 1453 1309; baseline -0.007 -19"><span class='ocrx_word' id='word_1_79' title='bbox 290 1247 395 1309; x_wconf 83' lang='lat' dir='ltr'><strong>graece</strong></span> <span class='ocrx_word' id='word_1_80' title='bbox 423 1227 587 1304; x_wconf 86' lang='lat' dir='ltr'><strong>loquentes,</strong></span> <span class='ocrx_word' id='word_1_81' title='bbox 616 1223 717 1303; x_wconf 88' lang='lat' dir='ltr'><strong>quales</strong></span> <span class='ocrx_word' id='word_1_82' title='bbox 745 1224 856 1286; x_wconf 86' lang='lat' dir='ltr'><strong>Romae</strong></span> <span class='ocrx_word' id='word_1_83' title='bbox 883 1224 968 1286; x_wconf 90' lang='lat' dir='ltr'><strong>multi</strong></span> <span class='ocrx_word' id='word_1_84' title='bbox 994 1225 1124 1297; x_wconf 77' lang='lat' dir='ltr'><strong>ruerint,</strong></span> <span class='ocrx_word' id='word_1_85' title='bbox 1153 1233 1182 1285; x_wconf 88' lang='lat' dir='ltr'><strong>et</strong></span> <span class='ocrx_word' id='word_1_86' title='bbox 1203 1225 1307 1303; x_wconf 88' lang='lat' dir='ltr'><strong>plures</strong></span> <span class='ocrx_word' id='word_1_87' title='bbox 1329 1227 1394 1284; x_wconf 86' lang='lat' dir='ltr'><strong>larts</strong></span> <span class='ocrx_word' id='word_1_88' title='bbox 1409 1223 1453 1282; x_wconf 75' lang='lat' dir='ltr'><strong>uri</strong></span> 
     </span>
     <span class='ocr_line' id='line_1_11' title="bbox 291 1307 1453 1388; baseline -0.003 -16"><span class='ocrx_word' id='word_1_89' title='bbox 291 1313 380 1373; x_wconf 87' lang='lat' dir='ltr'><strong>stiarii</strong></span> <span class='ocrx_word' id='word_1_90' title='bbox 409 1327 496 1388; x_wconf 88' lang='lat' dir='ltr'><strong>quam</strong></span> <span class='ocrx_word' id='word_1_91' title='bbox 525 1327 561 1373; x_wconf 77' lang='lat' dir='ltr'><strong>er</strong></span> <span class='ocrx_word' id='word_1_92' title='bbox 590 1308 679 1368; x_wconf 88' lang='lat' dir='ltr'><strong>latine</strong></span> <span class='ocrx_word' id='word_1_93' title='bbox 705 1307 906 1386; x_wconf 87' lang='lat' dir='ltr'><strong>loquentibus.</strong></span> <span class='ocrx_word' id='word_1_94' title='bbox 951 1307 1056 1370; x_wconf 89' lang='lat' dir='ltr'><strong>Narrat</strong></span> <span class='ocrx_word' id='word_1_95' title='bbox 1083 1317 1181 1370; x_wconf 86' lang='lat' dir='ltr'><strong>autem</strong></span> <span class='ocrx_word' id='word_1_96' title='bbox 1208 1309 1291 1370; x_wconf 88' lang='lat' dir='ltr'><strong>idern</strong></span> <span class='ocrx_word' id='word_1_97' title='bbox 1318 1307 1453 1369; x_wconf 76' lang='lat' dir='ltr'><strong>Tertullam</strong></span> 
     </span>
     <span class='ocr_line' id='line_1_12' title="bbox 292 1390 1453 1470; baseline -0.009 -13"><span class='ocrx_word' id='word_1_98' title='bbox 292 1396 348 1458; x_wconf 87' lang='lat' dir='ltr'><strong>elio</strong></span> <span class='ocrx_word' id='word_1_99' title='bbox 381 1392 474 1465; x_wconf 84' lang='lat' dir='ltr'><strong>locu¹,</strong></span> <span class='ocrx_word' id='word_1_100' title='bbox 508 1391 587 1470; x_wconf 91' lang='lat' dir='ltr'><strong>quod</strong></span> <span class='ocrx_word' id='word_1_101' title='bbox 619 1391 734 1452; x_wconf 87' lang='lat' dir='ltr'><strong>videtur</strong></span> <span class='ocrx_word' id='word_1_102' title='bbox 764 1391 798 1452; x_wconf 86' lang='lat' dir='ltr'><strong>ad</strong></span> <span class='ocrx_word' id='word_1_103' title='bbox 821 1392 900 1452; x_wconf 88' lang='lat' dir='ltr'><strong>hunc</strong></span> <span class='ocrx_word' id='word_1_104' title='bbox 927 1391 1023 1452; x_wconf 86' lang='lat' dir='ltr'><strong>locum</strong></span> <span class='ocrx_word' id='word_1_105' title='bbox 1046 1391 1170 1453; x_wconf 88' lang='lat' dir='ltr'><strong>maxime</strong></span> <span class='ocrx_word' id='word_1_106' title='bbox 1191 1391 1358 1470; x_wconf 89' lang='lat' dir='ltr'><strong>pertinere:</strong></span> <span class='ocrx_word' id='word_1_107' title='bbox 1394 1390 1453 1466; x_wconf 77' lang='lat' dir='ltr'><strong>llqa¹</strong></span> 
     </span>
     <span class='ocr_line' id='line_1_13' title="bbox 250 1474 1452 1566; baseline -0.006 -25"><span class='ocrx_word' id='word_1_108' title='bbox 250 1545 260 1566; x_wconf 53' lang='lat'><strong>·</strong></span> <span class='ocrx_word' id='word_1_109' title='bbox 292 1483 468 1541; x_wconf 83' lang='lat' dir='ltr'><strong>curiositate</strong></span> <span class='ocrx_word' id='word_1_110' title='bbox 491 1489 519 1538; x_wconf 89' lang='lat' dir='ltr'><strong>et</strong></span> <span class='ocrx_word' id='word_1_111' title='bbox 537 1479 651 1536; x_wconf 88' lang='lat' dir='ltr'><strong>maiore</strong></span> <span class='ocrx_word' id='word_1_112' title='bbox 675 1474 761 1555; x_wconf 78' lang='lat' dir='ltr'><strong>ionqe</strong></span> <span class='ocrx_word' id='word_1_113' title='bbox 781 1480 927 1537; x_wconf 88' lang='lat' dir='ltr'><strong>memoria</strong></span> <span class='ocrx_word' id='word_1_114' title='bbox 950 1494 1026 1554; x_wconf 91' lang='lat' dir='ltr'><strong>opus</strong></span> <span class='ocrx_word' id='word_1_115' title='bbox 1049 1485 1095 1538; x_wconf 87' lang='lat' dir='ltr'><strong>est</strong></span> <span class='ocrx_word' id='word_1_116' title='bbox 1115 1476 1154 1537; x_wconf 90' lang='lat' dir='ltr'><strong>ad</strong></span> <span class='ocrx_word' id='word_1_117' title='bbox 1176 1476 1364 1544; x_wconf 82' lang='lat' dir='ltr'><strong>studeradun,</strong></span> <span class='ocrx_word' id='word_1_118' title='bbox 1392 1477 1452 1552; x_wconf 74' lang='lat' dir='ltr'><strong>siqu</strong></span> 
     </span>
     <span class='ocr_line' id='line_1_14' title="bbox 292 1559 1452 1640; baseline -0.009 -15"><span class='ocrx_word' id='word_1_119' title='bbox 292 1563 366 1625; x_wconf 84' lang='lat' dir='ltr'><strong>uelit</strong></span> <span class='ocrx_word' id='word_1_120' title='bbox 387 1579 425 1622; x_wconf 85' lang='lat' dir='ltr'><strong>ea</strong></span> <span class='ocrx_word' id='word_1_121' title='bbox 442 1559 572 1621; x_wconf 70' lang='lat' dir='ltr'><strong>litteris«</strong></span> <span class='ocrx_word' id='word_1_122' title='bbox 595 1561 807 1637; x_wconf 79' lang='lat' dir='ltr'><strong>receptissimis</strong></span> <span class='ocrx_word' id='word_1_123' title='bbox 823 1559 986 1639; x_wconf 75' lang='lat' dir='ltr'><strong>quibusque</strong></span> <span class='ocrx_word' id='word_1_124' title='bbox 1006 1559 1264 1640; x_wconf 75' lang='lat' dir='ltr'><strong>pbilosophorum</strong></span> <span class='ocrx_word' id='word_1_125' title='bbox 1286 1559 1336 1620; x_wconf 87' lang='lat' dir='ltr'><strong>ael</strong></span> <span class='ocrx_word' id='word_1_126' title='bbox 1355 1561 1452 1636; x_wconf 82' lang='lat' dir='ltr'><strong>poium</strong></span> 
     </span>
     <span class='ocr_line' id='line_1_15' title="bbox 292 1641 1453 1726; baseline -0.009 -19"><span class='ocrx_word' id='word_1_127' title='bbox 292 1645 342 1707; x_wconf 86' lang='lat' dir='ltr'><strong>oei</strong></span> <span class='ocrx_word' id='word_1_128' title='bbox 367 1643 569 1726; x_wconf 81' lang='lat' dir='ltr'><strong>quorundibet</strong></span> <span class='ocrx_word' id='word_1_129' title='bbox 597 1644 751 1704; x_wconf 89' lang='lat' dir='ltr'><strong>doctrinae</strong></span> <span class='ocrx_word' id='word_1_130' title='bbox 779 1661 815 1703; x_wconf 90' lang='lat' dir='ltr'><strong>oc</strong></span> <span class='ocrx_word' id='word_1_131' title='bbox 835 1647 1001 1722; x_wconf 87' lang='lat' dir='ltr'><strong>sapientiae</strong></span> <span class='ocrx_word' id='word_1_132' title='bbox 1022 1641 1191 1704; x_wconf 65' lang='lat' dir='ltr'><strong>sentiaris*</strong></span> <span class='ocrx_word' id='word_1_133' title='bbox 1223 1647 1420 1721; x_wconf 80' lang='lat' dir='ltr'><strong>maqistrorsa</strong></span> <span class='ocrx_word' id='word_1_134' title='bbox 1436 1655 1453 1696; x_wconf 83' lang='lat' dir='ltr'><strong>e</strong></span> 
     </span>
     <span class='ocr_line' id='line_1_16' title="bbox 293 1724 1452 1804; baseline -0.01 -12"><span class='ocrx_word' id='word_1_135' title='bbox 293 1732 434 1792; x_wconf 90' lang='lat' dir='ltr'><strong>stimania</strong></span> <span class='ocrx_word' id='word_1_136' title='bbox 462 1727 626 1804; x_wconf 76' lang='lat' dir='ltr'><strong>excerpere</strong></span> <span class='ocrx_word' id='word_1_137' title='bbox 655 1725 840 1787; x_wconf 84' lang='lat' dir='ltr'><strong>cbrisn&#39;anae</strong></span> <span class='ocrx_word' id='word_1_138' title='bbox 867 1724 1031 1788; x_wconf 71' lang='lat' dir='ltr'><strong>acritatis‘.</strong></span> <span class='ocrx_word' id='word_1_139' title='bbox 1063 1757 1103 1770; x_wconf 85' lang='lat'><em>-</em></span> <span class='ocrx_word' id='word_1_140' title='bbox 1132 1757 1173 1768; x_wconf 94' lang='lat'>—</span> <span class='ocrx_word' id='word_1_141' title='bbox 1210 1725 1364 1788; x_wconf 73' lang='lat' dir='ltr'><strong>Nonnulli</strong></span> <span class='ocrx_word' id='word_1_142' title='bbox 1384 1725 1452 1802; x_wconf 76' lang='lat' dir='ltr'><strong>quiin</strong></span> 
     </span>
     <span class='ocr_line' id='line_1_17' title="bbox 293 1807 1453 1894; baseline -0.009 -20"><span class='ocrx_word' id='word_1_143' title='bbox 293 1814 399 1894; x_wconf 80' lang='lat' dir='ltr'><strong>quibus</strong></span> <span class='ocrx_word' id='word_1_144' title='bbox 422 1813 457 1874; x_wconf 91' lang='lat' dir='ltr'><strong>de</strong></span> <span class='ocrx_word' id='word_1_145' title='bbox 476 1813 611 1890; x_wconf 89' lang='lat' dir='ltr'><strong>pristina</strong></span> <span class='ocrx_word' id='word_1_146' title='bbox 633 1807 810 1872; x_wconf 86' lang='lat' dir='ltr'><strong>litteratura</strong></span> <span class='ocrx_word' id='word_1_147' title='bbox 832 1822 862 1873; x_wconf 86' lang='lat' dir='ltr'><strong>er</strong></span> <span class='ocrx_word' id='word_1_148' title='bbox 884 1813 1069 1872; x_wconf 82' lang='lat' dir='ltr'><strong>curiositatis</strong></span> <span class='ocrx_word' id='word_1_149' title='bbox 1093 1809 1180 1872; x_wconf 89' lang='lat' dir='ltr'><strong>labor</strong></span> <span class='ocrx_word' id='word_1_150' title='bbox 1202 1819 1231 1870; x_wconf 88' lang='lat' dir='ltr'><strong>et</strong></span> <span class='ocrx_word' id='word_1_151' title='bbox 1252 1811 1453 1870; x_wconf 73' lang='lat' dir='ltr'><strong>mortariorum</strong></span> 
     </span>
     <span class='ocr_line' id='line_1_18' title="bbox 290 1893 1453 1977; baseline -0.009 -19"><span class='ocrx_word' id='word_1_152' title='bbox 290 1898 508 1977; x_wconf 86' lang='lat' dir='ltr'><strong>perseveram&#39;t,</strong></span> <span class='ocrx_word' id='word_1_153' title='bbox 537 1893 576 1954; x_wconf 88' lang='lat' dir='ltr'><strong>ad</strong></span> <span class='ocrx_word' id='word_1_154' title='bbox 603 1911 669 1954; x_wconf 81' lang='lat' dir='ltr'><strong>urm</strong></span> <span class='ocrx_word' id='word_1_155' title='bbox 689 1893 810 1956; x_wconf 86' lang='lat' dir='ltr'><strong>madum</strong></span> <span class='ocrx_word' id='word_1_156' title='bbox 832 1893 978 1972; x_wconf 87' lang='lat' dir='ltr'><strong>opuscula</strong></span> <span class='ocrx_word' id='word_1_157' title='bbox 997 1911 1090 1972; x_wconf 91' lang='lat' dir='ltr'><strong>penes</strong></span> <span class='ocrx_word' id='word_1_158' title='bbox 1113 1911 1170 1954; x_wconf 90' lang='lat' dir='ltr'><strong>nos</strong></span> <span class='ocrx_word' id='word_1_159' title='bbox 1193 1893 1396 1958; x_wconf 80' lang='lat' dir='ltr'><strong>condideram,</strong></span> <span class='ocrx_word' id='word_1_160' title='bbox 1416 1909 1453 1949; x_wconf 76' lang='lat' dir='ltr'><strong>crs</strong></span> 
     </span>
     <span class='ocr_line' id='line_1_19' title="bbox 293 1975 1453 2056; baseline -0.012 -15"><span class='ocrx_word' id='word_1_161' title='bbox 293 1989 493 2042; x_wconf 81' lang='lat' dir='ltr'><strong>memorantes</strong></span> <span class='ocrx_word' id='word_1_162' title='bbox 515 1989 544 2039; x_wconf 91' lang='lat' dir='ltr'><strong>et</strong></span> <span class='ocrx_word' id='word_1_163' title='bbox 567 1975 841 2055; x_wconf 71' lang='lat' dir='ltr'><strong>contestificantes¹¹</strong></span> <span class='ocrx_word' id='word_1_164' title='bbox 861 1981 895 2038; x_wconf 89' lang='lat' dir='ltr'><strong>in</strong></span> <span class='ocrx_word' id='word_1_165' title='bbox 917 1976 1148 2054; x_wconf 81' lang='lat' dir='ltr'><strong>supillate&#39;onern</strong></span> <span class='ocrx_word' id='word_1_166' title='bbox 1178 1989 1208 2038; x_wconf 90' lang='lat' dir='ltr'><strong>et</strong></span> <span class='ocrx_word' id='word_1_167' title='bbox 1231 1981 1375 2056; x_wconf 81' lang='lat' dir='ltr'><strong>oripinem</strong></span> <span class='ocrx_word' id='word_1_168' title='bbox 1392 1984 1453 2034; x_wconf 73' lang='lat' dir='ltr'><strong>utre</strong></span> 
     </span>
     <span class='ocr_line' id='line_1_20' title="bbox 295 2055 1446 2140; baseline -0.01 -15"><span class='ocrx_word' id='word_1_169' title='bbox 295 2065 435 2125; x_wconf 84' lang='lat' dir='ltr'><strong>ditionem</strong></span> <span class='ocrx_word' id='word_1_170' title='bbox 456 2071 485 2122; x_wconf 88' lang='lat' dir='ltr'><strong>et</strong></span> <span class='ocrx_word' id='word_1_171' title='bbox 507 2064 728 2122; x_wconf 85' lang='lat' dir='ltr'><strong>sententiarum</strong></span> <span class='ocrx_word' id='word_1_172' title='bbox 749 2069 936 2139; x_wconf 78' lang='lat' dir='ltr'><strong>arpumentu</strong></span> <span class='ocrx_word' id='word_1_173' title='bbox 956 2077 1015 2139; x_wconf 92' lang='lat' dir='ltr'><strong>per</strong></span> <span class='ocrx_word' id='word_1_174' title='bbox 1037 2077 1111 2140; x_wconf 90' lang='lat' dir='ltr'><strong>quae</strong></span> <span class='ocrx_word' id='word_1_175' title='bbox 1133 2065 1315 2138; x_wconf 82' lang='lat' dir='ltr'><strong>recopnasai</strong></span> <span class='ocrx_word' id='word_1_176' title='bbox 1330 2055 1446 2139; x_wconf 76' lang='lat' dir='ltr'><strong>passiani</strong></span> 
     </span>
    </p>

    <p class='ocr_par' dir='ltr' id='par_1_3' title="bbox 295 2145 1452 2306">
     <span class='ocr_line' id='line_1_21' title="bbox 295 2145 1452 2224; baseline -0.011 -16"><span class='ocrx_word' id='word_1_177' title='bbox 295 2165 352 2208; x_wconf 90' lang='lat' dir='ltr'><strong>nos</strong></span> <span class='ocrx_word' id='word_1_178' title='bbox 376 2157 428 2208; x_wconf 90' lang='lat' dir='ltr'><strong>aut</strong></span> <span class='ocrx_word' id='word_1_179' title='bbox 451 2163 561 2205; x_wconf 89' lang='lat' dir='ltr'><strong>nouum</strong></span> <span class='ocrx_word' id='word_1_180' title='bbox 583 2154 637 2206; x_wconf 90' lang='lat' dir='ltr'><strong>aut</strong></span> <span class='ocrx_word' id='word_1_181' title='bbox 656 2153 868 2222; x_wconf 85' lang='lat' dir='ltr'><strong>portentosum</strong></span> <span class='ocrx_word' id='word_1_182' title='bbox 890 2147 1071 2223; x_wconf 83' lang='lat' dir='ltr'><strong>suscepisse,</strong></span> <span class='ocrx_word' id='word_1_183' title='bbox 1103 2145 1137 2205; x_wconf 87' lang='lat' dir='ltr'><strong>de</strong></span> <span class='ocrx_word' id='word_1_184' title='bbox 1158 2161 1217 2224; x_wconf 88' lang='lat' dir='ltr'><strong>quo</strong></span> <span class='ocrx_word' id='word_1_185' title='bbox 1240 2161 1308 2205; x_wconf 83' lang='lat' dir='ltr'><strong>nan</strong></span> <span class='ocrx_word' id='word_1_186' title='bbox 1330 2148 1403 2206; x_wconf 86' lang='lat' dir='ltr'><strong>eriam</strong></span> <span class='ocrx_word' id='word_1_187' title='bbox 1419 2159 1452 2196; x_wconf 74' lang='lat' dir='ltr'><strong>aa</strong></span> 
     </span>
     <span class='ocr_line' id='line_1_22' title="bbox 295 2226 1447 2306; baseline -0.006 -16"><span class='ocrx_word' id='word_1_188' title='bbox 295 2247 399 2291; x_wconf 91' lang='lat' dir='ltr'><strong>munes</strong></span> <span class='ocrx_word' id='word_1_189' title='bbox 430 2237 457 2290; x_wconf 88' lang='lat' dir='ltr'><strong>et</strong></span> <span class='ocrx_word' id='word_1_190' title='bbox 483 2226 622 2305; x_wconf 90' lang='lat' dir='ltr'><strong>publicae</strong></span> <span class='ocrx_word' id='word_1_191' title='bbox 652 2226 786 2288; x_wconf 88' lang='lat' dir='ltr'><strong>litterae¹</strong></span> <span class='ocrx_word' id='word_1_192' title='bbox 814 2227 853 2288; x_wconf 91' lang='lat' dir='ltr'><strong>ad</strong></span> <span class='ocrx_word' id='word_1_193' title='bbox 881 2229 1061 2306; x_wconf 75' lang='lat' dir='ltr'><strong>suffrapium</strong></span> <span class='ocrx_word' id='word_1_194' title='bbox 1087 2227 1174 2288; x_wconf 91' lang='lat' dir='ltr'><strong>nobis</strong></span> <span class='ocrx_word' id='word_1_195' title='bbox 1200 2230 1447 2306; x_wconf 76' lang='lat' dir='ltr'><strong>patrocinentrrr&#39;r</strong></span> 
     </span>
    </p>

    <p class='ocr_par' dir='ltr' id='par_1_4' title="bbox 297 2305 1453 2557">
     <span class='ocr_line' id='line_1_23' title="bbox 297 2305 1453 2388; baseline -0.003 -16"><span class='ocrx_word' id='word_1_196' title='bbox 297 2313 396 2373; x_wconf 89' lang='lat' dir='ltr'><strong>Locus</strong></span> <span class='ocrx_word' id='word_1_197' title='bbox 418 2317 591 2388; x_wconf 79' lang='lat' dir='ltr'><strong>argumento</strong></span> <span class='ocrx_word' id='word_1_198' title='bbox 614 2309 673 2370; x_wconf 91' lang='lat' dir='ltr'><strong>isto</strong></span> <span class='ocrx_word' id='word_1_199' title='bbox 690 2310 821 2372; x_wconf 85' lang='lat' dir='ltr'><strong>maxime</strong></span> <span class='ocrx_word' id='word_1_200' title='bbox 844 2308 981 2371; x_wconf 83' lang='lat' dir='ltr'><strong>notabilis</strong></span> <span class='ocrx_word' id='word_1_201' title='bbox 1005 2319 1066 2383; x_wconf 86' lang='lat' dir='ltr'><strong>est;</strong></span> <span class='ocrx_word' id='word_1_202' title='bbox 1089 2310 1124 2371; x_wconf 87' lang='lat' dir='ltr'><strong>ad</strong></span> <span class='ocrx_word' id='word_1_203' title='bbox 1148 2328 1215 2370; x_wconf 92' lang='lat' dir='ltr'><strong>eum</strong></span> <span class='ocrx_word' id='word_1_204' title='bbox 1239 2305 1453 2371; x_wconf 70' lang='lat' dir='ltr'><strong>illustremur</strong></span> 
     </span>
     <span class='ocr_line' id='line_1_24' title="bbox 299 2391 1453 2476; baseline -0.006 -19"><span class='ocrx_word' id='word_1_205' title='bbox 299 2395 432 2458; x_wconf 75' lang='lat' dir='ltr'><strong>meliusm</strong></span> <span class='ocrx_word' id='word_1_206' title='bbox 461 2394 517 2454; x_wconf 86' lang='lat' dir='ltr'><strong>ista</strong></span> <span class='ocrx_word' id='word_1_207' title='bbox 540 2391 634 2452; x_wconf 88' lang='lat' dir='ltr'><strong>addit:</strong></span> <span class='ocrx_word' id='word_1_208' title='bbox 664 2394 787 2474; x_wconf 85' lang='lat' dir='ltr'><strong>Scripta</strong></span> <span class='ocrx_word' id='word_1_209' title='bbox 809 2413 922 2474; x_wconf 86' lang='lat' dir='ltr'><strong>quoque</strong></span> <span class='ocrx_word' id='word_1_210' title='bbox 943 2394 1110 2454; x_wconf 88' lang='lat' dir='ltr'><strong>multorum</strong></span> <span class='ocrx_word' id='word_1_211' title='bbox 1132 2413 1150 2454; x_wconf 95' lang='lat' dir='ltr'><strong>a</strong></span> <span class='ocrx_word' id='word_1_212' title='bbox 1174 2393 1301 2456; x_wconf 87' lang='lat' dir='ltr'><strong>Cbristo</strong></span> <span class='ocrx_word' id='word_1_213' title='bbox 1322 2403 1453 2476; x_wconf 72' lang='lat' dir='ltr'><strong>permee-</strong></span> 
     </span>
     <span class='ocr_line' id='line_1_25' title="bbox 299 2475 1450 2557; baseline -0.005 -15"><span class='ocrx_word' id='word_1_214' title='bbox 299 2498 407 2542; x_wconf 90' lang='lat' dir='ltr'><strong>aersus</strong></span> <span class='ocrx_word' id='word_1_215' title='bbox 428 2488 529 2557; x_wconf 83' lang='lat' dir='ltr'><strong>pentes</strong></span> <span class='ocrx_word' id='word_1_216' title='bbox 551 2475 635 2538; x_wconf 89' lang='lat' dir='ltr'><strong>illius</strong></span> <span class='ocrx_word' id='word_1_217' title='bbox 647 2477 844 2550; x_wconf 85' lang='lat' dir='ltr'><strong>(Tertulliani)</strong></span> <span class='ocrx_word' id='word_1_218' title='bbox 868 2481 1063 2540; x_wconf 87' lang='lat' dir='ltr'><strong>conversioni</strong></span> <span class='ocrx_word' id='word_1_219' title='bbox 1084 2495 1204 2539; x_wconf 89' lang='lat' dir='ltr'><strong>causam</strong></span> <span class='ocrx_word' id='word_1_220' title='bbox 1228 2478 1346 2540; x_wconf 87' lang='lat' dir='ltr'><strong>dedisse</strong></span> <span class='ocrx_word' id='word_1_221' title='bbox 1365 2479 1450 2537; x_wconf 67' lang='lat' dir='ltr'><strong>sesam</strong></span> 
     </span>
    </p>

    <p class='ocr_par' dir='ltr' id='par_1_5' title="bbox 299 2559 1447 2642">
     <span class='ocr_line' id='line_1_26' title="bbox 299 2559 1447 2642; baseline -0.01 -17"><span class='ocrx_word' id='word_1_222' title='bbox 299 2565 338 2625; x_wconf 88' lang='lat' dir='ltr'><strong>ad</strong></span> <span class='ocrx_word' id='word_1_223' title='bbox 360 2581 433 2641; x_wconf 88' lang='lat' dir='ltr'><strong>quoe</strong></span> <span class='ocrx_word' id='word_1_224' title='bbox 455 2559 581 2622; x_wconf 86' lang='lat' dir='ltr'><strong>alludit:</strong></span> <span class='ocrx_word' id='word_1_225' title='bbox 604 2561 755 2631; x_wconf 87' lang='lat' dir='ltr'><strong>nonnulii,</strong></span> <span class='ocrx_word' id='word_1_226' title='bbox 778 2565 884 2642; x_wconf 87' lang='lat' dir='ltr'><strong>inquit,</strong></span> <span class='ocrx_word' id='word_1_227' title='bbox 909 2562 1015 2641; x_wconf 90' lang='lat' dir='ltr'><strong>quibus</strong></span> <span class='ocrx_word' id='word_1_228' title='bbox 1038 2572 1093 2622; x_wconf 89' lang='lat' dir='ltr'><strong>etc.</strong></span> <span class='ocrx_word' id='word_1_229' title='bbox 1136 2560 1225 2623; x_wconf 89' lang='lat' dir='ltr'><strong>lnter</strong></span> <span class='ocrx_word' id='word_1_230' title='bbox 1247 2581 1326 2642; x_wconf 86' lang='lat' dir='ltr'><strong>quas</strong></span> <span class='ocrx_word' id='word_1_231' title='bbox 1348 2573 1447 2621; x_wconf 77' lang='lat' dir='ltr'><strong>cannen</strong></span> 
     </span>
    </p>

    <p class='ocr_par' dir='ltr' id='par_1_6' title="bbox 296 2639 1454 2810">
     <span class='ocr_line' id='line_1_27' title="bbox 300 2639 1454 2723; baseline -0.007 -15"><span class='ocrx_word' id='word_1_232' title='bbox 300 2649 392 2709; x_wconf 85' lang='lat' dir='ltr'><strong>raadi</strong></span> <span class='ocrx_word' id='word_1_233' title='bbox 415 2646 602 2718; x_wconf 88' lang='lat' dir='ltr'><strong>Quadratus,</strong></span> <span class='ocrx_word' id='word_1_234' title='bbox 629 2646 787 2716; x_wconf 78' lang='lat' dir='ltr'><strong>Aristides,</strong></span> <span class='ocrx_word' id='word_1_235' title='bbox 811 2647 1011 2723; x_wconf 80' lang='lat' dir='ltr'><strong>Anaaaporas</strong></span> <span class='ocrx_word' id='word_1_236' title='bbox 1033 2644 1262 2722; x_wconf 77' lang='lat' dir='ltr'><strong>(Athenagoras)</strong></span> <span class='ocrx_word' id='word_1_237' title='bbox 1288 2644 1392 2710; x_wconf 83' lang='lat' dir='ltr'><strong>Melita,</strong></span> <span class='ocrx_word' id='word_1_238' title='bbox 1415 2639 1454 2700; x_wconf 70' lang='lat' dir='ltr'><strong>lle</strong></span> 
     </span>
     <span class='ocr_line' id='line_1_28' title="bbox 296 2727 1450 2810; baseline -0.01 -18"><span class='ocrx_word' id='word_1_239' title='bbox 296 2730 399 2810; x_wconf 88' lang='lat' dir='ltr'><strong>pbilus</strong></span> <span class='ocrx_word' id='word_1_240' title='bbox 422 2729 635 2799; x_wconf 80' lang='lat' dir='ltr'><strong>Antiacbeuus,</strong></span> <span class='ocrx_word' id='word_1_241' title='bbox 657 2728 876 2806; x_wconf 71' lang='lat' dir='ltr'><strong>Apollinarium</strong></span> <span class='ocrx_word' id='word_1_242' title='bbox 902 2729 1055 2800; x_wconf 84' lang='lat' dir='ltr'><strong>Tuticum,</strong></span> <span class='ocrx_word' id='word_1_243' title='bbox 1086 2727 1219 2789; x_wconf 84' lang='lat' dir='ltr'><strong>Clemens</strong></span> <span class='ocrx_word' id='word_1_244' title='bbox 1241 2729 1450 2790; x_wconf 65' lang='lat' dir='ltr'><strong>Alexandrinas</strong></span> 
     </span>
    </p>

    <p class='ocr_par' dir='ltr' id='par_1_7' title="bbox 298 2810 1455 3313">
     <span class='ocr_line' id='line_1_29' title="bbox 299 2810 1452 2894; baseline -0.009 -18"><span class='ocrx_word' id='word_1_245' title='bbox 299 2813 480 2894; x_wconf 80' lang='lat' dir='ltr'><strong>Apollonius</strong></span> <span class='ocrx_word' id='word_1_246' title='bbox 509 2822 645 2874; x_wconf 87' lang='lat' dir='ltr'><strong>senator.</strong></span> <span class='ocrx_word' id='word_1_247' title='bbox 689 2811 822 2892; x_wconf 81' lang='lat' dir='ltr'><strong>lienique</strong></span> <span class='ocrx_word' id='word_1_248' title='bbox 851 2813 887 2874; x_wconf 91' lang='lat' dir='ltr'><strong>ab</strong></span> <span class='ocrx_word' id='word_1_249' title='bbox 916 2823 1041 2874; x_wconf 87' lang='lat' dir='ltr'><strong>auctore</strong></span> <span class='ocrx_word' id='word_1_250' title='bbox 1069 2810 1282 2887; x_wconf 84' lang='lat' dir='ltr'><strong>(Tertulliano)</strong></span> <span class='ocrx_word' id='word_1_251' title='bbox 1306 2811 1405 2874; x_wconf 84' lang='lat' dir='ltr'><strong>alicubi</strong></span> <span class='ocrx_word' id='word_1_252' title='bbox 1418 2813 1452 2866; x_wconf 75' lang='lat' dir='ltr'><strong>dr</strong></span> 
     </span>
     <span class='ocr_line' id='line_1_30' title="bbox 300 2889 1455 2975; baseline -0.001 -16"><span class='ocrx_word' id='word_1_253' title='bbox 300 2898 447 2967; x_wconf 89' lang='lat' dir='ltr'><strong>lustinus,</strong></span> <span class='ocrx_word' id='word_1_254' title='bbox 467 2895 667 2974; x_wconf 88' lang='lat' dir='ltr'><strong>pbilosopbns</strong></span> <span class='ocrx_word' id='word_1_255' title='bbox 689 2907 719 2956; x_wconf 89' lang='lat' dir='ltr'><strong>et</strong></span> <span class='ocrx_word' id='word_1_256' title='bbox 733 2908 863 2975; x_wconf 79' lang='lat' dir='ltr'><strong>martyr,</strong></span> <span class='ocrx_word' id='word_1_257' title='bbox 887 2893 1047 2967; x_wconf 85' lang='lat' dir='ltr'><strong>Miltiades,</strong></span> <span class='ocrx_word' id='word_1_258' title='bbox 1071 2895 1270 2956; x_wconf 88' lang='lat' dir='ltr'><strong>ecelesiarum</strong></span> <span class='ocrx_word' id='word_1_259' title='bbox 1287 2896 1413 2975; x_wconf 82' lang='lat' dir='ltr'><strong>sapbista</strong></span> <span class='ocrx_word' id='word_1_260' title='bbox 1427 2889 1455 2948; x_wconf 69' lang='lat' dir='ltr'><strong>l*</strong></span> 
     </span>
     <span class='ocr_line' id='line_1_31' title="bbox 298 2977 1454 3059; baseline -0.006 -17"><span class='ocrx_word' id='word_1_261' title='bbox 298 3000 402 3052; x_wconf 88' lang='lat' dir='ltr'><strong>naeus,</strong></span> <span class='ocrx_word' id='word_1_262' title='bbox 432 2983 563 3041; x_wconf 89' lang='lat' dir='ltr'><strong>omnium</strong></span> <span class='ocrx_word' id='word_1_263' title='bbox 590 2977 799 3042; x_wconf 87' lang='lat' dir='ltr'><strong>doctrinarum</strong></span> <span class='ocrx_word' id='word_1_264' title='bbox 830 2983 1053 3042; x_wconf 74' lang='lat' dir='ltr'><strong>seriosissimus</strong></span> <span class='ocrx_word' id='word_1_265' title='bbox 1077 2979 1270 3059; x_wconf 71' lang='lat' dir='ltr'><strong>implorator.</strong></span> <span class='ocrx_word' id='word_1_266' title='bbox 1321 2977 1454 3052; x_wconf 77' lang='lat' dir='ltr'><strong>Quibus</strong></span> 
     </span>
     <span class='ocr_line' id='line_1_32' title="bbox 301 3061 1453 3144; baseline -0.008 -18"><span class='ocrx_word' id='word_1_267' title='bbox 301 3067 389 3126; x_wconf 87' lang='lat' dir='ltr'><strong>nibus</strong></span> <span class='ocrx_word' id='word_1_268' title='bbox 418 3063 589 3124; x_wconf 85' lang='lat' dir='ltr'><strong>evolvendis</strong></span> <span class='ocrx_word' id='word_1_269' title='bbox 618 3073 645 3123; x_wconf 87' lang='lat' dir='ltr'><strong>et</strong></span> <span class='ocrx_word' id='word_1_270' title='bbox 673 3072 743 3124; x_wconf 89' lang='lat' dir='ltr'><strong>ante</strong></span> <span class='ocrx_word' id='word_1_271' title='bbox 770 3074 798 3126; x_wconf 90' lang='lat' dir='ltr'><strong>et</strong></span> <span class='ocrx_word' id='word_1_272' title='bbox 817 3077 890 3143; x_wconf 87' lang='lat' dir='ltr'><strong>post</strong></span> <span class='ocrx_word' id='word_1_273' title='bbox 911 3063 999 3144; x_wconf 83' lang='lat' dir='ltr'><strong>fidem</strong></span> <span class='ocrx_word' id='word_1_274' title='bbox 1021 3073 1190 3141; x_wconf 89' lang='lat' dir='ltr'><strong>susceptam</strong></span> <span class='ocrx_word' id='word_1_275' title='bbox 1211 3067 1317 3142; x_wconf 83' lang='lat' dir='ltr'><strong>ipssun</strong></span> <span class='ocrx_word' id='word_1_276' title='bbox 1336 3061 1453 3124; x_wconf 73' lang='lat' dir='ltr'><strong>minora</strong></span> 
     </span>
     <span class='ocr_line' id='line_1_33' title="bbox 300 3145 1454 3228; baseline -0.007 -18"><span class='ocrx_word' id='word_1_277' title='bbox 300 3149 351 3209; x_wconf 86' lang='lat' dir='ltr'><strong>ael</strong></span> <span class='ocrx_word' id='word_1_278' title='bbox 378 3167 416 3210; x_wconf 83' lang='lat' dir='ltr'><strong>em</strong></span> <span class='ocrx_word' id='word_1_279' title='bbox 438 3147 627 3225; x_wconf 78' lang='lat' dir='ltr'><strong>Apolopetiao</strong></span> <span class='ocrx_word' id='word_1_280' title='bbox 653 3157 746 3225; x_wconf 88' lang='lat' dir='ltr'><strong>patet,</strong></span> <span class='ocrx_word' id='word_1_281' title='bbox 773 3152 806 3208; x_wconf 91' lang='lat' dir='ltr'><strong>in</strong></span> <span class='ocrx_word' id='word_1_282' title='bbox 833 3166 890 3228; x_wconf 91' lang='lat' dir='ltr'><strong>quo</strong></span> <span class='ocrx_word' id='word_1_283' title='bbox 920 3147 1045 3208; x_wconf 90' lang='lat' dir='ltr'><strong>subinde</strong></span> <span class='ocrx_word' id='word_1_284' title='bbox 1066 3146 1137 3208; x_wconf 89' lang='lat' dir='ltr'><strong>illas</strong></span> <span class='ocrx_word' id='word_1_285' title='bbox 1159 3148 1198 3208; x_wconf 85' lang='lat' dir='ltr'><strong>acl</strong></span> <span class='ocrx_word' id='word_1_286' title='bbox 1221 3147 1348 3208; x_wconf 80' lang='lat' dir='ltr'><strong>verbam</strong></span> <span class='ocrx_word' id='word_1_287' title='bbox 1367 3145 1454 3224; x_wconf 75' lang='lat' dir='ltr'><strong>[creir</strong></span> 
     </span>
     <span class='ocr_line' id='line_1_34' title="bbox 302 3227 1449 3313; baseline -0.006 -20"><span class='ocrx_word' id='word_1_288' title='bbox 302 3243 397 3293; x_wconf 89' lang='lat' dir='ltr'><strong>tatur.</strong></span> <span class='ocrx_word' id='word_1_289' title='bbox 427 3230 506 3290; x_wconf 89' lang='lat' dir='ltr'><strong>llaec</strong></span> <span class='ocrx_word' id='word_1_290' title='bbox 528 3231 571 3292; x_wconf 91' lang='lat' dir='ltr'><strong>sic</strong></span> <span class='ocrx_word' id='word_1_291' title='bbox 590 3229 754 3304; x_wconf 78' lang='lat' dir='ltr'><strong>Pamelius3</strong></span> <span class='ocrx_word' id='word_1_292' title='bbox 777 3249 851 3309; x_wconf 92' lang='lat' dir='ltr'><strong>quae</strong></span> <span class='ocrx_word' id='word_1_293' title='bbox 874 3249 932 3309; x_wconf 91' lang='lat' dir='ltr'><strong>quo</strong></span> <span class='ocrx_word' id='word_1_294' title='bbox 955 3231 1019 3292; x_wconf 92' lang='lat' dir='ltr'><strong>iure</strong></span> <span class='ocrx_word' id='word_1_295' title='bbox 1042 3229 1205 3308; x_wconf 90' lang='lat' dir='ltr'><strong>scripserit,</strong></span> <span class='ocrx_word' id='word_1_296' title='bbox 1229 3231 1281 3290; x_wconf 93' lang='lat' dir='ltr'><strong>alii</strong></span> <span class='ocrx_word' id='word_1_297' title='bbox 1297 3227 1449 3313; x_wconf 70' lang='lat' dir='ltr'><strong>arbitratum</strong></span> 
     </span>
    </p>

    <p class='ocr_par' dir='ltr' id='par_1_8' title="bbox 302 3310 1452 3392">
     <span class='ocr_line' id='line_1_35' title="bbox 302 3310 1452 3392; baseline -0.005 -19"><span class='ocrx_word' id='word_1_298' title='bbox 302 3314 433 3392; x_wconf 85' lang='lat' dir='ltr'><strong>Namque</strong></span> <span class='ocrx_word' id='word_1_299' title='bbox 456 3313 606 3385; x_wconf 84' lang='lat' dir='ltr'><strong>Quadrati,</strong></span> <span class='ocrx_word' id='word_1_300' title='bbox 635 3313 782 3388; x_wconf 84' lang='lat' dir='ltr'><strong>Aristidis,</strong></span> <span class='ocrx_word' id='word_1_301' title='bbox 810 3314 966 3388; x_wconf 68' lang='lat' dir='ltr'><strong>melitonis,</strong></span> <span class='ocrx_word' id='word_1_302' title='bbox 983 3313 1164 3392; x_wconf 81' lang='lat' dir='ltr'><strong>Apollinarii,</strong></span> <span class='ocrx_word' id='word_1_303' title='bbox 1191 3313 1354 3392; x_wconf 80' lang='lat' dir='ltr'><strong>Apollonii,</strong></span> <span class='ocrx_word' id='word_1_304' title='bbox 1375 3310 1452 3372; x_wconf 76' lang='lat' dir='ltr'><strong>illm</strong></span> 
     </span>
    </p>

    <p class='ocr_par' dir='ltr' id='par_1_9' title="bbox 303 3393 1436 3476">
     <span class='ocr_line' id='line_1_36' title="bbox 303 3393 1436 3476; baseline -0.008 -19"><span class='ocrx_word' id='word_1_305' title='bbox 303 3395 377 3457; x_wconf 89' lang='lat' dir='ltr'><strong>nihil</strong></span> <span class='ocrx_word' id='word_1_306' title='bbox 400 3395 465 3456; x_wconf 88' lang='lat' dir='ltr'><strong>cius</strong></span> <span class='ocrx_word' id='word_1_307' title='bbox 487 3396 604 3473; x_wconf 82' lang='lat' dir='ltr'><strong>generis</strong></span> <span class='ocrx_word' id='word_1_308' title='bbox 627 3406 677 3464; x_wconf 83' lang='lat' dir='ltr'><strong>aut</strong></span> <span class='ocrx_word' id='word_1_309' title='bbox 698 3398 785 3459; x_wconf 90' lang='lat' dir='ltr'><strong>nobis</strong></span> <span class='ocrx_word' id='word_1_310' title='bbox 808 3407 946 3476; x_wconf 89' lang='lat' dir='ltr'><strong>superest</strong></span> <span class='ocrx_word' id='word_1_311' title='bbox 968 3407 1018 3460; x_wconf 87' lang='lat' dir='ltr'><strong>eut</strong></span> <span class='ocrx_word' id='word_1_312' title='bbox 1037 3398 1144 3458; x_wconf 87' lang='lat' dir='ltr'><strong>lectum</strong></span> <span class='ocrx_word' id='word_1_313' title='bbox 1167 3397 1239 3458; x_wconf 91' lang='lat' dir='ltr'><strong>olim</strong></span> <span class='ocrx_word' id='word_1_314' title='bbox 1262 3399 1320 3459; x_wconf 89' lang='lat' dir='ltr'><strong>luit</strong></span> <span class='ocrx_word' id='word_1_315' title='bbox 1340 3397 1373 3456; x_wconf 85' lang='lat' dir='ltr'><strong>ab</strong></span> <span class='ocrx_word' id='word_1_316' title='bbox 1391 3393 1436 3452; x_wconf 78' lang='lat' dir='ltr'><strong>alis</strong></span> 
     </span>
    </p>

    <p class='ocr_par' dir='ltr' id='par_1_10' title="bbox 304 3479 1446 3561">
     <span class='ocr_line' id='line_1_37' title="bbox 304 3479 1446 3561; baseline -0.002 -21"><span class='ocrx_word' id='word_1_317' title='bbox 304 3479 378 3540; x_wconf 89' lang='lat' dir='ltr'><strong>satis</strong></span> <span class='ocrx_word' id='word_1_318' title='bbox 408 3487 489 3540; x_wconf 90' lang='lat' dir='ltr'><strong>certo</strong></span> <span class='ocrx_word' id='word_1_319' title='bbox 512 3479 650 3552; x_wconf 86' lang='lat' dir='ltr'><strong>sciamus,</strong></span> <span class='ocrx_word' id='word_1_320' title='bbox 679 3479 735 3541; x_wconf 90' lang='lat' dir='ltr'><strong>hos</strong></span> <span class='ocrx_word' id='word_1_321' title='bbox 758 3482 920 3561; x_wconf 88' lang='lat' dir='ltr'><strong>scriptores</strong></span> <span class='ocrx_word' id='word_1_322' title='bbox 941 3482 1036 3544; x_wconf 87' lang='lat' dir='ltr'><strong>inisse</strong></span> <span class='ocrx_word' id='word_1_323' title='bbox 1058 3481 1179 3542; x_wconf 88' lang='lat' dir='ltr'><strong>omuino</strong></span> <span class='ocrx_word' id='word_1_324' title='bbox 1202 3499 1240 3542; x_wconf 81' lang='lat' dir='ltr'><strong>ex</strong></span> <span class='ocrx_word' id='word_1_325' title='bbox 1263 3499 1368 3542; x_wconf 90' lang='lat' dir='ltr'><strong>eorum</strong></span> <span class='ocrx_word' id='word_1_326' title='bbox 1386 3489 1446 3538; x_wconf 73' lang='lat' dir='ltr'><strong>nunt</strong></span> 
     </span>
    </p>

    <p class='ocr_par' dir='ltr' id='par_1_11' title="bbox 302 3557 1453 3644">
     <span class='ocr_line' id='line_1_38' title="bbox 302 3557 1453 3644; baseline -0.005 -20"><span class='ocrx_word' id='word_1_327' title='bbox 302 3563 353 3642; x_wconf 90' lang='lat' dir='ltr'><strong>qui</strong></span> <span class='ocrx_word' id='word_1_328' title='bbox 385 3562 526 3641; x_wconf 90' lang='lat' dir='ltr'><strong>pristinae</strong></span> <span class='ocrx_word' id='word_1_329' title='bbox 558 3563 740 3625; x_wconf 89' lang='lat' dir='ltr'><strong>litteraturae</strong></span> <span class='ocrx_word' id='word_1_330' title='bbox 772 3566 908 3626; x_wconf 87' lang='lat' dir='ltr'><strong>dederint</strong></span> <span class='ocrx_word' id='word_1_331' title='bbox 935 3566 1034 3636; x_wconf 82' lang='lat' dir='ltr'><strong>multa¹</strong></span> <span class='ocrx_word' id='word_1_332' title='bbox 1055 3565 1216 3644; x_wconf 89' lang='lat' dir='ltr'><strong>specimina</strong></span> <span class='ocrx_word' id='word_1_333' title='bbox 1246 3566 1285 3626; x_wconf 89' lang='lat' dir='ltr'><strong>ad</strong></span> <span class='ocrx_word' id='word_1_334' title='bbox 1315 3557 1453 3626; x_wconf 67' lang='lat' dir='ltr'><strong>defendar.</strong></span> 
     </span>
    </p>

    <p class='ocr_par' dir='ltr' id='par_1_12' title="bbox 301 3644 1454 3811">
     <span class='ocr_line' id='line_1_39' title="bbox 301 3644 1454 3727; baseline -0.007 -18"><span class='ocrx_word' id='word_1_335' title='bbox 301 3647 515 3708; x_wconf 89' lang='lat' dir='ltr'><strong>christianismi</strong></span> <span class='ocrx_word' id='word_1_336' title='bbox 544 3645 672 3708; x_wconf 89' lang='lat' dir='ltr'><strong>indolem</strong></span> <span class='ocrx_word' id='word_1_337' title='bbox 702 3667 737 3708; x_wconf 85' lang='lat' dir='ltr'><strong>ex</strong></span> <span class='ocrx_word' id='word_1_338' title='bbox 766 3649 970 3710; x_wconf 89' lang='lat' dir='ltr'><strong>communibus</strong></span> <span class='ocrx_word' id='word_1_339' title='bbox 1000 3658 1029 3710; x_wconf 86' lang='lat' dir='ltr'><strong>et</strong></span> <span class='ocrx_word' id='word_1_340' title='bbox 1056 3648 1181 3727; x_wconf 89' lang='lat' dir='ltr'><strong>publicis</strong></span> <span class='ocrx_word' id='word_1_341' title='bbox 1204 3648 1327 3710; x_wconf 90' lang='lat' dir='ltr'><strong>litteris.</strong></span> <span class='ocrx_word' id='word_1_342' title='bbox 1368 3644 1454 3724; x_wconf 68' lang='lat' dir='ltr'><strong>lpolc</strong></span> 
     </span>
     <span class='ocr_line' id='line_1_40' title="bbox 303 3729 1451 3811; baseline -0.004 -18"><span class='ocrx_word' id='word_1_343' title='bbox 303 3733 440 3794; x_wconf 88' lang='lat' dir='ltr'><strong>dicuntur</strong></span> <span class='ocrx_word' id='word_1_344' title='bbox 461 3729 634 3808; x_wconf 80' lang='lat' dir='ltr'><strong>scripsisse3</strong></span> <span class='ocrx_word' id='word_1_345' title='bbox 657 3733 710 3792; x_wconf 89' lang='lat' dir='ltr'><strong>sod</strong></span> <span class='ocrx_word' id='word_1_346' title='bbox 733 3732 821 3794; x_wconf 90' lang='lat' dir='ltr'><strong>huius</strong></span> <span class='ocrx_word' id='word_1_347' title='bbox 843 3733 961 3811; x_wconf 83' lang='lat' dir='ltr'><strong>gerroris</strong></span> <span class='ocrx_word' id='word_1_348' title='bbox 985 3732 1169 3793; x_wconf 89' lang='lat' dir='ltr'><strong>documentis</strong></span> <span class='ocrx_word' id='word_1_349' title='bbox 1185 3751 1239 3792; x_wconf 91' lang='lat' dir='ltr'><strong>eas</strong></span> <span class='ocrx_word' id='word_1_350' title='bbox 1256 3752 1333 3794; x_wconf 92' lang='lat' dir='ltr'><strong>usos</strong></span> <span class='ocrx_word' id='word_1_351' title='bbox 1349 3732 1451 3798; x_wconf 66' lang='lat' dir='ltr'><strong>luisses·</strong></span> 
     </span>
    </p>

    <p class='ocr_par' dir='ltr' id='par_1_13' title="bbox 303 3814 1446 3896">
     <span class='ocr_line' id='line_1_41' title="bbox 303 3814 1446 3896; baseline 0 -20"><span class='ocrx_word' id='word_1_352' title='bbox 303 3817 413 3877; x_wconf 89' lang='lat' dir='ltr'><strong>luerint</strong></span> <span class='ocrx_word' id='word_1_353' title='bbox 434 3814 523 3895; x_wconf 88' lang='lat' dir='ltr'><strong>petita</strong></span> <span class='ocrx_word' id='word_1_354' title='bbox 547 3833 580 3874; x_wconf 83' lang='lat' dir='ltr'><strong>ex</strong></span> <span class='ocrx_word' id='word_1_355' title='bbox 604 3816 755 3892; x_wconf 85' lang='lat' dir='ltr'><strong>gentilium</strong></span> <span class='ocrx_word' id='word_1_356' title='bbox 778 3817 957 3896; x_wconf 84' lang='lat' dir='ltr'><strong>scriptorum</strong></span> <span class='ocrx_word' id='word_1_357' title='bbox 978 3817 1072 3888; x_wconf 86' lang='lat' dir='ltr'><strong>libris,</strong></span> <span class='ocrx_word' id='word_1_358' title='bbox 1095 3834 1183 3876; x_wconf 72' lang='lat' dir='ltr'><strong>reema</strong></span> <span class='ocrx_word' id='word_1_359' title='bbox 1206 3818 1382 3878; x_wconf 83' lang='lat' dir='ltr'><strong>confirmare</strong></span> <span class='ocrx_word' id='word_1_360' title='bbox 1400 3824 1446 3890; x_wconf 63' lang='lat' dir='ltr'><strong>pir</strong></span> 
     </span>
    </p>
   </div>
   <div class='ocr_carea' id='block_1_3' title="bbox 339 4011 1450 4151">
    <p class='ocr_par' dir='ltr' id='par_1_14' title="bbox 339 4011 1450 4151">
     <span class='ocr_line' id='line_1_42' title="bbox 339 4011 1439 4074; baseline -0.011 -3"><span class='ocrx_word' id='word_1_361' title='bbox 339 4033 360 4067; x_wconf 82' lang='lat' dir='ltr'><strong>r.</strong></span> <span class='ocrx_word' id='word_1_362' title='bbox 380 4016 455 4066; x_wconf 84' lang='lat' dir='ltr'><strong>catal.</strong></span> <span class='ocrx_word' id='word_1_363' title='bbox 475 4031 496 4065; x_wconf 83' lang='lat' dir='ltr'><strong>c·</strong></span> <span class='ocrx_word' id='word_1_364' title='bbox 515 4013 553 4066; x_wconf 83' lang='lat'><strong>53.</strong></span> <span class='ocrx_word' id='word_1_365' title='bbox 940 4019 1038 4067; x_wconf 89' lang='lat' dir='ltr'><strong>tuebsat</strong></span> <span class='ocrx_word' id='word_1_366' title='bbox 1061 4017 1218 4068; x_wconf 75' lang='lat' dir='ltr'><strong>Valentiniani</strong></span> <span class='ocrx_word' id='word_1_367' title='bbox 1244 4011 1439 4074; x_wconf 69' lang='lat' dir='ltr'><strong>semiermis*</strong></span> 
     </span>
     <span class='ocr_line' id='line_1_43' title="bbox 340 4081 1450 4151; baseline -0.011 -14"><span class='ocrx_word' id='word_1_368' title='bbox 340 4102 356 4151; x_wconf 64' lang='lat' dir='ltr'><strong>f,</strong></span> <span class='ocrx_word' id='word_1_369' title='bbox 376 4101 409 4150; x_wconf 55' lang='grc' dir='ltr'><strong>[ιο</strong></span> <span class='ocrx_word' id='word_1_370' title='bbox 427 4101 525 4150; x_wconf 54' lang='lat' dir='ltr'><strong>pesum,</strong></span> <span class='ocrx_word' id='word_1_371' title='bbox 543 4100 640 4150; x_wconf 57' lang='lat' dir='ltr'><strong>Animae</strong></span> <span class='ocrx_word' id='word_1_372' title='bbox 660 4101 710 4149; x_wconf 65' lang='lat' dir='ltr'><strong>inq,</strong></span> <span class='ocrx_word' id='word_1_373' title='bbox 940 4099 993 4133; x_wconf 88' lang='lat' dir='ltr'><strong>rum</strong></span> <span class='ocrx_word' id='word_1_374' title='bbox 1011 4085 1147 4136; x_wconf 88' lang='lat' dir='ltr'><strong>moralium.</strong></span> <span class='ocrx_word' id='word_1_375' title='bbox 1183 4085 1298 4134; x_wconf 85' lang='lat' dir='ltr'><strong>Publicae</strong></span> <span class='ocrx_word' id='word_1_376' title='bbox 1317 4087 1371 4134; x_wconf 88' lang='lat' dir='ltr'><strong>dicit</strong></span> <span class='ocrx_word' id='word_1_377' title='bbox 1386 4081 1450 4130; x_wconf 66' lang='lat' dir='ltr'><strong>illus·</strong></span> 
     </span>
    </p>
   </div>
   <div class='ocr_carea' id='block_1_4' title="bbox 339 4149 1440 4280">
    <p class='ocr_par' dir='ltr' id='par_1_15' title="bbox 339 4149 1440 4280">
     <span class='ocr_line' id='line_1_44' title="bbox 339 4149 1437 4250; baseline -0.014 -6"><span class='ocrx_word' id='word_1_378' title='bbox 339 4199 360 4244; x_wconf 77' lang='grc' dir='ltr'><strong>Β·</strong></span> <span class='ocrx_word' id='word_1_379' title='bbox 381 4175 623 4250; x_wconf 61' lang='grc' dir='ltr'><strong>Οὓῦὸῑνράμματα</strong></span> <span class='ocrx_word' id='word_1_380' title='bbox 642 4185 793 4248; x_wconf 82' lang='lat' dir='ltr'><strong>expresserit.</strong></span> <span class='ocrx_word' id='word_1_381' title='bbox 940 4159 1036 4229; x_wconf 53' lang='lat' dir='ltr'><strong>mirum</strong></span> <span class='ocrx_word' id='word_1_382' title='bbox 1073 4167 1120 4200; x_wconf 76' lang='lat'><strong>¹¹⁰⁰</strong></span> <span class='ocrx_word' id='word_1_383' title='bbox 1156 4151 1355 4231; x_wconf 55' lang='lat' dir='ltr'><strong>⁰¹¹¹i⁵¹i³⁰⁰¹m</strong></span> <span class='ocrx_word' id='word_1_384' title='bbox 1392 4149 1437 4223; x_wconf 48' lang='grc' dir='ltr'><strong>ω’</strong></span> 
     </span>
     <span class='ocr_line' id='line_1_45' title="bbox 917 4219 1440 4280; baseline -0.01 -13"><span class='ocrx_word' id='word_1_385' title='bbox 917 4249 918 4258; x_wconf 44' lang='grc' dir='ltr'><strong>ι</strong></span> <span class='ocrx_word' id='word_1_386' title='bbox 940 4233 1003 4267; x_wconf 88' lang='lat' dir='ltr'><strong>emm</strong></span> <span class='ocrx_word' id='word_1_387' title='bbox 1027 4219 1139 4268; x_wconf 87' lang='lat' dir='ltr'><strong>doctores</strong></span> <span class='ocrx_word' id='word_1_388' title='bbox 1163 4233 1211 4268; x_wconf 91' lang='lat' dir='ltr'><strong>non</strong></span> <span class='ocrx_word' id='word_1_389' title='bbox 1237 4234 1259 4268; x_wconf 89' lang='lat' dir='ltr'><strong>ru</strong></span> <span class='ocrx_word' id='word_1_390' title='bbox 1287 4219 1369 4280; x_wconf 74' lang='lat' dir='ltr'><strong>vulgas</strong></span> <span class='ocrx_word' id='word_1_391' title='bbox 1389 4229 1440 4278; x_wconf 36' lang='lat' dir='ltr'><strong>pru*</strong></span> 
     </span>
    </p>
   </div>
   <div class='ocr_carea' id='block_1_5' title="bbox 341 4259 1438 4345">
    <p class='ocr_par' dir='ltr' id='par_1_16' title="bbox 341 4259 1438 4345">
     <span class='ocr_line' id='line_1_46' title="bbox 341 4259 1438 4345; baseline 0.005 -19"><span class='ocrx_word' id='word_1_392' title='bbox 341 4265 364 4313; x_wconf 84' lang='lat'><strong>¹¹·</strong></span> <span class='ocrx_word' id='word_1_393' title='bbox 383 4267 512 4328; x_wconf 59' lang='lat' dir='ltr'><strong>secularis,</strong></span> <span class='ocrx_word' id='word_1_394' title='bbox 531 4260 690 4321; x_wconf 63' lang='grc' dir='ltr'><strong>ῐθῦαἷῶνθΐ</strong></span> <span class='ocrx_word' id='word_1_395' title='bbox 698 4259 807 4322; x_wconf 59' lang='grc' dir='ltr'><strong>ῖθύῐθῑῧ</strong></span> <span class='ocrx_word' id='word_1_396' title='bbox 827 4281 887 4318; x_wconf 74' lang='lat'><strong>”0&#39;0</strong></span> <span class='ocrx_word' id='word_1_397' title='bbox 941 4285 1017 4334; x_wconf 90' lang='lat' dir='ltr'><strong>libros</strong></span> <span class='ocrx_word' id='word_1_398' title='bbox 1036 4300 1119 4335; x_wconf 85' lang='lat' dir='ltr'><strong>sacros</strong></span> <span class='ocrx_word' id='word_1_399' title='bbox 1138 4299 1212 4345; x_wconf 88' lang='lat' dir='ltr'><strong>suos;</strong></span> <span class='ocrx_word' id='word_1_400' title='bbox 1232 4285 1289 4336; x_wconf 84' lang='lat' dir='ltr'><strong>licet</strong></span> <span class='ocrx_word' id='word_1_401' title='bbox 1308 4287 1394 4335; x_wconf 86' lang='lat' dir='ltr'><strong>soleam</strong></span> <span class='ocrx_word' id='word_1_402' title='bbox 1407 4288 1438 4344; x_wconf 70' lang='lat' dir='ltr'><strong>plt&#39;</strong></span> 
     </span>
    </p>
   </div>
   <div class='ocr_carea' id='block_1_6' title="bbox 306 4332 1438 4484">
    <p class='ocr_par' dir='ltr' id='par_1_17' title="bbox 306 4332 1438 4484">
     <span class='ocr_line' id='line_1_47' title="bbox 306 4332 1438 4416; baseline 0 -19"><span class='ocrx_word' id='word_1_403' title='bbox 306 4332 404 4380; x_wconf 62' lang='lat' dir='ltr'><strong>⁰fflf¹ifl⁰</strong></span> <span class='ocrx_word' id='word_1_404' title='bbox 424 4347 477 4382; x_wconf 74' lang='lat'><strong>¹¹⁸⁰·</strong></span> <span class='ocrx_word' id='word_1_405' title='bbox 942 4354 1011 4402; x_wconf 88' lang='lat' dir='ltr'><strong>aliter</strong></span> <span class='ocrx_word' id='word_1_406' title='bbox 1035 4354 1136 4416; x_wconf 87' lang='lat' dir='ltr'><strong>opinari.</strong></span> <span class='ocrx_word' id='word_1_407' title='bbox 1172 4353 1246 4402; x_wconf 86' lang='lat' dir='ltr'><strong>Erant</strong></span> <span class='ocrx_word' id='word_1_408' title='bbox 1264 4360 1357 4403; x_wconf 79' lang='lat' dir='ltr'><strong>tentum</strong></span> <span class='ocrx_word' id='word_1_409' title='bbox 1374 4353 1438 4400; x_wconf 73' lang='lat' dir='ltr'><strong>iun-²</strong></span> 
     </span>
     <span class='ocr_line' id='line_1_48' title="bbox 341 4410 1367 4484; baseline 0.005 -22"><span class='ocrx_word' id='word_1_410' title='bbox 341 4415 357 4462; x_wconf 82' lang='lat' dir='ltr'><strong>i.</strong></span> <span class='ocrx_word' id='word_1_411' title='bbox 376 4413 488 4477; x_wconf 73' lang='lat' dir='ltr'><strong>intelligit</strong></span> <span class='ocrx_word' id='word_1_412' title='bbox 506 4411 539 4464; x_wconf 84' lang='grc' dir='ltr'><strong>τὰ</strong></span> <span class='ocrx_word' id='word_1_413' title='bbox 558 4410 647 4476; x_wconf 70' lang='lat' dir='ltr'><strong>ibisci.</strong></span> <span class='ocrx_word' id='word_1_414' title='bbox 841 4429 855 4458; x_wconf 74' lang='lat'>0</span> <span class='ocrx_word' id='word_1_415' title='bbox 942 4420 1094 4480; x_wconf 88' lang='lat' dir='ltr'><strong>clericorum,</strong></span> <span class='ocrx_word' id='word_1_416' title='bbox 1114 4421 1194 4484; x_wconf 87' lang='lat' dir='ltr'><strong>priora</strong></span> <span class='ocrx_word' id='word_1_417' title='bbox 1213 4434 1258 4483; x_wconf 90' lang='lat' dir='ltr'><strong>per</strong></span> <span class='ocrx_word' id='word_1_418' title='bbox 1277 4421 1367 4470; x_wconf 85' lang='lat' dir='ltr'><strong>secuta.</strong></span> 
     </span>
    </p>
   </div>
   <div class='ocr_carea' id='block_1_7' title="bbox 339 4498 1454 4652">
    <p class='ocr_par' dir='ltr' id='par_1_18' title="bbox 339 4498 1454 4652">
     <span class='ocr_line' id='line_1_49' title="bbox 341 4498 1454 4592; baseline 0.013 -38"><span class='ocrx_word' id='word_1_419' title='bbox 341 4498 364 4547; x_wconf 77' lang='lat' dir='ltr'><strong>k.</strong></span> <span class='ocrx_word' id='word_1_420' title='bbox 383 4499 646 4592; x_wconf 58' lang='lat' dir='ltr'><strong>enumeraremus·</strong></span> <span class='ocrx_word' id='word_1_421' title='bbox 976 4535 1008 4568; x_wconf 80' lang='lat' dir='ltr'><strong>m.</strong></span> <span class='ocrx_word' id='word_1_422' title='bbox 1041 4521 1065 4569; x_wconf 82' lang='lat' dir='ltr'><strong>ln</strong></span> <span class='ocrx_word' id='word_1_423' title='bbox 1090 4521 1140 4570; x_wconf 82' lang='lat' dir='ltr'><strong>riu</strong></span> <span class='ocrx_word' id='word_1_424' title='bbox 1170 4519 1315 4572; x_wconf 71' lang='lat' dir='ltr'><strong>uirtutium</strong></span> <span class='ocrx_word' id='word_1_425' title='bbox 1344 4531 1398 4568; x_wconf 77' lang='lat' dir='ltr'><strong>auno</strong></span> <span class='ocrx_word' id='word_1_426' title='bbox 1416 4513 1454 4562; x_wconf 70' lang='lat' dir='ltr'><strong>br</strong></span> 
     </span>
     <span class='ocr_line' id='line_1_50' title="bbox 339 4578 1079 4652; baseline 0.018 -21"><span class='ocrx_word' id='word_1_427' title='bbox 339 4581 357 4631; x_wconf 92' lang='lat' dir='ltr'><strong>l.</strong></span> <span class='ocrx_word' id='word_1_428' title='bbox 382 4581 470 4628; x_wconf 83' lang='lat' dir='ltr'><strong>Korra</strong></span> <span class='ocrx_word' id='word_1_429' title='bbox 494 4595 529 4630; x_wconf 81' lang='lat' dir='ltr'><strong>rec</strong></span> <span class='ocrx_word' id='word_1_430' title='bbox 551 4578 711 4650; x_wconf 72' lang='grc' dir='ltr'><em>γράμματα,</em></span> <span class='ocrx_word' id='word_1_431' title='bbox 740 4589 820 4652; x_wconf 81' lang='lat' dir='ltr'><strong>itaque</strong></span> <span class='ocrx_word' id='word_1_432' title='bbox 839 4586 888 4638; x_wconf 66' lang='lat' dir='ltr'><strong>stt-⁸</strong></span> <span class='ocrx_word' id='word_1_433' title='bbox 943 4588 1037 4640; x_wconf 79' lang='lat' dir='ltr'><strong>CXCVl.</strong></span> <span class='ocrx_word' id='word_1_434' title='bbox 1074 4637 1079 4644; x_wconf 93' lang='lat'><em>.</em></span> 
     </span>
    </p>
   </div>
   <div class='ocr_carea' id='block_1_8' title="bbox 0 0 1530 5230">
    <p class='ocr_par' dir='ltr' id='par_1_19' title="bbox 0 0 1530 5230">
     <span class='ocr_line' id='line_1_51' title="bbox 0 0 1530 5230; baseline 0 0"><span class='ocrx_word' id='word_1_435' title='bbox 0 0 1530 5230; x_wconf 95' lang='lat' dir='ltr'><strong> </strong></span> 
     </span>
    </p>
   </div>
  </div>
 </body>
</html>
