3114 5240
247 343 308 410 106
335 358 526 404 nrsssnrrrta
542 359 572 402 sn
588 357 635 408 nu.
651 357 735 403 saar.
750 357 836 404 mou.
853 355 1047 402 rsaruamtnt
1059 355 1287 402 manaoarrcmt
1302 355 1388 400 carr.

243 529 353 594 yenere
375 511 548 572 litterarum
560 512 702 590 ,peritam
725 507 777 570 sed
796 512 829 570 in
850 507 1010 589 eloquenda
1029 525 1142 588 parunt
1163 465 1292 586 tadu..
1305 516 1339 568 et
1359 509 1466 570 m

247 606 399 678 comptus,
428 606 457 657 et
476 593 605 656 multura
634 593 781 656 obscurus
809 591 951 664 (Emtant.
979 591 1030 654 lib.
1059 592 1091 652 V.
1120 591 1194 653 lust.
1216 590 1311 652 Oisia.
1341 608 1407 668 cap.
1432 594 1464 654 1.

216 698 310 760 'paq
332 682 429 752 lbi).
471 677 572 756 Neque
599 675 709 740 dixeris
737 676 778 739 ibi
798 676 982 740 Monetium
1002 676 1082 756 loqui
1101 675 1146 738 de
1169 675 1340 738 Tertulliani
1361 675 1466 754 patius

245 764 434 846 Apologelico
468 762 592 842 aliisque
628 762 711 824 libris
739 763 880 824 adsersus
902 761 1037 824 ethnicos
1067 760 1204 839 seriptis,
1233 779 1320 840 quam
1352 760 1467 822 utens

246 852 310 914 eius
333 847 484 929 operibus.
528 847 643 910 Etenim
665 846 768 910 eadem
790 856 837 910 est
862 846 1033 926 Hieronymi
1056 846 1092 908 de
1115 845 1253 908 omnibus
1275 845 1355 908 illius
1375 863 1467 908 oom-

245 932 474 998 mentationibus
503 933 665 1006 sententia,
688 951 775 1012 mam
802 931 884 994 bisce
906 930 1093 1010 paucioribus
1121 930 1221 992 verbis
1242 929 1467 1011 pronuntiarit:

248 1018 452 1084 Tertullianus
475 1019 579 1080 creber
591 1030 636 1080 ert
656 1021 689 1079 in
703 1021 869 1089 sententiis,
892 1017 945 1080 sed
963 1015 1098 1098 difficilis
1112 1020 1145 1078 in
1160 1017 1322 1097 eloquenda
1339 1013 1467 1089 (Hiero-

245 1122 322 1184 nym.
345 1102 439 1182 Epist.
461 1104 513 1166 49.
543 1101 589 1162 ad.
611 1101 733 1176 Paulin.
752 1120 818 1182 paq.
835 1104 929 1178 still.
971 1100 1065 1164 Nema
1087 1110 1183 1162 autem
1206 1106 1269 1174 est,
1290 1100 1341 1178 qui
1361 1107 1469 1162 uamta

245 1189 281 1250 ab
303 1196 430 1266 utroque
451 1185 595 1248 arationis
615 1185 753 1259 difficilis,
776 1187 928 1250 inornatae
950 1195 980 1248 et
1001 1185 1183 1248 obscurioris
1204 1185 1272 1248 vitia
1287 1203 1347 1246 nou
1362 1184 1468 1246 statim

245 1271 455 1353 deprehendat.

328 1357 383 1420 tiit
411 1375 480 1418 vero
508 1354 730 1436 reprehendunt
757 1354 969 1434 inaequabilem
998 1371 1118 1422 eorum,
1146 1352 1253 1432 quibus
1282 1351 1330 1416 ile
1358 1352 1466 1426 utimr,

246 1449 487 1522 argumentorum
522 1440 703 1502 varietatem.
749 1439 937 1502 Gravissimis
960 1439 1105 1518 siquidem
1128 1447 1158 1498 et
1179 1437 1389 1508 invictissimis,
1412 1438 1467 1500 in-

245 1527 358 1606 quiunt,
380 1525 684 1605 argumentationibus
706 1525 807 1603 plures
834 1524 906 1586 alias
933 1523 1093 1602 sapidioris
1121 1522 1231 1602 ingenii
1252 1522 1385 1586 acumine
1408 1543 1466 1586 ex-

172 1649 179 1660 ·
246 1612 387 1691 mqitatas
415 1611 589 1690 quandoque
611 1607 808 1684 intermiscet,
831 1627 906 1688 quae
927 1607 1069 1672 levissimi
1092 1617 1141 1670 ant
1163 1607 1273 1670 nullius
1288 1608 1373 1685 plane
1390 1616 1466 1670 sum

246 1696 399 1758 momenti.

330 1780 366 1840 lt
386 1779 518 1859 plerique
541 1797 645 1842 amnes
672 1781 800 1840 latentur
828 1777 898 1842 iliud
920 1777 1059 1840 vitiosum
1088 1776 1151 1838 site
1171 1775 1289 1838 dicendi
1317 1775 1378 1838 site
1408 1793 1462 1836 ar-

247 1863 435 1944 gumentandi
470 1882 581 1942 qenus,
622 1863 717 1926 sicubi
752 1871 902 1935 accurrat,
936 1863 1056 1926 uticami
1089 1877 1214 1941 prorsus
1249 1859 1467 1924 sententiarum

247 1950 385 2029 graviute
408 1965 580 2026 summaque
602 1948 725 2014 alioruin
748 1955 987 2024 argumentorum
1008 1947 1037 2007 vi
1059 1945 1261 2024 repondere,
1282 1945 1365 2024 quasi
1388 1946 1468 2008 mira

246 2035 369 2114 quadam
392 2032 644 2113 compensatione,
666 2030 750 2095 leniri
774 2040 803 2093 et
824 2031 972 2094 resarciri.
1004 2031 1042 2092 Et
1062 2049 1132 2094 roro
1156 2030 1182 2090 si
1204 2030 1387 2092 vincentium
1410 2029 1468 2092 Li·

246 2119 413 2187 rineusem.
436 2135 496 2179 nau
519 2118 640 2180 omnino
662 2118 794 2196 ineptum
816 2115 953 2189 iudicem,
966 2115 1023 2178 iam
1046 2135 1062 2176 a
1083 2115 1171 2178 nobis
1193 2114 1328 2187 citatum,
1357 2133 1469 2176 rursus

247 2203 348 2266 audire
370 2203 457 2265 uelis:
489 2201 601 2276 Tanta,
624 2201 728 2282 inqiut,
750 2205 849 2264 nerem
877 2220 936 2280 qua
961 2205 1117 2264 ratianum
1143 2204 1333 2270 necessitate,
1364 2205 1469 2264 aratia

249 2293 312 2352 eius
346 2299 487 2351 conserta
509 2298 566 2359 est,
595 2297 631 2348 ut
652 2288 692 2348 od
714 2304 891 2348 eonsensum
913 2290 963 2348 arri
983 2303 1057 2365 quas
1086 2285 1214 2348 suodue
1236 2304 1298 2348 nan
1316 2288 1468 2366 patuerit,

247 2371 393 2454 impellat.
418 2373 510 2436 Cuius
532 2383 604 2454 quot
614 2377 714 2452 poene
726 2371 826 2442 uerbo,
851 2382 896 2434 tot
910 2375 1074 2434 sententiae
1095 2382 1174 2440 sunt,
1191 2380 1263 2449 quot
1284 2387 1403 2440 sensus,
1420 2379 1470 2434 tot

247 2462 401 2520 uictoriae.
445 2455 517 2520 &m
540 2475 610 2518 sane
633 2456 672 2517 ab
694 2455 891 2528 consumitis,
914 2454 1000 2518 sicuti
1028 2454 1124 2516 aiebat
1146 2453 1283 2516 Chronici
1304 2452 1469 2516 Eusebiani

247 2549 364 2605 auctas:
396 2542 534 2605 Ouinium
562 2540 757 2604 eeclesiarum
783 2559 920 2604 sermasia
950 2540 1120 2602 celebrator
1147 2537 1268 2608 (Enseb.
1295 2539 1405 2600 Cbran.
1427 2541 1468 2620 ad

247 2625 622 2701 annumeristCCVIll.).
633 2625 832 2687 Ecclesiarum
844 2625 1021 2686 autemdicit
1032 2643 1091 2686 nan
1108 2624 1204 2688 salum
1215 2623 1394 2696 Occidentis,
1411 2625 1469 2686 sed

247 2711 334 2776 maus
358 2710 498 2772 Orientis.
523 2709 648 2782 Quidam
670 2710 748 2772 cuim
771 2709 849 2776 ibina
864 2708 931 2772 libri
961 2709 998 2769 ab
1020 2727 1167 2787 maguum,
1190 2727 1249 2788 qua
1264 2707 1467 2772 aestimaban-

253 2805 315 2870 tur,
344 2795 472 2876 prelium
493 2795 523 2856 in
546 2813 680 2874 graecam
701 2795 846 2874 linguam,
869 2802 900 2854 ut
921 2793 1008 2873 paulo
1037 2802 1121 2854 antea
1145 2793 1365 2862 annotavimus,
1387 2812 1466 2854 eon-

247 2881 326 2942 versi
348 2880 384 2941 ab
406 2880 519 2958 maenis
533 2879 703 2942 bominibus
716 2897 778 2940 nan
791 2879 889 2940 minus
911 2878 1005 2951 aride,
1024 2897 1110 2957 quam
1133 2877 1260 2940 alatinis
1283 2877 1467 2956 legebantur.

332 2965 417 3028 Tanti
433 2983 530 3045 ,parra
546 2964 708 3044 Cyprianus
724 2983 777 3028 eos
792 2964 871 3031 lecit.
893 2971 926 3024 ut
941 2963 1050 3024 idcirco
1067 2962 1276 3026 Tertullianum
1292 2961 1467 3041 magistrum

248 3051 438 3131 appellaverit
460 3069 547 3110 suum
576 3069 629 3112 uec
657 3049 734 3112 diem
755 3047 845 3112 ullum
862 3048 927 3109 sine
948 3049 1070 3110 aliamue
1083 3066 1118 3108 ex
1139 3047 1217 3110 illins
1238 3047 1323 3109 libris
1338 3046 1466 3108 lectione

113 3205 116 3212 ,
246 3135 407 3214 praeterire
434 3133 568 3196 voluerit.
615 3134 708 3195 limus
737 3142 833 3195 autem
862 3141 921 3194 tam
934 3133 1085 3194 assiduae
1111 3133 1247 3194 iectionis
1271 3131 1355 3194 testis
1381 3131 1467 3194 omui

247 3219 305 3290 iude
326 3219 421 3288 maior
441 3218 529 3278 uobis
545 3226 592 3278 est
606 3217 814 3295 Hieronymus,
837 3217 991 3296 quiaque
1020 3225 1049 3278 et
1077 3236 1163 3296 quam
1186 3225 1266 3280 certo
1288 3217 1318 3279 id
1339 3233 1466 3294 accepe-

248 3303 296 3376 rit,
319 3303 362 3363 sie
381 3310 516 3373 enarrat:
543 3301 607 3362 Vidi
628 3322 678 3381 eqo
701 3303 845 3382 quendam
867 3299 996 3362 Paulum
1012 3301 1205 3373 Concordiae,
1228 3305 1306 3383 quad
1321 3303 1469 3382 oppidum

248 3387 354 3450 ltaliae
377 3399 431 3456 est,
453 3405 561 3457 senens,
584 3391 636 3467 qui
657 3405 689 3448 se
704 3385 784 3450 beati
803 3385 950 3466 Cypriani
967 3389 1027 3446 iana
1040 3388 1167 3466 yrnndis
1182 3392 1290 3450 aetatis
1309 3391 1470 3450 notarium

248 3491 314 3534 aaran
335 3475 397 3551 ipse
418 3471 577 3534 admodum
597 3481 677 3532 esset
697 3470 878 3541 adolescens,
900 3469 1010 3532 Hancne
1031 3473 1142 3534 vidisse
1164 3473 1276 3534 diceret
1290 3473 1470 3553 referreque

249 3559 307 3620 sibi
326 3556 459 3628 solitum,
473 3573 627 3636 nreaqaarn
657 3555 845 3636 cyprianum
871 3556 981 3635 absque
1010 3555 1192 3618 Tertulliani
1218 3555 1342 3618 lectione
1370 3575 1469 3618 unuin

249 3643 324 3704 diem
341 3643 547 3722 praeteriisse,
570 3658 606 3701 ae
627 3641 686 3702 sibi
706 3640 813 3716 erebra
826 3641 937 3703 direru
961 3639 1009 3702 tta
1030 3639 1219 3721 Hayrstrunr,
1245 3639 1469 3704 Tertullianum

249 3728 383 3791 uidelicet
417 3725 590 3806 siqnificans
624 3724 807 3804 (Hieronym.
848 3723 975 3804 Catalog.
1017 3725 1123 3805 Seript.
1157 3725 1270 3788 Eccles.
1302 3741 1368 3804 rap.
1401 3727 1468 3799 53,

249 3831 316 3892 pag,
340 3815 432 3886 ltin).
465 3808 653 3884 Quinetiam
682 3810 769 3890 plane
790 3819 942 3872 asseverat
963 3811 1021 3872 bac
1041 3829 1076 3872 ex
1104 3811 1240 3889 ipsismet
1268 3809 1404 3890 Cypriani
1426 3809 1466 3872 ii-

249 3895 311 3960 bris
334 3903 474 3958 testatum
496 3894 568 3956 satis
590 3875 663 3956 uiri.
686 3894 728 3955 ld
749 3894 968 3957 Pammaebium
991 3895 1139 3958 animvm
1169 3903 1198 3956 et
1220 3895 1370 3958 Oceanum
1392 3895 1469 3958 baec
1523 3969 1526 3975 f

253 3981 282 4042 in
307 3981 396 4044 rerba
417 3980 553 4060 scripsit:
576 3979 687 4042 Beatus
712 3979 882 4060 Cyprianus
913 3977 1099 4042 Tertulliano
1122 3985 1266 4060 mapstra
1288 3985 1406 4052 utitur,
1430 3991 1469 4044 ut

250 4069 313 4128 eius
335 4070 451 4146 scripta
469 4065 620 4146 probant;
646 4083 766 4146 eumque
789 4067 902 4128 eruditi
921 4074 949 4126 et
970 4065 1105 4128 ardentis
1126 4070 1190 4128 uiri
1202 4065 1365 4128 miseretur
1379 4067 1469 4145 inye-

249 4153 310 4220 aia,
331 4150 508 4214 Montanum
531 4169 597 4212 aum
618 4169 652 4212 ea
674 4148 928 4230 Mauirnillamque
956 4167 1018 4212 aaa
1039 4153 1175 4229 sequitur
1189 4149 1281 4223 (idem
1296 4149 1389 4227 Epist
1411 4153 1467 4214 tt.

249 4253 314 4314 paq.
337 4237 433 4311 342).
454 4234 515 4296 Nee
536 4234 655 4296 dubium
679 4251 750 4296 sane
772 4242 816 4296 est
830 4233 901 4312 quin
915 4232 963 4294 alii
977 4233 1194 4312 quamplurimi,
1217 4233 1468 4313 quemadmodum

251 4318 420 4399 Cyprianus,
443 4319 613 4381 Tertulliani
627 4319 720 4380 libras
735 4318 991 4397 persolutaverint.
1013 4318 1056 4379 Ile
1076 4318 1126 4380 illa
1147 4319 1290 4397 siqnidem
1305 4319 1378 4380 bace
1391 4335 1467 4382 rur-

249 4423 301 4467 sus
322 4404 359 4466 ab
380 4404 558 4483 Hieronymo
584 4404 690 4466 litteris
708 4405 843 4486 mandata
864 4403 1003 4481 legimus:
1033 4401 1131 4465 Multa
1151 4407 1275 4484 scripsit
1297 4402 1465 4474 aoluninn,

248 4507 322 4570 quae
344 4495 413 4571 qaia
435 4500 509 4550 nata
530 4499 602 4552 suut
620 4489 780 4569 plurilus,
800 4491 1070 4569 praetermittamus
1093 4489 1274 4567 (Hieronym.
1298 4487 1381 4563 ibid.)
1424 4489 1468 4550 lt

105 4583 115 4604 ⁶
247 4575 395 4654 quomoda
418 4574 474 4637 illis
496 4573 569 4634 adea
591 4583 662 4636 nata
677 4593 742 4638 esse
756 4582 902 4654 poterant,
924 4571 983 4634 uui
1005 4591 1039 4636 ea
1060 4591 1149 4654 saepe
1165 4573 1283 4653 saepius
1295 4571 1466 4653 legissent?
