3132 5238
493 379 625 424 lucrose
647 379 753 426 ucoca
774 381 912 432 amaro.
1268 369 1310 436 33

93 527 132 588 ilo
150 526 314 606 imperarit
335 545 403 590 cum
425 529 567 609 Pupieno,
590 531 678 594 etiam
699 535 838 598 suffectus
861 535 916 596 luit
937 553 971 596 er
994 533 1113 597 Kalend.
1136 537 1248 600 blartiia
1269 539 1309 604 lt.

90 617 185 672 Autan.
209 612 255 674 bt.
276 612 311 673 l'.
334 612 511 688 Gordianus,
533 616 583 694 qui
604 625 708 695 postea
729 617 862 698 imperat
886 619 968 681 Caes.
991 621 1064 700 Aug.
1086 622 1263 700 appellatus,
1292 644 1310 686 a

89 696 209 782 balbino,
226 697 403 759 interlectos
425 699 494 770 luit,
522 699 608 762 sicuti
629 699 748 768 rursum
771 721 806 766 ea
828 703 948 768 Kalend.
970 705 1054 768 llaiis
1076 706 1109 766 P.
1132 706 1250 770 Helvius
1271 709 1308 772 b.

87 781 247 844 Pertinacis
269 782 302 844 P.
325 782 359 844 P.
380 783 416 844 N.
439 783 576 878 Pertinax
597 787 684 864 paulo
705 797 777 866 post
798 788 912 851 occisus
934 789 970 850 ab
992 790 1150 852 Antonino.

161 955 256 1012 Anno
267 953 387 1014 Domini
398 952 503 1016 CCXV.
535 955 566 1016 S.
582 956 738 1035 zephyrini
759 956 884 1018 Romani
905 958 1053 1037 pontilicis
1075 959 1148 1020 xvt.
1169 959 1310 1026 Antonini

84 1037 182 1116 imper.
208 1037 273 1110 lv,
297 1037 369 1098 Silio
391 1038 516 1101 Messala
538 1048 566 1099 et
588 1041 624 1113 Q.
645 1041 761 1120 Aquilio
784 1041 893 1104 Sabino
916 1061 993 1104 coss.
1016 1042 1176 1124 imperator
1197 1064 1232 1107 ex
1254 1065 1308 1108 ex·

83 1122 237 1199 peditione
260 1122 380 1194 Gallica,
403 1123 487 1184 cuius
509 1125 679 1204 Spartianus
701 1127 843 1202 meminit,
865 1127 990 1188 Romam
1011 1145 1158 1201 reversus,
1181 1147 1198 1190 a
1219 1133 1308 1194 restis

84 1205 179 1268 labris
213 1225 326 1286 genere
353 1207 422 1269 inde
444 1208 560 1282 allatae,
595 1229 681 1287 mam
703 1211 783 1290 plebi
804 1211 964 1284 distribuit,
999 1219 1032 1274 ut
1054 1231 1089 1273 eo
1111 1214 1219 1275 vestitu
1241 1233 1309 1278 sese

83 1291 234 1362 salutaret,
258 1291 404 1354 Caracalla
427 1302 608 1372 nuncupatus
631 1304 684 1356 est.
729 1295 792 1358 lloc
813 1297 874 1357 lere
896 1313 973 1357 auno
996 1297 1136 1374 scriptum
1152 1317 1307 1362 censemus

82 1375 306 1438 aTcrtulliauo
337 1377 423 1438 etiam
453 1379 595 1440 adversus
621 1379 784 1441 Ecclesiam
814 1381 922 1442 libnrm
949 1379 992 1442 De
1020 1380 1140 1442 leiuniis
1161 1382 1308 1447 Adversus
1371 1379 1372 1390 ’

81 1459 253 1539 Psyrbicos.
284 1459 327 1522 Ex
350 1481 408 1540 quc
432 1463 566 1540 inprimis
591 1465 623 1524 lit
636 1464 804 1538 verisimile,
826 1483 892 1526 cum
908 1465 1013 1526 Proclo
1029 1464 1208 1544 reliquisque
1221 1468 1309 1528 llon-
1430 1537 1433 1545 .

81 1545 195 1608 lanistis
218 1555 292 1625 post
312 1546 420 1609 dictam
441 1548 685 1626 disputationem,
716 1550 804 1610 etiam
826 1549 1037 1610 Tertullianum
1058 1569 1075 1610 a
1096 1569 1171 1630 papa
1192 1553 1308 1633 Zephy-

80 1629 143 1690 riuo
167 1631 459 1693 excommunicatum
486 1632 593 1705 luisse,
628 1651 663 1694 ex
695 1633 793 1695 verbis
825 1634 943 1712 inquam
975 1633 1050 1695 illis:
1083 1635 1164 1696 ilum
1190 1655 1310 1718 quoquo

80 1733 118 1774 ea
135 1726 234 1794 parte
255 1716 416 1777 anathema
438 1719 605 1794 audiamus,
629 1723 682 1798 qni
701 1718 793 1780 aliter
814 1723 1031 1781 annotationes
1042 1717 1095 1790 (De
1107 1719 1199 1781 leion.
1212 1741 1237 1782 c.
1256 1725 1308 1800 1.).

80 1797 196 1860 Deinde
218 1800 298 1862 varia
319 1810 382 1862 tum
405 1801 496 1864 luisse
518 1802 663 1864 celebrata
694 1820 748 1880 per
776 1803 912 1866 Graecias
940 1803 1063 1866 concilia
1098 1803 1137 1866 ita
1166 1813 1306 1868 testabar:

81 1885 231 1962 ‚lpnntnr
250 1897 412 1964 praetereo
432 1904 491 1967 per
507 1887 647 1949 Graecias
671 1887 741 1958 illus
764 1893 854 1950 certic
877 1893 909 1949 in
931 1888 1004 1950 loeis
1028 1889 1154 1951 concilio
1177 1909 1214 1954 en
1235 1896 1309 1953 nni-

82 1971 185 2030 uersis
209 1969 352 2040 roderis,
380 1989 439 2050 per
462 1989 535 2050 quoe
557 1983 585 2034 et
606 1972 719 2034 altiora
740 1991 870 2063 quaeque
890 1975 923 2033 in
947 1991 1099 2035 commune
1122 1987 1306 2048 tractantur,

81 2063 110 2114 et
137 2058 210 2133 ipsa
239 2059 476 2133 repraesentatio
505 2061 600 2119 totins
627 2061 757 2119 nominis
787 2057 955 2119 Christiana·
979 2075 1087 2136 mopna
1112 2065 1308 2123 ueneratione

82 2137 269 2200 celebratur.
315 2138 487 2202 Conventus
517 2151 617 2201 autern
639 2141 688 2202 illi
708 2143 888 2204 stationibus
907 2146 998 2222 prius
1022 2155 1051 2204 et
1073 2145 1307 2208 ierunutionr'bus

83 2227 203 2300 operati
236 2222 321 2294 (lbid.
344 2243 370 2284 c.
397 2225 468 2299 t3.).
501 2225 583 2297 Quae
616 2225 740 2286 maximo
771 2233 872 2286 contra
900 2226 1091 2288 Montanistas
1121 2229 1305 2302 convenisse,

83 2307 122 2366 rel
149 2307 226 2368 inde
253 2307 326 2368 mibi
353 2308 490 2386 colligere
517 2310 633 2383 videor,
666 2311 745 2388 quod
767 2311 855 2372 ctiam
877 2310 908 2371 in
929 2311 1085 2389 episcopos
1107 2313 1249 2390 quosdam
1272 2333 1306 2374 ea

83 2391 216 2454 haeresis
247 2392 345 2454 cancri
377 2392 409 2453 in
442 2411 554 2454 morem
577 2413 698 2473 serpere
721 2395 855 2473 coepisse
880 2395 1012 2456 rideatur
1037 2414 1073 2456 ex
1105 2395 1151 2458 bis
1172 2398 1306 2459 Auctoris

83 2477 193 2538 serbis:
226 2475 308 2538 Haec
330 2489 424 2538 ernnt
444 2477 581 2558 oaenrpia
602 2490 631 2540 et
649 2479 763 2561 popula
786 2491 815 2541 et
837 2483 981 2558 episcopis
1004 2485 1093 2542 etiarn
1115 2482 1305 2560 spiritalibus

84 2561 165 2632 tlbid.
189 2581 219 2622 c.
246 2563 326 2636 16.);
353 2579 423 2622 nam
451 2563 599 2642 spiritales
619 2563 751 2626 Montani
778 2565 905 2626 asseclas
927 2564 1077 2644 Psychicis
1100 2565 1151 2639 (ita
1173 2567 1305 2629 Catholi-

84 2665 132 2706 ros
157 2645 343 2708 calumniose
370 2646 506 2725 appellat)
539 2649 663 2729 opponit
695 2649 780 2719 llbid.
813 2668 837 2710 e.
863 2653 935 2724 lb).
980 2649 1072 2711 Porro
1105 2651 1130 2711 si
1164 2669 1233 2713 vera
1266 2653 1307 2714 sit

83 2731 165 2792 lectio
193 2731 276 2810 apud
308 2731 430 2793 Beatum
462 2732 670 2812 Hieronymum
703 2733 831 2812 Epistola
864 2733 1102 2813 quinquagesima
1134 2743 1236 2812 quarta
1268 2737 1306 2797 ad

84 2815 247 2878 nauatam
270 2815 307 2876 de
321 2816 517 2890 Montaniana,
541 2817 620 2896 quod
642 2817 683 2878 ilb
704 2825 765 2878 tres
776 2816 806 2877 in
822 2835 898 2878 anno
914 2817 1151 2895 quadragesimas
1165 2821 1305 2892 lacerent,

84 2901 162 2978 presi
185 2909 249 2962 nes
271 2901 352 2978 passi
375 2910 476 2962 essent
496 2901 671 2973 salvatorem
699 2902 802 2979 incipit
823 2901 859 2962 ab
891 2901 948 2962 illis
981 2900 1113 2962 nonnihil
1146 2901 1306 2964 dissentire

85 2987 190 3046 Auctor
213 2986 244 3046 in
268 2985 392 3048 duarum
414 2985 553 3048 duntaxat
574 2984 791 3057 observatione,
820 2985 907 3046 sicuti
938 3003 974 3045 ex
1002 2985 1049 3045 bis
1076 2983 1184 3057 verbis,
1216 2985 1306 3050 etiam

84 3070 160 3131 iuxta
181 3070 268 3132 uss,
293 3069 385 3131 Codd.
409 3071 595 3132 manifestum
618 3070 664 3130 tit:
702 3069 797 3139 Duos,
820 3069 927 3147 inquis,
950 3073 982 3130 in
1004 3085 1084 3129 anno
1109 3068 1305 3134 hebdomadon

85 3155 358 3234 anopbupabrarn,
385 3173 440 3216 nec
469 3165 564 3227 totas,
592 3158 724 3234 eaeeptia
746 3153 877 3216 sabbatis
900 3164 929 3215 et
950 3155 1118 3225 dominicis,
1148 3155 1304 3236 offerimur

90 3238 158 3308 Deo,
180 3241 364 3301 adstruentes
386 3239 423 3300 ab
446 3243 492 3310 r'a's,
527 3257 601 3320 pune
622 3257 685 3301 non
706 3242 867 3310 relicimur,
900 3239 953 3299 sed
975 3239 1142 3320 differimus
1170 3239 1255 3316 (lbid.
1278 3261 1305 3302 c.

95 3325 164 3398 lin).
204 3325 311 3385 Verum
342 3324 379 3384 de
402 3324 459 3384 boc
479 3323 566 3385 latius
589 3324 619 3384 in
647 3322 886 3384 annotationibus
909 3323 1030 3383 nostris.

166 3495 249 3554 Anno
272 3491 391 3554 Domini
414 3491 533 3553 ccxvt.
578 3493 608 3553 S.
638 3491 793 3573 zephyrini
822 3493 947 3554 Romani
975 3492 1122 3572 pontilicis
1137 3493 1223 3555 xvu.
1241 3495 1304 3557 Au·

88 3578 174 3638 tonini
196 3578 304 3657 imper.
322 3577 355 3638 V.
370 3576 474 3638 Aemili
495 3577 587 3654 Laeto
610 3579 708 3656 (quem
722 3578 809 3657 paulo
824 3586 893 3657 post
907 3578 943 3639 ab
957 3575 1104 3638 Antonino
1119 3577 1305 3640 interiectum

89 3663 186 3724 ambit
208 3661 398 3741 Spartianus)
427 3668 457 3722 et
481 3661 583 3722 Anicio
606 3663 716 3724 Cereali
745 3681 824 3724 coss.
854 3681 890 3722 eo
918 3661 984 3740 ipso
1006 3679 1064 3741 quo
1087 3662 1251 3723 Antoninus
1274 3664 1304 3724 in

88 3747 272 3826 expeditione
287 3745 460 3808 Germanica
483 3751 572 3817 (teste
586 3746 753 3825 Spartiano)
776 3747 855 3808 iuxta
871 3745 1008 3807 llbaetias
1029 3746 1139 3808 multos
1161 3745 1304 3806 barbaros

88 3830 245 3904 interiecit,
277 3832 346 3892 inde
375 3830 565 3909 potissimum
587 3831 777 3892 Germanicus
800 3831 976 3911 appellatus,
1004 3838 1123 3909 putatur
1145 3829 1305 3906 scripsisse

90 3915 283 3978 Tertullianus
314 3915 423 3977 librum
454 3915 497 3976 lle
524 3915 675 3977 Pudicitia.
727 3916 760 3976 ln
791 3935 849 3994 qno
872 3915 1047 3977 sententiam
1070 3913 1101 3972 S.
1127 3912 1243 3972 Damasi
1273 3913 1305 3975 in

92 4001 242 4076 pontificali
275 4000 314 4062 de
343 4000 424 4060 rasis
455 3999 556 4060 uitreis
589 4001 626 4062 ad
659 3999 832 4062 sacrificium
863 3999 1005 4062 ordinatis
1031 4017 1047 4058 a
1075 3997 1105 4057 S.
1128 3995 1304 4076 Zephyrino,

93 4086 259 4148 confirmem
285 4087 360 4146 baec
388 4083 464 4146 illius
485 4085 590 4146 rerba:
621 4085 677 4147 Gna*
695 4083 747 4146 ilie
768 4090 797 4147 ai
816 4086 901 4165 sorte
918 4081 1164 4165 patrocinabitur
1181 4095 1303 4164 postor,

94 4187 171 4246 pana
189 4175 219 4232 in
241 4171 335 4232 culiae
357 4171 508 4250 depinpia;
542 4170 666 4231 mammo
688 4169 767 4248 quod
790 4169 935 4248 sequitru:
969 4169 1007 4228 At
1034 4183 1084 4244 epo
1113 4171 1175 4229 eiua
1196 4183 1305 4249 posto-

93 4257 134 4314 rr'r
153 4260 340 4338 scripturam
363 4255 472 4318 Murio
495 4259 548 4336 qni
565 4256 672 4334 [roupi
691 4273 753 4317 non
772 4263 873 4334 potest
905 4251 958 4330 (lie
978 4250 1100 4312 Pudicit.
1124 4270 1147 4312 c
1172 4255 1200 4316 7.
1226 4257 1304 4332 10.);
1333 4299 1337 4312 .

92 4337 178 4418 tangi
203 4339 284 4402 enim
313 4337 450 4401 facillime
476 4347 603 4418 possunt
630 4339 735 4400 calices
762 4338 863 4413 vitrei3
897 4353 972 4415 quos
994 4335 1081 4397 etiam
1103 4335 1219 4416 depingi
1242 4346 1334 4400 tuna‘

93 4422 189 4484 robus
209 4443 291 4497 esse,
315 4423 387 4485 binc
406 4423 441 4482 lit
460 4423 656 4485 manifestum.
686 4421 740 4482 llic
761 4422 847 4484 etiam
869 4421 901 4482 in
923 4421 980 4481 boc
999 4420 1215 4482 ablootauistis
1237 4422 1304 4483 dis-

94 4508 187 4582 sentit,
214 4511 312 4592 quod,
348 4526 438 4587 quum
465 4515 541 4568 teste
569 4509 601 4569 B.
624 4507 802 4586 Hieronymo
823 4505 916 4584 Epist.
940 4505 1115 4584 supracitata
1147 4505 1303 4569 bonanus

94 4593 229 4658 seranna
249 4613 314 4656 non
337 4611 433 4672 posse
454 4593 586 4654 renovari
608 4610 663 4672 per
676 4589 886 4674 poeniteutiam
900 4589 1011 4669 lapsos,
1033 4597 1119 4669 atque
1133 4589 1206 4652 adeo
1222 4589 1304 4653 illurn

121 4697 135 4740 Τ
136 4708 484 4746 rrrrrrrrrrrrrrrrrrr
487 4709 509 4743 ι.
536 4697 598 4743 Tana.
611 4697 648 4742 lll.
1084 4689 1100 4740 3
1129 4718 1134 4725 ·
