3020 5230
436 399 571 443 aueromr
593 399 635 442 ιο.
658 400 720 442 sau.
744 399 868 444 sumna.
1198 385 1259 448 635
1361 444 1363 453 .
1423 365 1424 374 ¹
1503 447 1504 472 p

37 550 104 628 ipsa
131 547 226 627 prima
253 547 336 609 initia
358 555 388 610 et
409 548 540 610 recentia
565 547 732 610 rudimenta
760 548 796 610 ah
818 531 913 626 ipsius
942 555 1076 626 tempore
1097 549 1259 627 repetenda

33 651 106 694 esse
127 631 186 692 nisi
209 631 245 692 ab
268 632 335 711 ipso
357 631 431 693 adeo
454 641 584 693 auctore.
627 633 687 692 iles
711 640 758 692 est
779 631 955 703 clarissima,
989 631 1045 692 etsi
1067 631 1200 693 nondum
1222 634 1260 694 ah

35 715 161 778 eruditis
189 714 261 776 viris
290 715 326 776 ad
354 715 431 776 hanc
456 733 576 777 causam
604 716 768 778 accuratius
796 714 1000 777 illustrandam
1028 714 1166 776 adhibita.
1211 717 1262 778 Sic

36 800 125 878 igitur
148 799 346 860 Tertullianus
369 799 494 860 excitat¹
521 799 602 860 illum
628 799 727 860 locum
760 817 797 860 ex
817 797 950 877 Epistola
978 797 1014 858 ad
1037 798 1189 860 liebracos
1212 799 1258 860 Vl.

34 888 56 947 4
73 900 171 961 sqq.:·
188 882 374 962 Impossibile
397 881 447 945 σοι’
463 886 550 952 enim,
573 900 633 954 eoa,
655 887 709 963 qui
728 883 818 945 amiel
837 882 1005 945 illuminati
1017 893 1090 944 suot
1105 892 1134 944 et
1149 884 1261 943 donum

37 967 166 1028 cocleare
186 976 389 1044 partaverunt
417 975 446 1027 ct
463 969 895 1046 participaverunt‘spiritum
920 976 1058 1028 sunctum
1086 977 1115 1028 ct
1135 960 1261 1027 verdum

36 1052 88 1112 dei
109 1049 429 1129 dulcepustuuerunt,
463 1051 613 1111 occidente
641 1053 701 1111 ium
723 1068 810 1120 σευο,
845 1068 911 1110 αισι
933 1051 1116 1122 amicierint,
1148 1067 1261 1112 rursus

35 1136 183 1195 revocari
209 1132 368 1207 (renovari)
398 1136 680 1213 inpoenitentium,
714 1132 873 1212 relipcrrtea
905 1137 991 1194 cruci
1010 1137 1043 1194 ιἰι
1064 1143 1155 1194 semet
1177 1137 1260 1212 apros

35 1217 138 1298 filium
159 1217 217 1278 nel
246 1227 275 1278 ct
308 1217 521 1278 dedecorantes
535 1224 553 1276 ¹.
600 1216 696 1278 Turro
723 1221 801 1280 eurio
829 1225 884 1277 etc.
928 1216 1140 1294 Comparcmus
1163 1223 1260 1277 autern

36 1301 87 1361 illa
110 1317 213 1378 graeca
235 1307 352 1360 nostra:
387 1290 548 1362 ἀδύνατον
568 1293 630 1380 γὰρ
651 1295 729 1374 τοὺς
751 1293 845 1376 ἅπαξ
866 1301 1113 1384 φωτισθέντας,
1142 1319 1260 1381 γευσα-

36 1387 157 1464 μένους
180 1379 216 1445 δὲ
236 1382 295 1484 τῇς
317 1380 443 1464 δωρεᾶς
464 1383 523 1462 τῆς
546 1379 761 1464 ἐπουρανίου,
795 1382 848 1446 καὶ
877 1379 1035 1463 μετόχους
1062 1385 1261 1466 γενηθέντας

36 1463 227 1547 πνεύματος
248 1469 352 1547 apion,
380 1465 435 1529 aul
456 1461 556 1529 καλὸν
578 1469 797 1547 γευσαμένους
821 1468 906 1530 Θεοῦ
930 1465 1028 1550 ῥῆμα,
1058 1463 1259 1546 δυνάμεις

36 1573 82 1614 τε
108 1548 285 1630 μέλλοντος
314 1547 449 1626 αἰῶνος,
478 1550 534 1612 καὶ
562 1546 821 1633 παραπεσόντας
847 1547 951 1614 πάλιν
973 1542 1191 1628 ἀνακαινίζειν
1214 1547 1261 1625 εἰς

36 1629 225 1716 μετάνοιαν,
250 1625 537 1714 ἀνασταυροῦντας
559 1629 689 1709 ἑαυτοῖς
710 1629 768 1696 τὸν
791 1631 863 1698 υἱὸν
884 1635 943 1710 τοῦ
961 1635 1057 1710 Θεοῦ,
1081 1633 1135 1696 καὶ
1150 1653 1262 1716 νεαρα-

39 1714 315 1800 ὀειγματίζσντας.
360 1718 406 1798 Γῆ
429 1712 491 1800 γὰρ
514 1711 533 1799 ἡ
556 1717 683 1780 πιοῦσα
705 1716 772 1780 κτλ.

126 1833 324 1895 Praeterimus
346 1834 402 1895 alia
423 1835 583 1896 mediocria
607 1843 636 1896 et
657 1834 755 1896 minus
778 1834 940 1896 nobis'iam
954 1835 1055 1907 utilia3
1078 1834 1148 1913 quid
1164 1842 1262 1895 autem

41 1926 88 1979 est
111 1917 369 1986 illudmoccidente
390 1923 450 1979 ium
472 1937 564 1980 συοο.Ι
589 1914 744 1999 δυνάμεις
764 1941 801 1983 τε
822 1917 1000 2000 μέλλοντος
1015 1915 1144 1993 αἰῶνος.
1177 1917 1261 1990 Quo-

38 2001 131 2062 modo
162 1998 209 2061 illa
235 2001 324 2062 latina
352 2001 399 2061 his
429 2001 541 2080 graecis
570 2001 775 2080 respondent?
818 2003 991 2064 Notavimus
1021 2004 1079 2064 iam
1107 2001 1202 2062 alibi·
1230 2002 1262 2062 in

38 2083 235 2145 translatione
263 2085 318 2145 hac
343 2085 431 2145 latina
459 2105 515 2147 nec
535 2086 631 2147 volam
654 2105 722 2148 csse
750 2105 806 2148 nec
833 2087 991 2166 vestigium
1013 2085 1142 2148 nominis
1166 2085 1263 2164 graeci

41 2165 211 2249 δυνάμεις,
241 2167 317 2229 sicut
338 2169 368 2228 in
391 2187 496 2248 graecu
519 2169 592 2229 nihil
615 2171 762 2249 estquod
784 2170 889 2231 relcrri
911 2171 1009 2250 possit
1030 2170 1066 2230 ad
1088 2169 1159 2230 illud
1184 2171 1263 2230 occi-

17 2245 129 2315 'deute
157 2255 277 2312 iamiam
305 2271 389 2314 oceo.
433 2253 646 2315 Tertullianum
673 2254 763 2332 igitur
784 2252 883 2334 ipsum
903 2255 953 2315 hio
974 2254 1050 2314 libro
1073 2269 1179 2331 graeco
1202 2269 1263 2312 non

41 2355 129 2398 usum
151 2336 253 2406 luisse,
277 2336 330 2396 sed
352 2337 497 2398 conlisum
518 2337 619 2398 latino.
650 2337 865 2398 Translationis
886 2357 958 2399 vero
974 2345 1135 2407 auctorem,
1158 2336 1264 2396 rudem

40 2418 137 2481 adhuc
160 2428 189 2478 et
209 2419 378 2498 imperitum
407 2421 634 2482 christianarum
655 2421 824 2499 phrasium.
854 2421 898 2481 sic
918 2421 1086 2481 reddidisse
1108 2420 1264 2496 deceptum

40 2503 219 2582 compendio
241 2502 405 2564 litterarum
427 2522 613 2581 graecarum:
641 2501 698 2579 δύς
718 2505 785 2565 loeo
809 2500 964 2585 δυνάμεις
985 2504 1056 2583 legit
1076 2521 1131 2582 pro
1155 2500 1262 2578 δῦσαι,

41 2583 309 2661 οοιίᾰινε,,δῦσαι
329 2585 506 2668 μέλλοντος
535 2588 692 2660 transtulit,
723 2590 872 2650 occr'derrtc
900 2591 1028 2649 romiom.
1072 2586 1174 2664 Neque
1202 2594 1268 2672 tum

41 2671 268 2732 observaveram
291 2671 377 2732 otiam
399 2671 547 2732 hlillium¹
574 2671 632 2731 hoc
652 2671 772 2744 vidisse,
796 2690 832 2732 cx
852 2672 928 2732 male
951 2671 1098 2731 intellecto
1122 2687 1264 2746 compen-

37 2755 92 2836 dio
116 2753 280 2815 litterarum
302 2755 540 2830 ΔΥΝΑΣΤΕ,
574 2750 688 2828 δύναις
711 2773 766 2832 pro
789 2751 952 2833 δυνάμεις.
997 2755 1052 2815 Est
1072 2759 1169 2813 autem
1192 2752 1266 2812 haec
1313 2801 1318 2810 .

41 2837 247 2900 convenientia
277 2837 428 2918 opinionis
456 2845 506 2898 aut
534 2838 721 2899 coniecturae
748 2837 794 2898 vel
821 2837 888 2916 ipsa
915 2836 1055 2897 indicium
1088 2835 1150 2895 veri
1178 2843 1278 2912 atque-

40 2921 163 2999 ingenui
185 2921 295 2982 iudicii.
323 2921 419 3000 Atque
441 2938 480 2982 ne
501 2921 627 2982 lectores
650 2939 750 2982 rerum
771 2921 875 2981 harum
897 2920 997 2982 minus
1018 2917 1105 2999 periti
1122 2919 1267 2979 mirentur

41 3007 107 3069 eius
130 3005 316 3066 coniecturae
337 3005 499 3077 rationem,
521 3004 601 3065 haud
621 3004 757 3066 dubitent
777 3023 884 3084 porro,
914 3013 1012 3066 utrum
1035 3002 1106 3064 satis
1128 3001 1204 3062 hene
1226 3002 1266 3062 sit

39 3111 58 3154 a
82 3089 170 3151 nohis
193 3089 237 3150 sic
259 3087 440 3149 coniectum:
463 3107 587 3167 possum
611 3088 761 3174 simillimo
785 3087 918 3169 exemplo
940 3087 1029 3148 huius
1052 3086 1095 3147 rei
1118 3087 1205 3146 fidem
1221 3086 1266 3146 ia-

41 3193 129 3246 cere,
165 3171 233 3234 licet
255 3172 362 3235 eruditi
384 3172 453 3246 viri,
477 3173 527 3251 qui
549 3189 610 3232 non
634 3180 705 3232 sunt
727 3173 848 3234 omnino
871 3171 959 3234 alieni
981 3171 1017 3232 ah
1039 3171 1144 3231 harum
1158 3187 1267 3230 ‘rerum
1371 3201 1374 3210 ·

40 3258 212 3321 criticorum
244 3256 475 3330 consuetudine,
512 3256 590 3318 haud
623 3256 711 3318 dubie
743 3255 899 3318 nobiscum
932 3273 1037 3317 omncs
1069 3255 1265 3315 consentiant.

40 3343 108 3420 Ego
138 3341 227 3419 igitur
249 3340 404 3402 observavi
431 3340 529 3402 locum
550 3341 681 3413 alumi,
704 3332 753 3404 uhi
776 3360 880 3420 graece
900 3340 1023 3419 legitur:
1054 3331 1138 3420 ὑπὲρ
1161 3335 1265 3414 δυσίν,

41 3426 154 3489 latinus
169 3443 241 3485 vero
256 3425 304 3485 ille
320 3424 468 3506 interpres
484 3425 621 3498 reddidit,
645 3443 742 3506 supro
758 3429 848 3498 uires,
871 3417 956 3508 ὑπὲρ
972 3418 1136 3504 δυνάμεις,
1159 3441 1267 3502 nempe

6 3555 7 3560 ι
43 3511 189 3588 deceptus
213 3509 329 3589 etipse
351 3510 505 3570 oculorum
527 3509 714 3572 aberratione
742 3509 900 3571 simillima.
944 3509 986 3569 lle
1009 3527 1044 3569 εο
1067 3507 1156 3586 igitur
1177 3506 1266 3568 dubi-

42 3593 101 3656 tari
123 3611 184 3653 non
211 3601 328 3670 potest:
365 3598 395 3668 1)
423 3594 557 3656 Primum
584 3593 632 3656 hic
659 3594 742 3672 quasi
771 3593 952 3675 deprehendi
980 3600 1131 3652 auctorem
1159 3591 1267 3650 latinae

42 3675 257 3748 translationis,
281 3677 327 3737 eui
350 3678 449 3738 minus
472 3686 560 3738 notae
583 3678 746 3738 erantillae
761 3678 902 3757 phrases:
926 3671 1080 3756 δυνάμεις
1090 3671 1268 3752 μέλλοντος

6 3761 9 3834 ’,
42 3759 176 3834 αἰῶνος,
200 3759 250 3836 qui
272 3759 361 3819 duem
384 3759 486 3831 seculi,
510 3777 545 3819 ex
567 3759 623 3820 ista
645 3761 755 3838 vulgari
770 3759 910 3838 opinandi
926 3757 1140 3820 consuetudine
1155 3755 1267 3816 laeilius

6 3839 9 3852 ’
42 3845 94 3908 hic
116 3840 297 3902 inveniebat:
320 3844 353 3916 2)
375 3841 418 3901 Er
439 3859 499 3901 unu
522 3843 651 3922 quodam
672 3860 777 3921 graeco
800 3842 887 3916 libro,
916 3842 966 3920 qui
988 3839 1170 3918 compendiis
1199 3838 1267 3900 lite-

6 3983 9 4016 ι
43 3944 147 3990 rarum
168 3924 353 4002 perscriptus
377 3933 454 3997 erat,
487 3925 564 3986 hanc
585 3925 806 3986 translationem
834 3929 938 3988 iactam
961 3924 1069 3985 luisse:
1103 3925 1135 3999 3)
1158 3922 1269 3983 Securo

6 4053 10 4082 .
45 4019 78 4073 et
100 4009 165 4070 sine
187 4006 244 4068 ulla
265 4007 462 4070 haesitatione
484 4007 697 4070 'lertrdliauum
724 4009 796 4071 haec
823 4011 873 4072 hic
900 4008 1041 4080 excitare,
1079 4005 1164 4084 quasi
1197 4005 1268 4067 satis

6 4125 10 4222 ἶ
82 4193 103 4228 ι.
123 4177 149 4226 ιι
169 4176 231 4226 riom
251 4177 280 4226 ιι
299 4176 382 4227 rudia.
400 4194 421 4228 c.
439 4175 480 4228 ιο.
718 4193 741 4228 ι.
766 4177 793 4228 n
812 4176 945 4240 ιριιιιιιι
963 4175 993 4224 ιι
1011 4171 1185 4235 ειοιιιοωιιι
1203 4173 1269 4224 wir·
1294 4141 1299 4146 ’

81 4253 99 4294 t.
123 4244 225 4308 Antiqua
250 4244 375 4295 translatio
403 4245 466 4308 apud
484 4245 632 4296 harduinum
683 4245 755 4296 atenii
774 4245 812 4296 cd.
832 4244 884 4294 llal.
902 4257 928 4307 p.
947 4241 1005 4292 stt.

6 4313 9 4362 l
45 4323 106 4366 tom.
126 4312 144 4362 l.
163 4310 326 4362 Consiliorum
344 4327 368 4376 p.
386 4311 442 4362 uta.
462 4313 540 4363 reddit
555 4314 634 4378 pulli-

6 4381 10 4426 i
46 4387 143 4442 center;
168 4380 192 4428 in
216 4378 299 4428 codice
316 4379 518 4441 Sangcrmanrnsi
545 4387 568 4430 ct
585 4381 631 4430 lle-
683 4343 1069 4462 hess'nlevffigffiffffinum'
1087 4339 1144 4419 Μ’
1162 4355 1209 4419 -ΜῩ
1226 4341 1270 4391 ‘¹⁹'

6 4463 9 4494 ι
46 4450 87 4512 gio
106 4461 149 4496 sen
166 4445 353 4496 Claronrontanc
372 4447 573 4508 (gracco-latinis)
589 4463 633 4512 po·
970 4423 1059 4472 wem
1078 4417 1269 4474 ⁸⁰¹¹qu¹⁸⁸¹m⁸m

6 4531 8 4562 ,ι
45 4517 143 4582 putare,
169 4507 435 4584 uapapfpypmrffu„
460 4515 483 4566 in
508 4515 631 4566 infinitivo·
683 4477 746 4532 hanc
764 4479 940 4543 aberrationem
958 4479 1100 4542 scripturae.

6 4603 8 4632 ι
47 4583 162 4646 tolgan:
181 4584 281 4635 ostentui
298 4583 413 4634 dolenter.
717 4595 739 4644 y.
757 4573 1269 4642 lidaliurduiuiConciliatonr.ll.p.ll87.
