3196 5250
488 371 621 416 lucrans
642 371 701 416 aro
724 371 761 414 nn
782 371 909 416 nonnus.
1247 353 1309 420 Μ
1349 401 1351 408 .

107 534 178 588 sunt
221 525 297 586 Tum
318 522 424 585 deinde
447 522 646 585 Christianum
669 522 714 584 sio
734 521 907 600 alloquitur:
930 520 966 584 Si
985 521 1103 603 inopiis
1119 529 1310 598 renuntiasti,

105 631 139 673 ne
157 611 265 690 serario
289 608 444 689 ternplum,
476 607 541 670 falsi
564 607 675 670 seilicet
697 605 746 668 dei
765 605 905 680 alienius,
939 611 1061 670 insuram
1089 617 1172 670 trians
1200 609 1311 688 (laid).

58 749 61 756 .
102 695 140 757 lie
160 695 237 756 loris
260 693 406 773 siquidem
427 692 537 772 templo
560 691 665 753 cecinit
687 691 826 752 Ovidius:

249 779 310 841 oar
332 790 432 840 tamen
452 781 591 858 opposita
612 776 734 839 uelatur
754 781 848 839 ianua
870 776 970 849 lauro,

302 863 399 942 Cinpit
421 872 449 925 et
470 875 615 942 repostas
637 863 732 924 arhor
754 879 850 942 opaco
871 859 998 924 dunos?

247 948 294 1009 An
316 951 386 1028 quio
404 959 569 1029 perpetuos
590 951 701 1008 munit
723 947 827 1008 domas
850 949 911 1008 ista
933 943 1129 1028 triumphos?

298 1031 360 1095 Aut
381 1036 450 1113 poia
471 1031 617 1094 huonon
640 1048 757 1112 semper
779 1041 880 1092 amata
901 1027 980 1092 deo?

249 1113 360 1196 ipsane
379 1117 458 1198 pnod
478 1117 558 1195 festa
582 1113 651 1186 est?
675 1133 716 1178 an
738 1116 817 1196 quod
836 1117 914 1195 sarit
934 1119 1034 1179 omnia
1055 1113 1160 1195 sesto?

303 1201 401 1274 Quam
424 1203 532 1263 triduis
554 1205 646 1263 terris
663 1205 750 1280 pasis
773 1219 813 1260 on
835 1204 895 1262 ista
916 1210 991 1262 noto
1012 1199 1080 1263 est?

501 1284 589 1358 (Ovio
613 1284 665 1346 lib.
680 1284 730 1345 lll.
746 1284 836 1346 Trist.
852 1283 932 1368 Eleg.
948 1284 971 1344 l.
986 1303 1014 1346 v.
1031 1288 1068 1348 41
1087 1292 1117 1346 et
1130 1289 1226 1364 seqq.)

101 1368 140 1428 hd
160 1367 356 1430 reiioiendum
378 1369 477 1447 itaque
497 1370 653 1449 profanum
674 1369 753 1430 huno
781 1369 870 1430 ritum
891 1368 954 1430 sola
975 1369 1049 1430 haee
1067 1369 1144 1430 ratio
1166 1369 1312 1432 Christis·
1407 1356 1410 1370 ¹

100 1454 143 1513 nis
164 1452 339 1514 sufficiehat.
390 1453 449 1514 Sed
481 1453 566 1516 uliam
595 1454 690 1515 adhue
717 1453 915 1514 Tertullianus
944 1453 1090 1533 suggerit:
1124 1453 1160 1516 Si
1181 1454 1314 1536 inpuros-

101 1539 179 1600 rihos
207 1541 410 1606 renuntiasti,
445 1557 482 1600 ne
509 1541 645 1601 indueris
675 1540 777 1600 domni
808 1548 877 1600 tuae
905 1539 1014 1617 [an'em
1046 1543 1120 1602 novi
1150 1538 1313 1620 lupanaris

100 1621 227 1696 (lentuli.
251 1622 304 1684 lih.
328 1623 364 1684 de
386 1622 520 1684 idololat.
542 1623 608 1684 loeo
631 1623 703 1698 ait).
739 1622 813 1684 Nun
834 1621 952 1684 infamis
974 1622 1063 1684 huius
1086 1624 1192 1686 domus
1214 1624 1311 1686 ianuis

101 1706 228 1769 solebant
248 1725 313 1768 non
335 1707 432 1768 solum
453 1707 538 1778 lauri,
561 1708 615 1769 sed
629 1708 766 1769 lucernae
781 1705 869 1768 etiam
884 1708 1019 1787 appendi.
1050 1706 1132 1769 Unde
1147 1707 1219 1772 haee
1233 1709 1311 1789 apud

96 1791 282 1872 Propertium
302 1791 408 1854 ianuae
429 1791 626 1870 querimonia:

187 1935 192 1944 .
242 1875 316 1938 Non
339 1893 390 1955 epo
413 1881 573 1939 nocturnis
592 1888 737 1958 potorum
760 1880 863 1938 sooria
885 1879 965 1938 riuis

299 1960 427 2022 Pulsate
449 1962 579 2040 indipais
602 1979 691 2041 saepe
713 1979 824 2040 queror
845 1962 999 2023 manibus:

240 2045 284 2108 Et
305 2045 379 2106 mihi
398 2063 460 2107 non
481 2047 590 2110 desunt
612 2059 715 2126 turpes
735 2045 866 2125 pendere
889 2043 1030 2117 corollae,

300 2129 426 2211 Semper
448 2143 475 2193 et
497 2131 629 2192 euelusis
651 2134 738 2210 sipna
758 2134 857 2212 iaoere
877 2131 972 2209 saeos.
1027 2161 1028 2164 ¹

798 2215 944 2294 (Propert.
960 2213 1011 2274 lib.
1026 2213 1050 2274 l.
1066 2214 1145 2293 Eleg.
1165 2217 1227 2292 16.)

100 2295 182 2360 Suam
209 2299 312 2378 itaquo
334 2317 456 2360 uxorem
480 2299 678 2362 Tertullianus
706 2299 786 2360 serio
814 2299 953 2360 admonet
973 2300 1018 2360 ias
1040 2317 1096 2360 nee
1121 2298 1163 2360 illi
1184 2319 1241 2362 neo
1261 2301 1313 2362 ulli

98 2381 276 2446 Christianae
298 2402 384 2457 esse,
417 2391 450 2445 ut
478 2385 614 2446 omnihus
643 2382 823 2446 solennibus
851 2403 955 2463 rapum
979 2384 1126 2465 procedat
1159 2385 1193 2446 de
1220 2391 1314 2449 maora

97 2465 230 2532 laureato
252 2479 286 2532 et
308 2469 482 2544 iaeemato,
514 2482 555 2533 ut
572 2469 606 2531 de
628 2487 708 2532 novo
731 2473 914 2532 consistorio
941 2468 1099 2530 libidinum
1118 2469 1313 2549 publicemus

95 2551 273 2625 tlenuhian.
296 2552 347 2613 iih.
369 2552 392 2613 1.
415 2553 451 2614 od
474 2553 561 2614 Uxor.
586 2571 649 2632 oap.
672 2556 726 2634 6.).
770 2553 971 2625 Quamobrem
992 2552 1024 2613 in
1044 2571 1098 2614 suo
1119 2553 1313 2634 Apologetioo

97 2645 167 2698 reete
182 2637 338 2700 concludit
353 2655 447 2716 neque
463 2638 621 2698 honestum
640 2655 709 2698 esse
732 2656 829 2717 neque
852 2637 963 2698 licitum
987 2637 1176 2699 solemnitate
1188 2639 1313 2720 publico

100 2725 225 2801 enipente
259 2723 386 2785 induere
417 2723 518 2784 domui
545 2733 614 2784 tuae
637 2722 771 2788 deditum
792 2721 920 2784 alieuius
942 2725 1017 2785 noni
1037 2720 1196 2801 lupanaris
1218 2723 1312 2794 (ldn

100 2805 242 2887 lpologet.
266 2825 331 2886 oup.
355 2808 429 2883 35.).

174 2893 332 2954 Neminem
360 2908 453 2970 porro
483 2907 571 2952 sanae
602 2889 709 2950 mentis
738 2889 890 2950 hominem
919 2907 987 2950 esse
1016 2897 1172 2968 putemus,
1205 2890 1312 2968 quiex
1346 2927 1348 2936 ,

99 2971 231 3039 nicenus
248 2976 337 3038 dietis
351 2993 412 3036 non
427 2975 569 3052 intelligat
582 2974 726 3052 quosdam
740 2974 939 3035 heterodoxos
954 2973 1089 3034 homines
1104 2973 1163 3052 hoe
1174 2973 1312 3036 Auctoris

102 3061 265 3123 testimonio
288 3061 376 3141 plane
397 3059 574 3138 ponitusque
596 3057 686 3132 abuti,
710 3058 759 3138 qui
782 3057 850 3118 inde
871 3056 1001 3118 inierunt
1020 3057 1142 3118 vetitum
1165 3077 1234 3120 esse
1255 3058 1312 3120 iis-

102 3142 160 3206 dem
188 3146 367 3208 Christianis
395 3145 425 3206 in
453 3143 517 3206 sois
546 3143 677 3206 ecelesiis
705 3161 794 3204 usum
822 3159 976 3204 cereorum
998 3149 1028 3203 et
1048 3142 1202 3203 luminum.
1245 3143 1313 3206 Non

103 3225 133 3288 de
152 3229 197 3292 his
219 3231 384 3302 enimvero,
407 3227 571 3308 dequibus
594 3245 650 3288 nos
673 3246 762 3306 supra
784 3229 860 3306 (oop.
885 3230 934 3290 15.
956 3227 1017 3290 Art.
1040 3231 1060 3290 4
1083 3236 1113 3288 ot
1132 3227 1258 3290 Dissert.
1281 3229 1312 3290 in

101 3309 222 3378 laoturt.
245 3335 312 3396 cap.
335 3317 387 3378 25.
408 3315 471 3375 hrt.
495 3316 554 3388 2.),
585 3313 637 3374 sed
665 3313 702 3372 de
730 3311 795 3374 aliis
825 3311 918 3373 oereis
947 3321 976 3372 et
1003 3311 1164 3374 luminibus
1186 3315 1313 3393 protono

103 3400 252 3481 gentilique
275 3401 336 3462 ritu
357 3399 490 3460 adhiberi
513 3397 610 3460 solitis
640 3396 681 3458 ihi
703 3397 841 3477 disputat.
884 3396 922 3457 dt
943 3415 1014 3459 sane
1041 3396 1109 3458 inde
1130 3397 1312 3460 manifestis-

103 3479 167 3545 sime
198 3485 349 3565 colligitur
377 3483 561 3546 Christianos
593 3500 650 3543 neo
676 3481 852 3562 reipublicae
883 3499 939 3543 neo
965 3481 1176 3562 imperatorum
1206 3483 1312 3546 hostes

104 3581 162 3628 esse
182 3571 341 3650 publicos,
368 3576 525 3648 propterea
546 3568 626 3647 quod
646 3569 753 3630 horum
775 3565 919 3628 solemnia
939 3566 990 3646 pio
1014 3586 1080 3640 suo,
1103 3567 1156 3628 sed
1178 3585 1239 3628 non
1261 3567 1313 3628 illo

104 3653 244 3727 gentilium
265 3673 393 3735 prorsus
415 3653 581 3716 damnando
603 3671 637 3712 ao
657 3651 821 3713 detestahih
843 3669 927 3713 more
949 3651 1143 3714 celebrabant.

590 3819 758 3872 laurentus
775 3820 816 3870 ill.

109 3917 222 3969 Ortonditur
240 3926 344 3971 ethnicos
363 3915 526 3969 missffirsrsra
543 3923 646 3980 porhlioos
664 3923 904 3978 insumpseramus,
922 3931 989 3978 quem
1006 3923 1081 3978 palan
1097 3917 1313 3966 rorabuntdietoriis

111 3995 131 4029 u
146 3993 255 4046 sonneiis,
280 4004 375 4048 quorum
393 3993 455 4036 testis
473 4001 521 4036 oros
538 3993 623 4036 Tiberis
642 3999 663 4034 ot
686 3991 764 4036 sehota
781 3989 908 4042 lesdarum,
933 3997 954 4034 et
971 3991 1008 4046 eph
1026 3990 1077 4034 nost
1096 4001 1122 4032 rc
1140 3987 1190 4030 novi
1208 3987 1311 4032 Caesaris

179 4073 273 4106 soonam
290 4072 379 4118 semper
397 4060 501 4116 optabunt
519 4073 546 4105 ae
563 4067 607 4104 turn
626 4059 692 4102 oham
710 4071 760 4102 eum
779 4058 799 4102 oi
817 4059 978 4102 acclamarent:
1003 4058 1034 4100 lie
1053 4055 1133 4102 nostris
1152 4054 1215 4100 runis

538 4134 617 4184 augeat
635 4127 670 4170 tibi
688 4125 785 4182 iuppiter
803 4138 881 4169 annos.

181 4243 260 4306 Satis
297 4243 494 4306 Tertullianus
516 4261 587 4304 non
619 4241 722 4304 hahuit
756 4241 820 4321 ipse
853 4241 917 4302 luoe
950 4239 1073 4302 clarius·
1090 4239 1312 4302 demonstrasse

109 4317 282 4391 Christianos
311 4347 372 4390 non
394 4347 462 4390 esse
484 4328 619 4408 publicos
646 4325 695 4390 aul
716 4324 907 4406 imperatoris
926 4331 976 4386 aut
995 4323 1174 4403 reipublicae
1193 4323 1311 4388 hostes:

108 4407 151 4468 ted
170 4414 264 4490 polam
289 4433 325 4474 ao
345 4413 502 4494 perspicue
523 4412 653 4474 ostendit
673 4411 820 4490 ipsosmet
839 4408 964 4488 gentiles
985 4408 1016 4469 in
1036 4409 1095 4470 hoo
1115 4409 1180 4488 ipso
1203 4427 1311 4488 genere

110 4491 274 4568 offendisse,
299 4497 330 4558 in
353 4518 411 4577 quo
433 4498 507 4560 alios
529 4497 615 4578 plano
638 4496 785 4558 immerito
807 4492 1070 4576 reprehendebant,
1113 4491 1215 4574 Neque
1236 4494 1309 4556 alie·

110 4587 154 4638 tus
181 4581 300 4660 quidem
342 4583 386 4644 vel
420 4582 506 4662 longe
541 4591 673 4644 remotos
701 4589 793 4644 testes
821 4578 958 4641 advocat:
994 4579 1046 4642 sed
1075 4582 1174 4662 ipsu,
1205 4578 1310 4659 inquit,
