3020 5230
302 401 364 463 626
449 411 641 456 nissenrurro
657 410 694 451 ns
709 409 792 452 venre
807 407 919 468 argiae.
935 409 1044 451 runouu
1059 409 1176 452 crunon.
1191 410 1378 454 retroneum

300 565 412 636 lianns3
449 569 481 620 ut
514 559 601 620 fidem
623 559 837 638 quasi,negent
865 557 978 634 graecis
1008 557 1159 619 codicibus
1190 559 1427 638 auctoritatemque
1452 575 1465 623 rt

299 649 445 708 honorem
466 643 572 704 latinae
595 641 737 702 ecelesiae
758 641 833 701 laedi
848 649 935 719 atque
950 640 1044 700 minui
1059 649 1172 719 putent,
1195 641 1222 702 si
1236 660 1397 720 macconem
1408 645 1463 704 ilm-

300 749 365 792 runr
387 726 544 788 lectionem
567 725 645 786 illam
668 725 870 792 admitterent,
904 743 978 802 quae
1000 724 1117 784 dilierat
1139 724 1175 785 ab
1197 725 1254 785 illis
1275 726 1369 788 latinis
1387 729 1464 788 vetusti

300 811 475 874 lectionibus
508 818 595 888 atque
624 807 788 869 sententiis.
833 807 896 868 Hoc
928 807 954 869 si
987 807 1155 885 diligentius
1187 807 1360 883 illustretur,
1393 812 1463 871 maden

299 897 400 976 plures
423 893 607 955 difficultates
629 899 770 971 poterunt
792 891 940 969 explicari,
962 909 1036 968 quae
1058 891 1155 952 adhue
1169 892 1339 954 criticorum
1354 907 1466 972 operans

299 979 477 1058 diligentiam
500 995 560 1038 non
582 975 772 1036 mediocriter
794 983 1003 1046 exercuerunt:
1042 975 1086 1034 sic
1115 975 1255 1054 quidem,
1283 985 1319 1052 ut
1338 977 1371 1038 de
1388 977 1464 1055 quim

301 1063 367 1124 darn
390 1060 564 1122 lectionibus
587 1058 734 1120 sententia
755 1060 828 1119 satis
852 1056 1006 1119 cornmode
1029 1057 1099 1119 lerri
1121 1077 1212 1136 posse
1234 1059 1281 1120 vix
1302 1061 1436 1121 videretur.

383 1145 474 1224 Igitur
502 1142 549 1204 ille
582 1143 664 1203 locus
697 1142 759 1202 lob.
789 1143 824 1214 l.‚
860 1144 909 1206 13.
943 1159 960 1201 a
994 1140 1175 1202 Tertulliano
1214 1142 1270 1203 sic*
1298 1151 1465 1208 tractatuum

299 1229 436 1292 omnibus
461 1227 567 1288 studiis
589 1225 760 1304 viribusque
783 1223 889 1304 quibus
918 1233 1017 1304 potest
1042 1224 1179 1285 defendat
1204 1235 1234 1287 ct
1257 1229 1379 1299 sanciat,
1408 1246 1464 1286 veno

298 1313 453 1375 lectionem
477 1329 561 1372 esse:
598 1311 650 1372 sed
677 1327 715 1370 em
737 1309 799 1370 Deo
822 1319 914 1370 motus
937 1319 997 1382 est,·
1022 1307 1125 1369 falsam
1148 1328 1218 1370 vero
1241 1320 1329 1389 atque
1350 1331 1365 1370 a
1383 1311 1465 1370 l'alenl-

297 1397 392 1458 nianis
426 1395 616 1456 adulteratam
651 1411 719 1454 esse
755 1391 832 1452 illam
869 1391 1061 1470 scripturam:
1095 1393 1147 1454 sed
1179 1412 1218 1454 ear
1253 1395 1319 1456 Deo
1345 1399 1403 1456 noti
1422 1403 1465 1454 rut

297 1481 389 1558 Negat
411 1479 605 1550 Christianos,
635 1477 665 1537 in
688 1476 796 1537 Christi
819 1476 938 1536 nomine
961 1475 1127 1550 credentes,
1160 1477 1205 1537 sic
1230 1477 1359 1538 describi
1385 1477 1466 1537 bocc-

296 1565 411 1643 pituto;
434 1581 494 1623 non
516 1581 585 1622 esse
608 1579 745 1622 arcanum
767 1559 838 1620 illud
862 1577 964 1620 semen
978 1560 1139 1620 electorum
1155 1569 1184 1620 et
1199 1561 1403 1640 spiritualium.
1419 1563 1466 1620 artie

296 1649 370 1708 adeo
400 1645 457 1706 illis
493 1645 620 1706 obiicere
648 1645 706 1704 hoe
728 1644 858 1717 lacinus,
891 1643 972 1722 quod
994 1643 1221 1704 adulteraverint
1242 1645 1323 1705 lrunc
1344 1645 1467 1706 lemnia·

297 1731 465 1804 lentiniani3
502 1729 643 1807 scripturn
668 1729 746 1788 enim
768 1728 861 1788 luisse
884 1726 1080 1805 singulariter,
1103 1735 1137 1788 ut
1158 1727 1194 1788 de
1217 1728 1340 1795 domino
1362 1729 1465 1804 [Christos

300 1816 438 1876 Christum
462 1833 500 1875 eu
522 1814 584 1875 Deo
606 1823 699 1874 nutus
722 1823 775 1872 est.
799 1812 885 1871 ¹Non
908 1830 984 1892 opem
1008 1818 1062 1884 est,
1096 1820 1128 1871 ut
1151 1831 1268 1873 omnem
1298 1813 1466 1890 istamparlm

296 1898 514 1970 describamus:
550 1915 605 1957 nec
632 1895 710 1957 enim
738 1896 837 1974 ignota
865 1913 914 1955 res
937 1904 998 1956 est:
1027 1913 1113 1974 quarn
1143 1914 1199 1955 nos
1222 1897 1312 1957 etiam
1334 1897 1362 1956 in
1382 1897 1459 1966 notisa

295 1981 487 2062 paraphrasin
510 1981 627 2041 latinam
651 1999 711 2040 non
734 1979 916 2058 negligenter
937 1979 1158 2040 illustravimus.
1204 1979 1276 2040 Rem
1302 1999 1410 2041 ornnem
1431 1979 1465 2036 m

295 2067 369 2125 viter
400 2065 578 2143 explicamus
612 2063 735 2142 eiusque
769 2063 865 2123 causis
902 2062 1088 2141 reperiundis
1131 2064 1205 2123 hanc
1249 2064 1356 2125 damus
1387 2081 1467 2141 opem.

296 2149 494 2210 Tertullianus
531 2147 619 2226 igitur
655 2148 779 2208 affirmat
807 2155 873 2207 ante
903 2145 989 2207 istam
1018 2147 1303 2214 Valentinianorum.
1327 2149 1458 2209 fraudem·

295 2231 488 2309 imposturam
522 2231 551 2290 in
588 2232 737 2309 evangelio
771 2230 910 2292 lobannis
944 2249 1006 2309 cap.
1031 2230 1064 2303 l.,
1095 2234 1144 2294 13.
1174 2231 1320 2309 scriptum
1356 2234 1467 2305 lectnnqa

295 2333 414 2395 semper
442 2315 550 2376 luisse:
580 2333 617 2376 em
638 2315 700 2376 De'o
723 2325 815 2378 matres
839 2327 898 2388 est,¹
923 2314 1012 2394 igitur
1033 2333 1069 2374 ex
1084 2315 1299 2376 adulteratione
1316 2317 1461 2393 etimpostu

180 2463 189 2484 Ι
294 2399 401 2460 horum
428 2397 643 2459 haeretieorum
672 2399 729 2458 ianr
757 2397 814 2476 legi
842 2399 871 2458 in
901 2397 1025 2476 plurali:
1060 2403 1127 2460 moti
1152 2410 1233 2461 serat.
1294 2399 1373 2461 Haec
1392 2407 1465 2458 rosel

295 2489 340 2542 est
362 2481 502 2542 historica
534 2489 621 2561 atque
644 2483 765 2542 omuino
788 2482 891 2543 nititur
912 2482 1064 2542 historicis
1093 2483 1289 2557 documentis,
1326 2493 1413 2544 tamen
1430 2481 1468 2538 ln·

293 2563 432 2626 tullianus
469 2567 601 2627 codicem
637 2566 778 2645 scriptum
812 2585 949 2644 graecum
980 2566 1091 2626 nullum
1125 2565 1239 2640 excitat,
1277 2585 1337 2628 nee
1365 2567 1428 2628 clare
1448 2581 1461 2621 a

294 2657 375 2709 certo
398 2649 468 2711 dicit
489 2649 520 2710 in
540 2648 639 2710 latinis
661 2649 756 2722 libris,
779 2649 828 2726 qni
851 2650 899 2709 hie
920 2657 970 2710 aut
991 2649 1050 2710 illio
1071 2655 1179 2723 extent,
1212 2651 1268 2728 legi
1294 2651 1374 2712 illam
1394 2650 1470 2728 princ

294 2741 323 2793 et
344 2733 541 2810 authenticam
563 2733 753 2813 scripturam:
775 2744 868 2794 erutus
892 2743 953 2810 est;
982 2751 1036 2794 nec
1065 2733 1169 2812 allegat
1191 2737 1359 2814 scriptores
1381 2731 1467 2795 certm-

294 2816 397 2889 sticos,
431 2817 480 2895 qui
516 2819 592 2880 hanc
626 2817 784 2877 lectionem
822 2817 851 2877 in
885 2816 1024 2894 singulari
1054 2819 1255 2878 excitaverint.
1311 2821 1370 2881 Sed
1400 2833 1470 2876 cartem

293 2919 422 2972 omnem,
456 2920 542 2980 quam
570 2920 657 2979 agere
686 2901 812 2961 instituit
839 2900 1047 2970 Tertullianus,
1084 2901 1213 2962 defendit
1245 2911 1339 2981 atque
1371 2905 1470 2962 sentim

292 2983 473 3062 argumentis
508 2994 537 3046 et
555 2984 728 3046 ‘rationibus
756 2983 899 3057 internis:
935 2985 1096 3045 iohannem
1126 2987 1247 3046 omnino
1270 2987 1312 3047 de
1336 2985 1470 3048 Cltnstolu

294 3069 434 3141 scribere,
457 3087 517 3129 non
540 3087 610 3129 vero
634 3068 669 3128 de
687 3067 863 3128 Christianis
880 3069 1113 3148 quibuscunque,
1138 3070 1186 3147 qui
1205 3088 1265 3149 per
1281 3071 1374 3150 fidem
1388 3071 1470 3128 diram*

293 3171 332 3211 em
353 3151 415 3213 Deo
439 3158 506 3213 vecti
526 3171 599 3214 esse.
633 3152 681 3212 Sic
703 3153 781 3212 enirn
803 3151 869 3230 ipse
892 3151 1008 3212 scribit:
1033 3155 1067 3214 de
1089 3153 1216 3215 Dome'no
1240 3159 1394 3235 comptum
1413 3153 1470 3214 eati

294 3253 331 3294 eae
352 3235 415 3295 Deo
439 3248 529 3298 mutus
553 3248 606 3297 est.
631 3235 749 3307 Merito,
773 3240 825 3316 qni
844 3237 969 3297 varicem
990 3237 1066 3298 Dei*¹
1089 3247 1117 3298 et
1141 3255 1205 3298 eum
1228 3240 1327 3301 verbo
1351 3240 1404 3300 Dei
1420 3239 1470 3313 spc-

293 3330 342 3380 tos
366 3327 394 3377 et
416 3321 447 3378 in
469 3323 581 3397 spiritu
604 3320 662 3380 nee
682 3323 792 3394 virtus,
816 3329 844 3380 et
866 3321 1005 3401 quicquid
1027 3319 1085 3382 Dei
1103 3333 1149 3382 est
1173 3321 1330 3384 Christus.
1343 3357 1384 3366 —-
1405 3353 1435 3366 -·
1449 3315 1470 3376 l*⁴

293 3399 452 3477 telliqimus
476 3419 547 3479 erqo
570 3419 607 3463 etc
630 3405 788 3466 concreditae
810 3408 998 3464 nativitatem
1019 3405 1144 3466 Domini
1163 3416 1307 3484 nepotum
1337 3419 1390 3468 ete.
1426 3403 1470 3477 lptl

292 3501 348 3542 nee
369 3481 534 3544 latinorum·
549 3485 681 3547 codicum
704 3487 907 3547 auctoritatem
930 3488 1016 3546 allent
1037 3487 1236 3549 Tertullianus
1259 3508 1323 3551 nec
1342 3503 1470 3570 graecorum

292 3565 346 3626 sed
367 3568 546 3644 argumentis
568 3569 671 3647 logicis
694 3577 781 3648 atque
803 3570 927 3630 internis
949 3571 1050 3632 utitur.
1095 3571 1131 3633 dt
1159 3591 1229 3633 sane
1257 3573 1323 3635 hoc
1354 3575 1470 3654 ipsnmvj

293 3648 330 3710 tis
366 3650 498 3712 mirabile
526 3661 612 3730 atque
640 3653 823 3726 inusitatum,
853 3653 1152 3732 quasi‘llalentiniani
1181 3655 1222 3717 illi
1244 3657 1363 3719 luerint
1395 3655 1431 3716 rel
1448 3665 1470 3709 a:

290 3749 488 3812 possessores
517 3736 651 3797 codicum
679 3737 831 3814 evangelii,
861 3746 894 3797 ut
925 3756 977 3798 eos
999 3757 1190 3817 corrumpere
1211 3742 1383 3818 potuerint,
1415 3753 1470 3798 rone·

292 3825 419 3895 ptosque
442 3819 492 3880 sic·
506 3819 537 3878 in
559 3819 683 3880 aliorum
705 3839 808 3882 manus
833 3821 977 3894 dederint,
1000 3831 1033 3882 ut
1055 3822 1172 3883 tandem
1200 3823 1257 3883 hos
1290 3825 1371 3886 alios
1394 3843 1423 3885 er
1438 3835 1470 3900 suff

290 3901 448 3961 tentiarum
484 3903 648 3982 perscripta
684 3903 783 3964 indole
817 3906 995 3966 sententiam
1036 3905 1114 3966 illam
1157 3916 1336 3986 corruptam
1370 3909 1470 3983 ineam:

290 3983 434 4062 pristinae
456 3985 581 4046 reddere
603 3989 778 4066 oportuerit.
821 3989 935 4049 Horum
958 3988 1046 4049 etiam
1069 3991 1286 4065 auctoritatem,
1319 4013 1377 4073 qua
1397 3993 1426 4052 ad
1441 4003 1470 4039 ..a

289 4067 453 4128 rectionem
489 4070 783 4150 emendationemque
816 4071 892 4134 illius
928 4071 1109 4152 imposturae
1146 4081 1175 4134 et
1205 4074 1329 4138 fraudis
1360 4097 1426 4158 opus
1446 4075 1470 4130 ie

289 4158 373 4242 putat
393 4151 441 4212 hic
464 4153 592 4232 scriptor
614 4155 685 4214 satis
708 4155 848 4232 grandem
871 4173 939 4216 esse
961 4165 1047 4235 atque
1068 4157 1263 4235 probabilem,
1298 4161 1372 4222 licet
1393 4159 1470 4221 cotim

289 4249 352 4324 sqve
373 4251 547 4311 graecoruum
569 4237 630 4298 sive
652 4238 810 4300 latinorum
833 4241 1006 4301 testimonio
1029 4241 1109 4301 nullo
1132 4260 1214 4302 suam
1238 4243 1272 4302 iu
1298 4264 1368 4307 rem
1389 4245 1424 4306 uti
1439 4261 1470 4316 q..

291 4321 361 4374 s1nt.
405 4317 464 4378 Sed
492 4321 551 4382 huc
578 4321 636 4383 iam
664 4321 774 4383 accedit
801 4323 873 4384 illud
901 4322 1033 4396 alterum,
1067 4326 1147 4404 quod
1173 4327 1317 4404 prolecto
1346 4349 1406 4390 non
1423 4327 1470 4386 niti

322 4454 340 4496 t.
358 4447 488 4524 liceatne
506 4454 594 4504 Christi
613 4455 693 4506 cllss.
716 4457 755 4507 ta.
929 4453 998 4510 Osis
1017 4441 1049 4516 ἦν
1069 4451 1083 4505 ὅ
1102 4451 1182 4524 λόγος
1199 4463 1299 4526 scribit,
1320 4481 1372 4516 nou
1385 4479 1430 4514 raro
1442 4445 1470 4504 bl

323 4527 346 4562 u.
371 4513 428 4564 ldrra
453 4525 490 4566 est
513 4519 555 4568 illa
574 4524 687 4582 mutatio,
715 4525 807 4574 uerbum
826 4526 877 4586 liei,
931 4513 965 4583 ἦν
982 4518 996 4572 ὃ
1016 4517 1104 4589 λόγος.

288 4591 342 4630 cum
368 4579 489 4634 lebannes
515 4601 646 4652 numquam
675 4590 711 4640 sio
734 4591 875 4656 scripserit:
