3020 5230
438 423 572 468 AUCSOBB
593 422 636 466 1⁰.
659 423 721 468 stt..
744 422 869 466 Stlissii.

190 541 309 623 ldrersoe
328 571 480 622 Marcionem.
842 571 961 624 Adversus
980 551 1090 622 ludaeos.

12 660 125 718 stium
159 657 274 718 deditus
315 654 426 733 liguum
460 657 519 718 eiii
556 659 621 736 ipae
907 655 965 719 cip.
986 656 1024 706 1⁰·

13 747 180 818 portarat,
212 740 321 802 Christi
343 740 453 802 exitum
474 741 531 802 iam
553 748 623 802 tunc
714 739 815 816 ltaque
838 739 869 799 in
891 739 993 817 primis
1016 739 1111 810 baec,
1138 756 1260 816 qunma
1321 734 1327 748 ’

16 823 206 895 denotabat,
228 825 260 884 in
280 823 428 886 victimam
449 823 583 888 concessi
606 843 624 884 a
672 831 755 902 patre
781 823 880 886 iomt'o
906 825 1069 884 duceretur
1094 832 1122 883 et
1148 822 1259 899 lignum

16 916 137 986 patre,
173 921 202 972 et
228 908 340 986 lignum
368 907 521 986 passionis
552 925 623 968 suae
674 910 736 988 ipsi
759 909 818 968 aiii
840 915 988 985 portaret,
1015 901 1259 968 christianum

17 991 205 1052 baiulantis.
249 991 357 1070 loseph
387 1000 418 1052 et
445 993 511 1071 ipsc
534 991 620 1054 Chri·
676 991 734 1052 iam
760 999 829 1050 tunc
854 989 1026 1062 denotabat,
1057 990 1087 1050 in
1112 979 1259 1052 victimam

15 1083 115 1136 'stum
139 1077 303 1156 figuratus,
327 1093 383 1137 nec
403 1076 462 1136 hoe
483 1075 549 1136 solo
573 1078 623 1146 (ne
674 1074 811 1136 concessi
826 1093 842 1133 a
858 1083 955 1152 patre,
981 1073 1092 1151 lignum
1107 1073 1259 1151 passionis

22 1161 179 1221 demorer
207 1167 341 1232 curarim)
370 1160 449 1236 quod
478 1177 622 1237 persecu·
674 1177 744 1221 suae
779 1157 947 1218 baiulantis.
995 1157 1105 1236 ioseph
1134 1163 1164 1216 et
1193 1157 1258 1235 ipse

22 1243 151 1304 tionem
174 1261 189 1304 a
212 1243 351 1304 iratribus
373 1261 483 1321 passus
506 1250 563 1314 est,
587 1243 622 1304 oi
674 1242 823 1304 Christum
834 1242 990 1321 figuravit,
1003 1241 1047 1302 vel
1062 1240 1119 1302 hoc
1133 1241 1258 1312 solo,ne

23 1327 104 1388 Dei·
115 1332 262 1406 pretinm,
286 1332 363 1388 sicut
390 1337 418 1389 et
443 1327 582 1390 Girr'rtus
605 1345 625 1387 o
677 1345 799 1388 cursam
815 1327 953 1387 demorer
967 1330 1040 1405 epse,
1056 1324 1135 1403 quod
1151 1342 1257 1402 perse-

24 1411 171 1485 ludeeis,
189 1411 356 1472 ecraoiited
371 1411 535 1489 fratribus,
557 1428 624 1470 enm
676 1411 824 1472 eudonem
839 1429 855 1469 a
870 1409 1010 1470 iratribus
1031 1425 1138 1486 passus
1161 1415 1218 1477 est,
1230 1420 1259 1471 et

23 1495 224 1556 benedicitur
239 1513 257 1555 o
270 1506 368 1574 petre,
392 1500 482 1558 etiem
505 1500 536 1555 in
552 1494 624 1554 inec
675 1496 906 1566 uenatadetum
923 1493 999 1557 iudo
1014 1493 1257 1572 quumtreditur.

24 1580 147 1649 veria,
177 1579 266 1640 Tauri
289 1578 379 1640 decor
401 1579 482 1648 eius,
512 1595 622 1638 cornua
675 1578 748 1639 Nam
769 1586 800 1638 et
818 1577 1001 1638 benedicitur
1021 1581 1052 1638 in
1075 1577 1146 1638 toea
1167 1576 1259 1637 uerte

1 1705 2 1712 κ
25 1663 201 1734 unicornis,
230 1681 341 1724 cornua
364 1662 427 1733 eius
450 1662 480 1722 in
502 1661 546 1722 eis
567 1679 622 1722 na·
675 1661 800 1741 ioseph:
831 1661 920 1722 Tauri
940 1661 1030 1722 decor
1051 1660 1126 1731 eius,
1147 1658 1258 1720 cornuti

1 1771 2 1798 t
27 1748 136 1808 tiones
164 1747 316 1808 ventilabit
341 1747 452 1826 pariter
479 1745 515 1806 ad
537 1763 621 1806 sum-
674 1745 825 1806 unicornis
840 1763 950 1806 cornera
966 1746 1040 1816 eius,
1055 1743 1087 1804 in
1103 1742 1255 1804 cisnetio-

1 1848 118 1892 :mum
148 1848 241 1909 usque
270 1839 375 1892 terrae.
426 1830 492 1890 Non
520 1829 622 1908 utique
674 1849 728 1892 nes
749 1829 900 1892 ventilabit
920 1829 1030 1907 pariter
1050 1828 1086 1888 ad
1107 1844 1257 1888 summum

1 1940 3 1960 ι
29 1915 214 1974 rhinoceros
237 1914 438 1976 destinabatur
459 1913 622 1985 unicornis,
674 1933 766 1992 usque
782 1923 886 1974 terrae.
920 1912 985 1972 Non
1001 1911 1101 1990 utique
1117 1909 1255 1971 rhinoce-

30 2017 92 2059 uec
108 1998 294 2060 minotaurus
309 1997 453 2070 bicornis,
469 1998 521 2058 sed
535 1996 621 2057 Cbri-
673 2017 725 2060 res
741 1997 941 2072 destinabatur
963 1996 1114 2057 unicornis
1136 1994 1184 2055 ecl
1198 1993 1256 2054 mi·

1 2131 3 2144 .
32 2089 105 2142 stus
118 2083 159 2142 -iu
182 2082 232 2143 ille
256 2083 487 2159 significabatur,
518 2091 622 2142 murus
674 2091 816 2142 notaurus
837 2081 984 2153 bicornis,
1001 2080 1053 2141 sed
1070 2078 1205 2140 Christus
1226 2077 1257 2138 in

31 2166 76 2226 ob
99 2175 254 2244 utramque
282 2165 523 2244 dispositionem,
556 2164 622 2226 aliis
674 2167 723 2228 illo
734 2165 970 2243 significabatur:
986 2173 1088 2224 murus
1097 2162 1134 2222 ob
1143 2170 1255 2222 utram-

1 2285 2 2312 1
31 2252 119 2312 ierus
144 2258 176 2310 ut
197 2249 293 2322 iudex,
316 2249 381 2312 aliis
403 2256 623 2311 mansuetus‘ut
673 2269 729 2330 que
742 2249 980 2328 dispositionem,
996 2247 1060 2308 aliis
1070 2247 1152 2306 ierus
1164 2252 1196 2304 ut
1207 2245 1254 2306 iu·

1 2362 3 2396 ι
32 2335 174 2396 salvator.
205 2334 294 2394 Cuius
309 2352 418 2396 cornua
434 2341 621 2395 essentcru-
673 2334 745 2406 dex,
772 2333 836 2394 aliis
863 2341 1035 2394 mansuetus
1059 2339 1094 2392 ut
1119 2328 1254 2390 salvator.

32 2419 80 2480 cis
103 2431 250 2481 extremo.
294 2417 367 2479 Nem
395 2427 425 2479 et
453 2419 483 2478 in
506 2428 623 2480 cntem-
673 2419 764 2480 Cuius
779 2437 889 2478 cornua
905 2425 1009 2476 essent
1022 2415 1118 2475 crucis
1134 2417 1254 2475 eratineo.
1305 2442 1309 2448 ·

32 2521 89 2572 ne,
111 2521 185 2580 aptiae
201 2502 296 2564 crucis
311 2521 381 2582 pars
397 2511 453 2574 est,
477 2506 622 2564 extremi·
672 2502 745 2563 Nam
761 2511 790 2564 et
804 2502 834 2562 in
849 2513 982 2563 antenna
996 2504 1084 2560 trecis
1100 2515 1173 2575 quae
1185 2515 1255 2558 cru·

34 2597 116 2649 tutes
139 2604 257 2648 cernue
279 2595 429 2648 vorantur.
465 2585 624 2646 Unicornis
673 2587 716 2648 cis
737 2605 806 2664 pars
827 2593 890 2655 est,
913 2601 1030 2646 cernuo
1050 2585 1256 2643 estrernitctes

35 2677 137 2732 autem
166 2669 262 2731 media
291 2670 401 2750 stipitis
423 2669 517 2748 palus.
561 2668 623 2729 Hac
674 2679 827 2730 vocantur.
870 2667 1028 2728 Unicornis
1046 2673 1143 2726 autem
1159 2663 1256 2722 media

35 2755 168 2832 denique
182 2755 288 2815 virtute
304 2755 401 2815 crucis
422 2765 452 2813 et
466 2753 524 2814 hoc
537 2769 622 2814 more
673 2753 792 2830 stipitis,
807 2753 900 2831 palus.
936 2750 997 2811 linc
1010 2749 1137 2826 denique
1151 2747 1257 2807 virtute

36 2847 181 2900 cornutus
203 2837 355 2898 universas
382 2844 485 2915 gentes
496 2844 532 2896 et
546 2853 627 2896 nuuc
676 2837 780 2908 crucis,
797 2845 827 2896 et
841 2835 898 2899 hoe
912 2853 996 2896 mere
1011 2837 1163 2900 cornutus,
1186 2829 1254 2889 uni-

34 2921 161 2982 ventilat
174 2941 228 3000 per
242 2921 340 2993 iidem,
362 2921 500 2982 aulerens
515 2939 531 2980 a
547 2927 625 2979 terra
676 2937 778 2980 versas
800 2927 903 2996 gentes
925 2927 955 2978 et
975 2935 1053 2977 nunc
1068 2913 1188 2975 ventilat
1202 2930 1256 2992 per

37 3007 73 3067 in
102 3005 212 3066 caelum
241 3013 271 3065 et
299 3013 370 3064 tunc
392 3023 452 3083 per
480 3003 625 3064 iudicium
677 3004 781 3076 iidem,
809 3003 944 3063 auferens
966 3008 1075 3060 eterra
1096 2997 1127 3058 in
1144 2995 1255 3057 caelum
1300 3015 1306 3026 “

36 3090 214 3161 ventilabit,
249 3087 390 3150 delicians
420 3088 456 3148 de
484 3088 565 3148 caelo
593 3086 624 3148 in
676 3096 704 3148 et
719 3096 789 3148 tunc
799 3085 956 3148 ventilabit
965 3103 1023 3164 per
1035 3084 1185 3151 iudcium,
1201 3080 1255 3139 de-

34 3185 157 3236 tersam.
201 3173 282 3234 idem
305 3173 361 3233 erit
382 3181 412 3234 et
433 3171 500 3232 alibi
523 3179 624 3232 taurtu
674 3171 778 3232 iieiens
801 3171 838 3230 de
861 3169 940 3230 caelo
963 3169 992 3228 in
1012 3176 1130 3250 terram.
1177 3163 1254 3234 idern
1285 3213 1288 3222 .

35 3259 116 3339 apud
139 3256 262 3319 candem
283 3255 470 3335 scripturam,
494 3273 560 3316 urm
575 3255 623 3315 ia·
675 3256 732 3316 erit
752 3263 782 3316 et
808 3253 875 3314 alibi
901 3261 1003 3313 taurus
1030 3250 1106 3331 apud
1133 3247 1256 3310 eandem

36 3342 97 3405 ceb
119 3342 149 3401 in
172 3339 341 3401 Simeonem
371 3349 400 3401 et
421 3339 503 3410 Levi,
526 3341 557 3400 id
578 3351 625 3402 ert
673 3339 859 3418 scripturam,
871 3355 936 3398 cum
950 3335 1034 3396 laceb
1046 3335 1075 3395 in
1087 3333 1256 3394 Simeonem

36 3433 73 3488 irc
96 3427 210 3488 semies
233 3437 260 3487 et
276 3424 466 3487 Pharisaeos.
499 3423 542 3484 En
564 3421 622 3484 illis
675 3433 705 3485 et
718 3423 790 3484 Levi
807 3425 953 3503 perctarit
973 3420 1202 3482 benedictionem
1223 3417 1257 3477 de

38 3509 118 3571 enim
155 3509 310 3570 deducitur
345 3527 452 3570 census
486 3508 621 3570 istorum.
674 3509 782 3572 scribis
811 3519 841 3568 et
870 3505 1043 3566 Plert'seeis
1077 3501 1255 3583 prophetas.
1303 3499 1307 3508 '

38 3593 230 3674 Spiritaliter
244 3599 477 3672 iuterpretatur,
500 3593 623 3654 Simeon
675 3593 716 3654 Ex
731 3591 788 3654 illis
804 3591 882 3652 enim
898 3588 1052 3650 deducitur
1067 3603 1173 3648 census
1187 3583 1256 3643 ilin-

40 3687 72 3740 et
86 3677 155 3738 Levi
169 3679 356 3754 perfecerunt
370 3677 564 3754 iniquitatem,
587 3695 623 3736 ex
673 3695 750 3747 rum,
774 3681 997 3753 interpretetur
1012 3673 1090 3732 enirn
1105 3665 1255 3746 spiritaii·

41 3780 97 3823 sua
118 3762 244 3829 amnesi,
268 3777 324 3836 qua
347 3759 459 3820 scilicet
474 3759 623 3820 Christum
675 3769 723 3821 ter
744 3763 816 3821 sie:¹
835 3756 957 3817 Simeon
979 3763 1009 3815 ct
1028 3752 1100 3813 Levi
1122 3751 1256 3829 pertene-

42 3851 114 3906 sunt
134 3843 290 3922 persecuti.
334 3842 367 3903 ln
390 3841 545 3902 concilium
568 3859 622 3900 co·
675 3850 744 3902 runt
759 3839 952 3918 iniquitatem,
975 3845 1257 3909 mensoremque

41 3944 106 3988 rum
133 3943 169 3984 nc
192 3924 304 3986 venerit
331 3925 427 3984 anima
454 3943 519 3986 mea
541 3923 624 3984 etin
674 3923 786 3986 saliret
814 3921 963 3987 Cluistum
993 3926 1064 3981 sunt
1096 3917 1257 3996 persecuti.

1 4067 2 4078 ,
43 4009 197 4072 stationem
231 4027 333 4068 eorum
367 4025 404 4068 ne
437 4005 625 4068 incubuerint
674 4007 708 4068 ln
724 4006 878 4068 concilium
894 4022 997 4066 eorum
1014 3997 1256 4063 neveneritani-

1 4085 2 4162 J
45 4095 139 4154 iecora
160 4111 240 4164 mea,
275 4111 344 4172 quae
365 4111 398 4153 nt
422 4091 623 4171 indignatione
673 4105 806 4152 mamea
829 4090 902 4151 etin
923 4087 1079 4148 stationem
1100 4100 1257 4144 eorumne

1 4175 2 4224 ἶ
45 4195 96 4239 sua
122 4177 333 4237 iuterfecerunt
350 4176 498 4248 homines,
525 4175 625 4237 idest
673 4173 860 4238 incubuerint
884 4174 982 4234 iecora
1007 4187 1089 4230 mea:
1118 4169 1257 4248 queniam

46 4262 211 4342 prophetas,
225 4267 255 4320 et
269 4260 299 4321 in
318 4259 556 4339 eoncupiscentia
570 4277 624 4320 sua
676 4257 877 4336 indignatione
900 4273 954 4315 sua
976 4254 1185 4314 interfecerunt
1200 4250 1257 4310 ho-

47 4346 231 4410 eoerideruut
252 4363 363 4407 nervos
386 4355 493 4419 tauro,
526 4343 554 4404 id
578 4350 627 4404 est
677 4343 781 4413 mines,
797 4341 827 4402 id
845 4348 891 4402 est
904 4337 1082 4418 prophetam
1098 4344 1128 4397 et
1142 4335 1256 4396 incon-

49 4431 163 4494 Clristo
185 4447 274 4508 quem
289 4437 360 4507 post
374 4447 476 4489 necem
491 4427 624 4506 prophe·
676 4424 856 4504 cupiscentia
877 4441 930 4485 sua
946 4423 1173 4483 subnerverunt
1188 4431 1259 4478 teu*

48 4523 136 4576 tarum
158 4513 329 4594 suffigendo
351 4529 463 4574 nervos
484 4516 547 4573 etita
564 4511 624 4572 eia-
676 4528 761 4583 mm,
787 4509 817 4570 id
833 4515 879 4569 est
895 4507 1061 4576 Christum,
1087 4520 1173 4583 quem
1189 4507 1260 4580 post

49 4599 92 4660 vis
113 4597 326 4662 desaevierunt
355 4596 493 4658 Ceterum
506 4613 625 4668 vanum,
675 4611 780 4658 necem
799 4591 1011 4674 prophetarum
1029 4589 1260 4668 iuterfecerunt.
