3166 5250
226 3815 231 3834 .
322 3785 390 3830 runa
412 3767 553 3840 varietas,
582 3785 725 3846 quaenam
746 3785 812 3829 eum
833 3767 955 3832 veritate
976 3777 1167 3848 congrueret,
1195 3777 1229 3830 ut
1250 3759 1486 3832 examinarentl

325 305 389 368 492
424 317 603 372 orsomsxrro
626 318 663 362 ne
684 317 758 360 vana
778 317 893 362 sarira
915 317 1001 363 carr.
1023 316 1219 362 monocsrrcx
1242 315 1428 362 rearuuunm

327 471 526 550 imponerem,
560 468 777 548 elegantissima
803 467 985 548 apologetici
1017 467 1094 530 iliius
1128 467 1235 540 editio,
1265 486 1352 548 quam
1379 469 1449 530 curis
1470 473 1507 534 viri

327 555 415 633 longe
444 553 645 626 emditissimi
663 553 792 632 mihique
819 553 849 614 in
871 553 975 632 primis
997 552 1082 615 amici
1104 551 1249 632 sigeberti
1271 549 1452 634 havercampi
1468 557 1506 618 de·

326 640 443 700 herous.
488 639 582 700 Tanto
618 657 682 700 eam
713 639 809 700 nitore
836 657 927 717 quum
955 637 1130 718 praeditam,
1163 646 1221 698 tam
1251 637 1329 698 varia
1358 638 1507 719 elegantique

328 723 493 786 eruditione
514 723 666 795 munitam,
692 731 751 784 tam
772 723 808 784 ab
830 723 911 784 unni
932 732 1015 802 parte
1035 721 1179 785 illustrem
1201 741 1235 784 ao
1256 719 1437 784 emendatam
1454 743 1505 785 con·

326 809 487 888 spicerem,
520 809 550 870 id
571 809 657 870 unice
679 808 777 868 statim
800 807 952 888 optabam,
976 815 1009 868 ut
1030 807 1135 869 eodeni
1157 806 1258 868 habitu
1279 826 1339 868 non
1361 807 1441 869 huius
1459 817 1504 870 lau·

325 902 404 966 tuna,
437 911 538 954 veruna
560 893 740 972 reliquorum
763 893 850 953 etiam
870 891 1007 966 Petrum,
1038 892 1173 972 potiores
1195 891 1350 971 prodirent
1369 891 1439 953 libri.
1474 894 1505 954 Sic

328 978 436 1040 etenim
464 977 643 1050 statuebam,
672 991 776 1056 magna
804 976 892 1038 taedii
913 977 990 1037 illius
1013 985 1112 1056 parte,
1140 977 1220 1055 quod
1242 995 1309 1038 cum
1329 976 1429 1038 litteris
1448 977 1504 1038 hiso

327 1063 515 1124 coniunctum
539 1071 594 1134 est,
616 1062 673 1124 hoo
694 1071 778 1141 pacto
800 1061 948 1135 abstersa,
971 1063 1036 1122 lore
1056 1069 1089 1123 ut
1109 1079 1170 1122 non
1192 1061 1318 1141 amplius
1336 1061 1448 1136 relictae
1465 1063 1503 1122 lere

327 1166 361 1212 ac
388 1147 478 1209 orbae
505 1167 522 1208 a
550 1146 711 1208 cultoribus
740 1147 924 1225 antiquitates
951 1164 1050 1208 sacrae
1076 1145 1287 1226 reperirentur.
1331 1131 1400 1206 Erat
1426 1153 1501 1208 unm

327 1233 405 1311 quod
427 1232 458 1292 in
478 1238 538 1293 tam
559 1232 673 1294 exculto
695 1249 785 1310 opere
808 1231 1016 1304 desiderarem,
1039 1231 1075 1292 de
1096 1238 1190 1292 aetate
1211 1229 1350 1292 nimirum
1365 1231 1501 1291 acrationi-

326 1316 383 1377 bus
406 1316 468 1378 eius
490 1316 666 1395 disquisitio.
709 1315 845 1377 Polliceri
873 1315 991 1395 quidem
1018 1314 1213 1395 intelligebam
1236 1314 1457 1378 eruditissimum
1473 1315 1500 1374 vi-

326 1420 408 1473 rum,
441 1420 475 1462 se
501 1401 532 1462 in
563 1401 788 1482 praeparatione
816 1399 936 1478 reliquis
958 1399 1130 1462 Tertulliani
1157 1399 1299 1461 adversus
1327 1407 1422 1479 gentes
1446 1399 1500 1460 libri

327 1485 540 1566 praemittenda
562 1485 631 1547 huie
652 1486 739 1547 etiam
762 1485 909 1546 desiderio
932 1484 1134 1546 consulturum
1157 1503 1234 1546 esse.
1279 1484 1341 1562 Ego
1363 1503 1441 1554 vero,
1460 1493 1499 1542 tan

326 1579 390 1632 tum
411 1571 503 1644 abest,
525 1578 558 1632 ut
579 1570 610 1631 in
631 1569 677 1632 his
698 1569 856 1650 promissis
878 1569 1110 1649 adquiescerem,
1131 1577 1164 1630 ut
1184 1569 1230 1632 vel
1252 1569 1289 1631 iis
1311 1568 1498 1648 instigarerpo

327 1655 396 1728 tius,
420 1673 478 1735 quo
501 1655 560 1716 hoc
580 1673 671 1716 onere
692 1673 759 1716 eum
780 1654 926 1716 levarem.¹
960 1655 1008 1716 Sic
1028 1655 1106 1716 enim
1129 1654 1271 1732 continuo
1293 1671 1418 1714 mecum:
1453 1651 1497 1711 iln-

327 1739 392 1800 vior
406 1740 462 1800 erit
476 1758 590 1812 eorum,
611 1758 686 1819 quae
700 1747 860 1820 comparat,
884 1738 1062 1818 expectatio,
1075 1739 1101 1800 ai
1116 1738 1226 1800 laboris
1242 1739 1274 1799 in
1289 1737 1385 1812 ahum,
1406 1735 1497 1816 quanti

326 1825 440 1903 exigua,
461 1823 600 1904 particula
623 1823 801 1886 devolvetur.
844 1823 965 1886 Pondus
993 1823 1040 1884 his
1063 1814 1411 1902 adiecit'oogitationihus
1431 1821 1496 1900 opud

318 1908 380 1970 niri
402 1909 577 1982 adhortatio,
599 1927 683 1988 quae,
706 1917 739 1970 ut
760 1927 804 1982 ea,
827 1927 901 1987 quae
922 1907 1052 1982 molirer,
1073 1909 1255 1988 perficerem,
1281 1914 1452 1970 cunctantem
1467 1903 1495 1963 al·

326 1993 384 2056 huo
404 1993 529 2074 impulit.
574 1993 652 2066 Quid
674 1991 796 2054 mmds‘l
828 1992 998 2071 Evestigio
1020 1991 1199 2072 posthabitis
1220 1993 1286 2054 aliis
1307 2009 1420 2054 manum
1438 1987 1494 2049 labori

328 2078 443 2140 admovi
464 2097 498 2140 ac
519 2079 598 2157 quod
619 2077 669 2138 hir.
689 2077 823 2150 exhibeo,
846 2077 876 2138 in
898 2077 1026 2139 chartam
1049 2076 1170 2140 conieci.

412 2163 507 2224 Tuum
529 2161 587 2224 iam
610 2163 666 2224 erit
687 2161 847 2240 dispicere,
882 2161 1052 2224 doctissime
1073 2161 1282 2241 Havercampi,
1316 2179 1385 2222 num
1404 2156 1462 2220 tanti
1476 2155 1493 2214 el

327 2245 421 2324 opella
443 2253 562 2317 nostra,
587 2253 621 2306 ut
640 2263 745 2306 novam
767 2245 912 2308 condendi
933 2246 1021 2308 huius
1043 2246 1160 2326 generis
1182 2245 1419 2308 dissertationem
1437 2243 1493 2332 nole

318 2329 383 2390 stia
410 2329 605 2409 supersedere
632 2347 734 2408 queas.
779 2329 913 2402 Quodsi
936 2331 1033 2392 minus
1053 2341 1153 2393 nostra
1175 2330 1242 2392 'libi
1262 2328 1432 2411 placuerint,
1458 2341 1492 2384 au·

326 2433 418 2488 mum,
436 2414 514 2492 scio,
536 2414 586 2492 qui
607 2414 718 2476 candor
739 2421 785 2476 est
806 2413 899 2487 Tuus,
921 2413 1073 2494 probabis.
1118 2416 1190 2488 Quis
1211 2434 1284 2477 vero
1307 2412 1375 2476 illel
1400 2421 1428 2472 ut
1445 2425 1513 2480 eous¹

326 2499 423 2560 modis
445 2499 606 2561 litterarum
628 2498 811 2572 inservirem,
834 2499 988 2560 historiam
1009 2499 1153 2562 malorum
1174 2500 1204 2560 in
1222 2499 1404 2562 Christianos
1423 2495 1491 2582 Seven

325 2585 456 2664 Augusto
485 2591 694 2662 congestorum
721 2584 896 2662 explicarem
915 2583 1030 2662 Teque,
1064 2585 1089 2645 si
1118 2585 1149 2646 id
1175 2584 1242 2645 addi
1268 2583 1396 2664 pateris,
1420 2575 1491 2667 adab

324 2667 501 2749 perficienda
531 2667 741 2747 expeditiorem
767 2668 855 2748 paulo
881 2667 1047 2730 redderem.
1091 2669 1136 2730 Sit
1163 2669 1192 2730 in
1221 2669 1343 2731 honxine
1369 2684 1423 2727 non
1440 2661 1491 2748 uiua

269 2777 274 2788 ‘
326 2753 442 2817 erudito
464 2752 653 2826 temerarius,
679 2752 823 2814 honestus
846 2761 943 2814 tamen
965 2763 1021 2814 est.
1064 2753 1107 2816 lle
1128 2753 1233 2816 litteris
1255 2773 1291 2816 ac
1312 2749 1490 2830 Tertullianus!

325 2839 423 2900 minus
450 2837 526 2899 hene
553 2837 706 2910 merebor,
734 2837 771 2898 de
792 2838 835 2900 Te
856 2845 954 2899 taxrmn
980 2837 1060 2899 nullo
1090 2839 1178 2900 modo
1206 2839 1283 2901 male
1304 2837 1419 2900 meritus
1436 2828 1490 2890 vilan

324 2941 458 3003 possum.
507 2923 616 3002 Vulgus
643 2921 782 2984 nimirum
810 2921 932 2984 consilia
960 2940 995 2983 ex
1031 2929 1153 2996 eventu,
1186 2922 1259 2985 boni
1289 2921 1342 2984 viri
1369 2937 1402 2982 ex
1425 2915 1489 2976 meru

326 3009 490 3070 aestimant.

410 3095 439 3170 ἦ.
462 3089 518 3164 ll.„
535 3090 788 3170 Circumspicienti
803 3075 896 3164 hrihi,
929 3099 962 3154 ut
983 3093 1027 3153 las
1050 3099 1128 3165 erat,
1156 3091 1207 3171 qui
1235 3091 1272 3153 de
1295 3091 1393 3154 eadem
1411 3101 1438 3146 rc
1453 3085 1490 3138 adt

316 3195 373 3238 ,mo
401 3174 507 3237 eruditi
535 3175 590 3236 viri
618 3175 800 3249 sensissent,
833 3175 869 3237 ah
897 3176 945 3238 his
971 3176 1090 3257 penitus
1117 3175 1267 3248 relictam,
1297 3177 1333 3237 ah
1355 3172 1407 3236 illis
1425 3175 1489 3252 partu

325 3260 427 3321 dextre
456 3267 588 3321 ornamm
614 3259 723 3342 inveni.
767 3260 933 3322 Generatim
962 3261 1166 3322 dissensiones
1194 3280 1228 3323 ac
1255 3245 1488 3323 sententiandi·

325 3344 535 3410 vortia.etiam
562 3343 610 3406 hio
636 3363 760 3424 regnare
787 3344 929 3406 videbam.
972 3345 1034 3406 ilici
1062 3345 1132 3425 quid
1160 3345 1347 3408 anonnullis
1368 3333 1489 3402 andelao:

324 3428 365 3490 ita
386 3447 466 3500 vero,
489 3437 523 3489 ut
543 3427 690 3491 rahonum
713 3429 965 3492 obliviscerentur.
994 3429 1167 3510 Diligentius
1189 3429 1263 3490 alios
1286 3431 1324 3493 ad
1345 3421 1488 3489 mindottl·

324 3513 406 3574 disse
427 3511 706 3587 animadvertebam,
735 3533 860 3594 quorum
889 3521 985 3576 tamen
1014 3513 1166 3598 oqnatihus
1191 3533 1252 3576 non
1272 3533 1327 3596 par
1346 3513 1448 3574 tortum
1461 3513 1488 3557 tt·

324 3597 494 3678 sponderat.
538 3597 684 3660 Plurimos
705 3598 802 3678 magni
831 3599 960 3662 nominis
987 3599 1067 3661 viros
1088 3599 1178 3662 duces
1198 3600 1299 3680 potius
1320 3593 1412 3676 sequi,
1437 3593 1488 3675 ‘ill'

323 3682 353 3744 in
376 3682 423 3744 his
446 3701 479 3744 se
499 3700 647 3745 macerare
669 3683 801 3745 numeris
822 3683 951 3746 voluisse
978 3684 1144 3747 cernebam.
1187 3683 1239 3746 vet
1271 3685 1342 3746 haec
1369 3673 1486 3741 sentetb·

323 3851 508 3915 commovit·
533 3851 674 3931 Equidem
703 3859 817 3914 tantum
843 3852 933 3926 lucis,
966 3861 1108 3933 quantum
1141 3853 1267 3916 intricati
1295 3845 1401 3930 negotii
1423 3841 1485 3934 ltili*

322 3937 482 4019 permittit,
516 3936 543 3999 ei
570 3936 726 3999 conciliare
747 3937 878 3998 conabor
898 3957 933 4000 ac
953 3937 1012 4000 duo
1035 3943 1193 4018 propterea
1214 3937 1383 4019 opinionum
1401 3925 1485 4008 pnnut

322 4041 429 4101 genera
458 4021 645 4108 constiteram.
689 4021 854 4084 Saecularis
875 4041 970 4084 annus
991 4022 1046 4085 CC.
1068 4023 1212 4084 terminus
1234 4030 1314 4096 esto,
1346 4013 1391 4098 qui
1411 4013 1484 4070 ΠΜ

322 4125 380 4185 que
402 4106 559 4187 disiungat.
600 4105 732 4168 Alterum
753 4105 851 4187 itaque
872 4125 977 4170 eorum
998 4107 1064 4181 erit,
1096 4109 1146 4187 qui
1168 4115 1237 4169 ante
1257 4108 1335 4172 hunc
1354 4084 1486 4177 ιιιιιιιῦῑέιι

322 4208 358 4252 eo
380 4190 446 4270 ipso
469 4191 536 4253 libri
556 4191 653 4253 nostri
675 4191 786 4254 natales
808 4199 963 4272 quaerunt.
1002 4192 1133 4254 Alterum
1154 4192 1271 4268 horum,
1294 4162 1484 4306 qubelllfflfl

323 4274 524 4338 ducentesimo
553 4293 630 4340 anno
658 4295 725 4340 eum
753 4277 956 4356 consignatum
979 4295 1047 4340 esse
1067 4287 1199 4340 censent.
1242 4277 1285 4340 ile
1304 4272 1412 4338 uduo,
1438 4267 1475 4338 ll.

321 4375 411 4438 quum
431 4358 548 4440 longius
569 4379 586 4422 a
606 4361 729 4424 veritate
750 4361 847 4434 abest,
870 4370 933 4426 tum
954 4361 1068 4426 lacibus
1090 4365 1265 4438 contutatur,
1286 4355 1373 4444 priori
1391 4329 1484 4433 ¹⁰⁰⁰}b

321 4461 395 4506 cam.
437 4443 541 4518 Prius,
563 4445 645 4509 ouius
667 4447 799 4508 rationes
821 4445 963 4509 maiorem
984 4447 1133 4527 postulant
1153 4447 1326 4510 industriam
1346 4458 1377 4506 ao
1396 4448 1425 4496 0¹
1440 4407 1497 4500 ¹9⁵¹*l

320 4527 464 4618 historiae
485 4530 600 4594 arcanis
622 4531 810 4596 excutiendae
832 4539 918 4608 sunt,
939 4532 1100 4612 posteriori
1121 4531 1289 4598 reservabo.
1495 4539 1496 4599 l
