3078 5248
447 391 582 436 lucrosa
603 393 645 436 ro.
667 395 734 437 aue.
757 393 921 438 nonsscur.
1228 384 1288 446 561

62 539 200 600 Severus
230 539 355 600 edictum
386 540 423 602 do
450 540 593 620 religione
616 542 852 604 Christianorum
879 561 940 606 nan
968 545 1137 624 recipienda
1164 547 1291 611 tulisset.

59 623 172 684 Restat
193 623 283 701 igitur
304 624 438 696 alterum,
469 626 548 704 quod
571 625 708 698 diximus,
737 625 967 688 celebrationum
990 646 1093 707 genus,
1122 632 1201 708 quod
1223 641 1294 710 post
1320 687 1323 692 .

59 706 170 768 Severi
199 726 235 768 ex
264 707 354 768 Gallia
381 709 507 770 reditum
536 709 667 770 extitisse
694 710 883 788 perspicuum
913 719 968 774 est.
1014 712 1104 774 Cuius
1128 717 1291 777 sententiae
1411 741 1416 752 ·

58 809 178 851 riorum
216 791 333 870 aliquod
362 800 576 872 argumentum.
605 811 661 854 nea
687 793 765 854 istud
793 795 928 872 prolecto
957 798 1203 858 coutenmendum
1231 801 1291 878 peti
1337 829 1342 836 ·

55 883 295 952 potestesse,
318 876 396 954 quod
420 876 619 937 Tertullianus
642 877 711 946 isto,
741 895 799 955 quo
821 877 928 940 librum
950 879 1030 940 huuc
1052 881 1182 960 scripsit,
1212 893 1289 944 tem-

57 977 142 1036 pore
172 959 329 1037 astrologis
357 978 453 1038 nuper
478 961 647 1032 admodum,
666 961 768 1022 urbem
799 969 829 1021 et
860 962 972 1023 italiam
1005 962 1188 1026 interdictam
1222 986 1290 1029 esse

58 1052 282 1104 commemorat
309 1046 385 1121 (cap.
408 1046 461 1119 9.).
507 1045 594 1117 Quod
623 1045 741 1124 quando
769 1045 809 1106 sit
836 1047 952 1118 lactum,
983 1065 1019 1108 ex
1047 1048 1202 1127 Spartianb
1229 1070 1290 1112 uon

56 1126 166 1188 minus
188 1126 304 1188 discere
324 1126 403 1198 licet,
425 1147 512 1206 quam
535 1147 570 1190 ex
592 1128 659 1208 ipso
682 1128 873 1190 Tertulliano.
916 1131 1033 1192 Primus
1056 1133 1210 1194 audiamus
1232 1153 1289 1195 nn-

57 1218 162 1270 strum
191 1209 443 1290 (epilogasse
467 1213 710 1291 sansana:
752 1213 814 1286 Qui
839 1232 929 1284 nune,
959 1215 1063 1294 inquit,
1094 1218 1291 1280 scelestarum

52 1298 202 1372 partium
230 1299 307 1356 socii
326 1307 378 1357 aut
396 1296 561 1375 plausores
583 1299 713 1378 quotidie
735 1298 922 1368 revelantur,
945 1331 986 1344 -
1011 1333 1048 1342 -
1073 1320 1160 1380 quam
1183 1321 1290 1364 recen-

56 1383 192 1440 tissimis
215 1377 330 1440 laureis
348 1390 450 1460 postes
469 1380 735 1461 praestruebant?
757 1401 845 1461 want
866 1383 1038 1446 elatissimis
1061 1396 1089 1446 et
1113 1385 1290 1448 clarissimis

57 1461 201 1524 lucensis
223 1463 373 1525 uestibulo
394 1463 597 1528 enubilabant?
618 1497 661 1508 -
682 1498 722 1510 —
743 1485 807 1527 non
829 1479 864 1528 ut
884 1470 994 1546 paudia
1012 1468 1135 1547 publiea
1159 1469 1291 1531 celebra-

56 1559 145 1616 rent,
168 1548 221 1608 sad
241 1557 278 1608 nt
298 1560 369 1610 vata
389 1553 519 1628 propria
541 1553 601 1610 iam
623 1552 773 1611 edicerent
794 1553 827 1610 in
848 1551 949 1612 aliena
970 1552 1170 1615 sollemnitate
1192 1587 1232 1598 -·
1249 1585 1289 1596 -

5 1665 7 1680 .
56 1649 175 1692 nomen
200 1634 351 1711 principis
373 1636 404 1692 in
426 1634 516 1696 corde
537 1645 695 1695 mutantes.
741 1635 850 1694 Eadem
873 1635 976 1714 officia
998 1637 1167 1714 dependunt
1189 1647 1217 1698 et
1240 1642 1292 1716 qui

5 1749 7 1786 q
57 1715 238 1794 astroloqos
261 1727 290 1776 et
311 1720 468 1795 aruspices
491 1727 519 1778 et
541 1737 673 1795 cuperes
695 1729 725 1779 et
746 1737 845 1796 mopos
869 1721 903 1781 de
920 1720 1082 1798 Caesarum
1104 1725 1199 1799 eapite
1217 1739 1289 1780 cou-

5 1841 7 1872 ,
54 1802 127 1878 pite
150 1798 335 1861 consultant.
366 1799 423 1860 Sed
447 1800 478 1860 in
500 1801 558 1861 hnc
579 1801 759 1880 apologetici
780 1802 846 1863 loco
868 1803 941 1864 haec
961 1803 1058 1883 gaudii
1081 1803 1189 1881 publici
1205 1802 1289 1880 signa

5 1919 7 1956 ,
59 1881 144 1942 edita
177 1881 246 1942 alim
274 1883 464 1945 acceleratis
487 1885 580 1946 luisse
603 1885 801 1946 Terudlianus
825 1885 903 1959 dicit,
936 1905 1010 1965 quae
1033 1887 1063 1946 in
1085 1886 1161 1946 libro
1184 1897 1288 1948 nostro

5 2005 7 2044 ,
58 1983 147 2026 nunc
174 1965 238 2025 fieri
266 1967 437 2050 planissime
464 1967 583 2030 indicat.
627 1969 682 2030 Est
710 1970 799 2048 igitur
827 1970 883 2031 iste
912 1971 948 2030 de
978 1968 1144 2030 idololatria
1171 1969 1288 2030 libellus

5 2091 9 2130 ,
59 2059 135 2110 ante
156 2049 376 2129 Apolageticum
400 2051 529 2130 scriptus
551 2053 684 2131 adeoque
706 2061 773 2114 ante
795 2054 911 2116 initium
932 2071 958 2114 a.
982 2051 1114 2124 uxctx,
1132 2062 1163 2112 ut
1184 2062 1287 2130 postea

58 2133 228 2211 apparebit
271 2135 334 2212 Ego
356 2153 427 2195 vera
448 2136 526 2196 haud
548 2136 648 2215 inepte
671 2137 815 2215 suspicari
838 2138 941 2197 ridear
962 2134 1044 2206 mibi,
1068 2135 1170 2214 pulsos
1193 2137 1286 2198 Roma

5 2260 10 2278 .
57 2217 204 2296 italiaque
226 2218 391 2296 astrologos
414 2226 475 2280 tum
497 2220 600 2293 luisse,
629 2240 694 2282 cum
718 2241 734 2282 a
756 2220 856 2282 multis
879 2221 915 2281 de
937 2219 1030 2280 salute
1053 2219 1187 2280 Caesaris
1210 2219 1286 2282 iuis·

5 2347 7 2360 .
58 2310 132 2362 sent
155 2302 290 2362 consulti.
333 2304 428 2381 Atque
449 2302 490 2375 hi,
513 2305 562 2382 qui
586 2305 642 2365 tale
664 2305 733 2382 quid
755 2303 896 2364 sciscitati
917 2313 1001 2364 erant
1023 2322 1058 2363 ex
1080 2305 1183 2383 magis,
1206 2305 1286 2383 capi-

6 2439 7 2456 ,
60 2386 102 2445 tis
128 2386 349 2446 damnabantun
370 2406 405 2446 eo
429 2396 562 2466 tempore
584 2389 656 2462 iere,
685 2407 744 2467 quo
768 2389 896 2450 Severus
918 2387 1159 2466 proficiscebatur
1181 2391 1286 2448 ariver-

5 2519 9 2544 ,
59 2487 117 2530 sus
151 2469 277 2530 Parthos
310 2471 339 2530 h.
362 2490 389 2531 e.
423 2489 449 2532 a.
473 2471 619 2533 cxcvttt.
672 2472 758 2544 Quod
792 2471 962 2549 intelligitur
995 2490 1029 2531 ex
1061 2471 1127 2531 loco
1159 2473 1284 2548 quodam

5 2551 7 2556 '
31 2553 212 2632 sSpartiarti
234 2553 278 2622 lin
299 2553 355 2614 Vit.
380 2554 447 2615 Ser.
471 2574 496 2616 c.
516 2560 587 2631 ts),
611 2559 717 2634 quemi
733 2557 870 2634 quoniam
893 2573 954 2616 oon
978 2555 1050 2616 satis
1073 2563 1119 2616 est
1142 2575 1285 2616 excussus

5 2689 10 2728 ἶ
57 2638 97 2698 ab
123 2636 201 2708 aliis,
223 2637 271 2698 hia
294 2637 433 2699 subiiciat
456 2637 616 2720 Postquam
631 2639 763 2701 Severus
779 2639 955 2700 Partbiaum
977 2639 1086 2700 bellum
1101 2650 1286 2718 susceperat,

6 2781 9 2794 ,
57 2725 191 2784 traiecto
213 2727 346 2784 erercitu
369 2723 578 2793 aBrundisio,
602 2727 777 2786 continuata
799 2727 906 2784 itinere
929 2726 1009 2785 venit
1026 2727 1057 2782 in
1072 2723 1192 2799 Syriam
1208 2721 1287 2782 Par-

6 2807 10 2882 ,
58 2807 189 2885 ibasque
211 2807 370 2868 scalmooit.
401 2806 461 2867 Sed
479 2818 587 2885 postea
609 2811 641 2890 in
664 2807 784 2884 Syriam
807 2808 896 2868 rediit
918 2810 971 2876 ita,
993 2816 1027 2866 ut
1049 2825 1081 2866 se
1100 2815 1229 2882 pararet
1252 2823 1288 2866 aa

6 2889 8 2930 f
58 2890 174 2951 bellum
197 2887 321 2950 Partbis
343 2891 484 2969 inferret.
516 2889 602 2950 Inter
626 2890 696 2951 baec
714 2890 932 2951 Pescennianas
955 2889 1108 2968 reliquias,
1124 2887 1287 2949 Plautiano

58 2985 198 3042 auctore,
218 2975 467 3053 persequebatur.
483 3005 522 3016 -—
535 3006 576 3018 -
593 2973 706 3035 Mitltos
729 2979 816 3034 etiam
839 2977 927 3052 quasi
942 2972 1105 3034 Chaldaeos
1129 2983 1183 3032 aut
1202 2983 1286 3032 uates

6 3115 8 3138 ,
59 3059 95 3118 de
120 3077 180 3120 suo
195 3057 293 3119 solute
310 3058 541 3129 consuluissent,
565 3063 724 3128 interemit,
745 3063 908 3136 praecipue
921 3067 1075 3136 suspectos
1091 3075 1286 3134 unumqueme

6 3139 7 3142 ’
58 3162 117 3222 que
152 3143 292 3202 idoneum
325 3146 459 3220 irnperio.
509 3141 603 3202 istum
636 3141 734 3202 locum
767 3141 792 3202 si
820 3142 1006 3202 conseramus
1029 3158 1094 3200 cum
1118 3159 1165 3210 eo,
1198 3157 1286 3217 quem

6 3289 9 3312 ,
58 3225 155 3286 modo
186 3244 221 3286 ex
243 3224 425 3286 Tertulliano
454 3225 656 3298 recitavimus,
684 3233 806 3304 apparet
828 3232 983 3302 utrumque
1006 3223 1192 3302 scriptorem,
1220 3241 1286 3283 cum

56 3311 201 3388 loquatur
233 3310 270 3370 de
301 3307 434 3387 reliquiis
467 3309 703 3370 adversariorum
727 3309 827 3372 Severi
859 3307 1040 3388 perquisitis,
1073 3308 1171 3386 ipsum
1199 3307 1289 3368 etiam

58 3401 280 3472 tempus-quo
310 3393 368 3454 ista
396 3393 581 3472 contigerint,
613 3393 751 3466 definire3
780 3393 858 3472 quod
887 3412 974 3454 secus
1003 3401 1048 3454 est
1069 3391 1099 3454 iu
1122 3389 1285 3452 enarrando

6 3543 10 3566 h
57 3478 156 3538 altero
186 3477 223 3536 de
251 3476 389 3538 adhibitis
418 3477 448 3537 in
477 3479 634 3540 eonsilium
656 3477 823 3556 astrologis.
868 3477 926 3539 Sed
948 3476 1193 3556 quemadmodum
1216 3473 1285 3533 illud

7 3571 8 3578 ’
58 3562 150 3622 nobis
175 3560 225 3621 dat
250 3560 327 3621 viam
355 3571 462 3622 eertum
485 3562 653 3624 inveniendi
674 3580 773 3624 reram
795 3570 920 3624 aetatem
941 3560 1139 3640 Apologetici,
1167 3557 1206 3616 ita
1228 3557 1287 3614 hoc

7 3709 10 3726 ,
58 3645 182 3724 quidem
198 3663 254 3706 nos
271 3645 366 3717 docet,
383 3665 446 3718 eos,
469 3645 520 3724 qui
536 3665 637 3722 magos
653 3647 690 3708 dc
705 3648 800 3708 salute
816 3646 951 3707 Caesaris
966 3641 1146 3724 percunctati
1160 3640 1286 3707 fererant,

7 3729 9 3808 j
59 3731 125 3790 iere
148 3729 253 3789 eodem
275 3736 409 3808 tempore
431 3729 522 3790 luisse
545 3729 710 3802 extinctos3
731 3749 768 3790 ex
789 3749 848 3808 quo
865 3729 961 3790 saltim
977 3724 1146 3814 intelligitur
1161 3721 1190 3780 id
1206 3719 1285 3796 quod

7 3815 11 3832 ³
59 3813 244 3884 volebamus,
273 3821 378 3873 nostro
405 3813 434 3872 in
462 3811 540 3873 libro
562 3813 777 3874 Tertulliuuum
807 3813 844 3873 de
866 3813 958 3874 altero
981 3808 1208 3898 celebrationum
1231 3820 1284 3880 ge-

7 3879 10 3918 ¹
59 3915 136 3957 nere
166 3897 222 3957 sub
244 3897 355 3958 Severo
383 3896 473 3958 luisse
500 3897 640 3958 locutum.
686 3897 878 3974 Quamquam,
907 3895 932 3956 si
961 3893 1084 3952 velimus
1113 3895 1200 3946 istam
1222 3903 1285 3946 rem

7 3963 11 4004 ⁸
62 3997 209 4058 quaerere
231 3980 368 4042 subtilius
391 3988 422 4040 et
442 3980 581 4041 adhibere
603 3980 709 4058 legem,
740 3998 776 4039 ex
798 3997 853 4057 qua
877 3977 1008 4038 ordinem
1032 3972 1061 4032 in
1083 3969 1173 4029 rebus
1195 3968 1286 4063 gestis

7 4047 11 4104 l
61 4063 222 4126 narrandis
243 4083 259 4124 a
282 4064 441 4142 Spartiano
463 4064 638 4143 plerumque
660 4064 847 4124 observatum
868 4056 1054 4120 iudicandum
1077 4071 1143 4113 esse
1167 4071 1284 4130 experr-

7 4133 11 4232 ξ
62 4157 166 4209 mento
190 4148 346 4210 didicimus
369 4151 468 4226 (quam
490 4148 610 4227 longum
632 4157 677 4209 est
699 4147 747 4208 hic
769 4141 942 4234 luculentius
967 4141 1144 4232 exponere),
1172 4153 1284 4230 cogno-

7 4233 11 4258 '
64 4249 150 4294 scere
172 4232 282 4303 licebit,
305 4230 383 4310 quod
405 4231 460 4292 ista
483 4231 624 4311 supplicia
647 4247 748 4292 eorum
771 4226 821 4302 qui
842 4243 935 4301 magis
958 4241 1004 4284 usi
1026 4229 1104 4290 sunt,
1127 4219 1283 4313 adintelli-

7 4305 11 4344 ¹
63 4316 159 4394 genda
181 4315 298 4394 imperii
320 4313 420 4376 Severi
442 4316 510 4388 lata,
533 4333 594 4376 non
615 4309 783 4375 necessario
806 4307 974 4387 posteriora
988 4303 1122 4364 babendo
1137 4311 1198 4364 stat
1211 4321 1285 4381 sup-

7 4385 11 4428 ¹
62 4399 161 4477 pliciis
185 4398 356 4461 constitutis
383 4397 414 4458 in
436 4399 547 4460 amicos
569 4395 651 4475 Nigri
673 4391 860 4472 superstites.
905 4390 1006 4485 ltaque
1028 4387 1188 4482 cumnlraec·
1208 4386 1284 4446 exti-

62 4485 156 4546 terint
176 4503 202 4545 a.
217 4482 352 4554 cxcix,
372 4488 407 4541 ut
426 4481 557 4544 dicemus
578 4499 633 4542 suo
655 4480 732 4548 loco,
755 4475 803 4536 illa
824 4473 902 4534 haud
923 4481 1021 4552 mepte
1043 4472 1189 4550 adsignari
1211 4487 1285 4548 pos-

8 4605 9 4640 ,
65 4577 137 4630 sunt
169 4586 249 4630 anno
280 4564 478 4645 praecedenti.
522 4564 604 4636 Quae
636 4580 703 4624 cum
735 4559 775 4622 ita
808 4557 876 4632 sint,
909 4563 990 4637 patet
1021 4555 1055 4617 ad
1089 4575 1114 4618 a.
1138 4553 1285 4616 cxcvut

97 4669 257 4715 resinatum
269 4681 321 4714 ore.
334 4680 371 4712 sn.
388 4679 487 4712 oanan.
514 4667 577 4712 Toni.
589 4666 627 4712 lll.
1049 4655 1081 4706 36
