3166 5250
519 365 652 410 aucroue
674 365 733 410 ure.
755 367 793 410 na
814 355 941 414 nonme.
1274 353 1342 420 487.

275 515 456 598 Gomampsr'
475 515 632 600 canasque
652 517 748 582 moine
770 527 799 580 et
820 517 921 580 tiaras
943 537 1085 594 aceruum

271 621 276 692 ¹.
339 602 507 666 Decrevere
527 621 640 686 propes,
662 603 732 666 duaa
755 602 833 666 rudit
853 622 933 684 uuna
951 603 1106 686 [repuens.

731 685 864 762 (Mentiri.
884 687 936 750 lib.
959 689 1018 752 Vll.
1040 687 1186 768 Epigram.
1209 691 1273 768 53.)
1403 741 1408 752 .

120 791 182 854 Sed
203 789 276 851 haec
296 783 489 868 proculdubio
510 787 644 868 poeticae
665 789 904 869 exaggerationes
927 799 1007 864 suna
1029 799 1060 852 et
1072 791 1211 854 Martialis
1232 792 1273 856 ibi
1287 793 1339 856 lo·

11 927 12 932 ,
122 877 223 958 quitur
250 874 286 935 da
314 871 499 936 somniorum
520 872 772 953 interpretatione.
817 875 893 948 Quis
914 893 985 937 vero
1006 875 1120 938 neseiat
1140 895 1194 938 eos
1215 877 1266 956 qui
1286 880 1338 942 lu-

121 971 188 1024 tura
210 958 288 1020 scire
308 966 338 1019 et
359 959 484 1019 maxime
505 957 602 1037 cupita
624 957 757 1020 obtinere
779 958 881 1021 volunt
901 959 988 1022 nullis
1009 978 1130 1040 parcere
1145 961 1337 1042 sumptibus?

10 1067 12 1104 t
120 1045 224 1125 Neque
256 1042 355 1104 minus
387 1051 498 1106 certum
526 1050 557 1103 et
584 1041 665 1105 solos
693 1043 798 1104 divites
830 1043 945 1124 hosque
976 1045 1173 1124 paucissimos
1196 1046 1253 1109 diis
1273 1048 1338 1111 suis

10 1153 12 1172 =
120 1139 173 1192 aut
192 1127 318 1210 plurima
338 1135 390 1188 aut
409 1126 693 1207 pretiosiora-thura
714 1128 888 1202 adolevisse,
909 1129 963 1191 sed
985 1137 1046 1192 tum
1066 1129 1185 1210 quidem
1200 1150 1265 1192 cum
1280 1131 1337 1194 ali-

120 1233 179 1295 qua
200 1211 410 1294 premebantur
430 1212 620 1284 necessitate,
639 1221 690 1275 aut
711 1221 744 1274 ut
763 1213 859 1275 inanis
882 1213 1021 1293 gloriolae
1042 1215 1228 1278 rumusculos
1243 1235 1336 1278 anon-

10 1323 12 1360 i
120 1307 273 1381 parentur.
303 1296 398 1359 Ceteri
419 1305 517 1358 autem
538 1296 671 1376 plerique
693 1316 797 1360 omnes
820 1298 874 1360 tria
896 1308 947 1360 ant
967 1307 1092 1379 quatuor
1113 1300 1221 1362 dabant
1240 1301 1337 1364 thuris

9 1409 12 1446 i
120 1403 212 1464 mana
234 1391 264 1444 et
285 1383 371 1453 dues,
392 1381 468 1444 sieut
488 1379 569 1444 addit
582 1381 791 1456 Tertullianus,
812 1387 891 1444 mera·
909 1394 1010 1463 gattos
1026 1385 1208 1457 (Tertulliao.
1223 1385 1336 1466 Apolo-

9 1475 13 1532 ἐ
120 1479 180 1549 get.
204 1486 266 1548 cap.
290 1468 367 1544 dd),
395 1467 453 1528 hoc
479 1474 527 1528 est
552 1484 639 1545 quam
666 1467 761 1528 thuris
782 1467 892 1528 etvini
913 1468 1234 1548 poterautminimum.
1276 1471 1337 1534 Sed

9 1583 13 1616 t
119 1573 181 1634 qno
204 1551 293 1615 animi
316 1569 417 1624 sensu,
440 1550 535 1613 disces
558 1551 605 1612 his
629 1551 725 1614 Ovidii
746 1550 881 1613 versibus
903 1553 940 1614 da
961 1571 1020 1615 ann
1042 1553 1237 1616 sacrificante:

277 1635 350 1698 Viae
371 1654 485 1720 paoem
504 1635 644 1709 rueretur,
666 1639 733 1700 uiri
752 1637 944 1718 quodcunque
965 1637 1102 1701 relictura
1124 1652 1177 1710 eat,

339 1723 399 1784 Ant
419 1726 488 1804 ipse
507 1732 562 1783 uait
585 1726 714 1793 comites,
734 1721 928 1801 placatumea
949 1727 1019 1804 ipae
1039 1723 1122 1786 orto.

274 1805 427 1878 „Hostiles
449 1805 567 1885 liupana
588 1810 764 1887 inimicoque
784 1810 936 1870 vincirem
959 1815 1045 1879 ore,“

338 1891 425 1954 llicit
447 1891 608 1962 discedens,
631 1891 772 1974 edn'apae
792 1895 856 1953 emit
874 1909 963 1953 uana.

753 1975 851 2050 (ovid.
873 1975 924 2038 lib.
945 1975 996 2037 lll.
1018 1975 1133 2038 Fastnr.
1157 1979 1186 2054 ι
1211 1980 1273 2055 15.)

121 2077 235 2139 Eodem
261 2076 345 2157 plane
373 2075 509 2138 avaritiae
535 2075 605 2136 vitio
634 2076 742 2138 ethnici
763 2077 953 2139 immolabant
973 2077 1096 2151 hostias,
1129 2095 1190 2139 non
1211 2079 1337 2158 pingues

7 2207 12 2222 .
121 2163 255 2244 prolecto
276 2168 327 2223 aut
348 2161 471 2223 selectas
493 2169 543 2222 aut
563 2161 702 2240 integras,
726 2161 780 2223 sed
802 2165 985 2244 sanguinem,
1013 2162 1259 2242 quemadmodum
1281 2163 1335 2224 ad·
1416 2181 1425 2202 =

121 2249 181 2308 huc
202 2247 242 2308 ait
263 2246 468 2318 Tertullianus,
491 2245 616 2326 reprobi
636 2247 718 2311 bouis
738 2251 820 2309 mori
839 2251 972 2327 optentis
994 2246 1336 2323 (Tertulliandococitd.

121 2332 159 2393 Aa
186 2330 304 2411 quidam
333 2330 515 2392 delicatiores
544 2329 635 2391 critici
662 2331 803 2410 scriptum
831 2329 872 2392 ibi
893 2331 999 2392 vellent
1019 2349 1080 2390 non
1103 2332 1186 2394 donia
1207 2330 1336 2412 quidem,

121 2417 177 2478 sed
199 2416 335 2487 laminis,
358 2416 407 2494 qui
429 2414 511 2476 solus
533 2423 660 2477 mortem
682 2423 785 2498 optare
806 2423 915 2494 potest.
959 2415 1067 2476 Verum
1089 2415 1161 2477 haec
1182 2433 1264 2477 mera
1285 2435 1335 2476 ea-

121 2501 231 2564 villatio
266 2509 311 2561 est
342 2510 442 2560 contra
473 2515 658 2560 communem
692 2499 825 2560 codicum
858 2499 990 2560 omnium
1021 2517 1210 2562 eonsensum.
1261 2499 1335 2573 Quis

6 2585 10 2614 ²
122 2604 249 2665 namque
277 2603 337 2645 non
363 2584 441 2646 videt
467 2583 581 2658 illuda
603 2583 782 2645 Tertulliano
809 2593 912 2644 nostro
943 2583 1141 2664 metaphorica
1169 2584 1277 2646 dietum
1295 2585 1338 2646 'da

6 2655 10 2682 ¹
121 2672 208 2744 hove,
231 2670 326 2741 senio,
349 2669 440 2730 macie
463 2677 493 2729 et
513 2667 579 2729 tabe
600 2667 639 2729 ita
661 2670 804 2740 contecto,
827 2676 860 2728 ut
880 2674 1016 2740 mortem,
1040 2669 1065 2730 si
1087 2669 1127 2730 ita
1147 2676 1252 2748 posset
1263 2669 1336 2743 lieri,
1383 2658 1385 2666 '

120 2757 198 2817 ritae
219 2751 405 2836 praeterret?
445 2752 646 2826 ,Quamobrem
674 2753 738 2831 ipse
760 2751 855 2813 adhue
876 2751 1074 2814 Tertullianus
1096 2752 1230 2813 ethnicos
1252 2761 1337 2813 antea

6 2895 7 2898 ,
120 2841 170 2903 his
192 2839 292 2902 verbis
315 2838 553 2919 compellaverat:
575 2837 686 2898 Enectn
708 2848 735 2898 et
752 2837 868 2900 tediosa
880 2841 912 2898 'et
927 2837 1061 2899 acediosa
1076 2853 1207 2918 anemae
1221 2846 1338 2898 macru-

6 2915 7 2952 *
123 2932 163 2988 tia
189 2969 345 3000 .......
374 2942 448 3005 puae
470 2923 552 2986 domi
571 2939 685 3002 puoproe
705 2925 820 3000 pueris,
851 2920 912 2982 sire
934 2921 1040 2993 servis,
1069 2920 1118 2982 cel
1140 2919 1261 2982 caridus
1284 2921 1335 2982 de-

6 3015 7 3036 ¹
123 3014 291 3072 stincasctta
314 3006 495 3084 (Tertullian.
508 3005 659 3085 Apologet.
682 3023 744 3084 cap.
760 3009 809 3067 14.
833 3011 862 3065 et
882 3003 933 3065 lib.
946 3004 969 3066 l.
992 3005 1027 3064 ed
1048 3003 1164 3064 Notion.
1188 3007 1335 3084 capiti).

6 3099 8 3108 ’
50 3100 53 3106 “
124 3095 246 3156 Hostias
275 3101 370 3155 tamen
392 3092 529 3172 integras,
558 3091 683 3170 optimas
706 3098 735 3151 et
756 3089 878 3150 decoras
900 3087 957 3148 diis
981 3089 1043 3150 suis
1066 3097 1191 3150 mactare
1212 3088 1267 3149 hac
1287 3097 1334 3150 te-

6 3185 7 3194 ’
124 3177 269 3242 nebantnr
289 3177 368 3264 lege,
385 3195 472 3256 quam
494 3175 596 3236 Cicero
619 3174 740 3235 totidem
763 3173 843 3235 liisce
858 3172 957 3234 retulit
971 3173 1083 3234 verbis:
1110 3173 1194 3246 erue
1234 3191 1249 3234 e
1271 3175 1337 3236 erec·-

124 3282 183 3344 que
203 3265 270 3325 dico
292 3265 417 3325 decorae
438 3263 682 3342 procucurrerint
705 3259 826 3329 hostiae,
847 3260 1028 3340 procidente
1051 3257 1155 3332 (Cicer.
1178 3257 1197 3317 li
1221 3257 1276 3318 .ll⁴
1299 3258 1337 3319 de

59 3395 63 3412 .
123 3347 226 3426 Legih.
248 3365 276 3426 p.
300 3349 371 3412 334.
393 3346 444 3407 lin.
467 3347 541 3422 td).
585 3343 644 3405 Eae
665 3355 773 3416 antem,
795 3342 1039 3423 quemadmodum
1062 3341 1220 3415 Vincendus,
1241 3341 1337 3404 aMa·

125 3432 226 3494 crobio
249 3431 364 3505 citatus,
387 3431 482 3500 docet,
498 3429 677 3491 vocabantur
698 3429 831 3502 eximiae,
854 3428 903 3490 vel
923 3431 993 3509 patu
1015 3431 1189 3489 coemuntur
1210 3445 1229 3488 c
1249 3445 1337 3508 prope

123 3518 172 3584 vel
191 3519 269 3600 quod
291 3520 400 3579 enimin
421 3519 516 3596 specie
538 3519 626 3594 prensi
647 3515 816 3596 offerendae
837 3513 1008 3575 numinibus
1021 3511 1175 3592 clr'pnrrtor
1196 3510 1336 3585 fflacrob.

121 3603 173 3666 tib.
195 3602 244 3670 111.
268 3601 414 3664 Saturnal.
437 3619 499 3680 cap.
516 3603 570 3672 5.).
583 3645 596 3670 ,
613 3599 707 3679 Atque
729 3598 806 3671 inde,
830 3606 905 3659 teste
925 3596 1031 3668 Plinio,
1054 3615 1119 3656 mos
1141 3602 1203 3673 erat
1224 3594 1337 3656 hostias
1394 3629 1397 3636 .

120 3673 269 3768 probandi
291 3705 325 3750 eo
345 3685 496 3764 seligendi.
526 3683 657 3744 Meminit
678 3691 774 3744 autern
796 3682 883 3743 huius
906 3681 999 3741 moris
1015 3679 1151 3758 Virgilius
1165 3677 1215 3740 illo
1230 3695 1335 3740 versu:

257 3819 316 3836 ¹-
342 3821 379 3836 -
394 3787 528 3850 Maereat
550 3783 641 3847 lectus
666 3785 700 3845 dc
722 3801 805 3845 more
826 3761 968 3846 dr'ricates.

743 3865 854 3946 (Virgil.
876 3866 926 3928 lib.
948 3865 995 3926 lV.
1016 3863 1137 3925 Aeneid.
1159 3880 1187 3921 r.
1210 3864 1274 3938 57.)

122 3973 200 4036 Nam
221 3971 306 4036 sicuti
328 3973 401 4036 scite
423 3971 464 4034 ibi
485 3978 606 4033 annotat
627 3969 761 4032 Servius:
793 3971 888 4032 moria
909 3969 971 4047 suit
991 3977 1026 4028 ut
1047 3963 1087 4060 ud
1107 3963 1267 4058 cuempicr'u·
1280 3955 1337 4025 eli-

121 4068 271 4138 gerentur
299 4076 378 4131 cors,
407 4059 512 4140 quidus
539 4054 617 4118 aidil
645 4057 767 4125 deesset,
795 4063 831 4116 ut
857 4055 890 4114 ia
919 4063 1014 4121 sento,
1043 4047 1176 4112 eiusdem
1198 4064 1337 4110 nimirum

71 4155 80 4182 ⁸
124 4148 243 4222 poetae,
264 4141 351 4218 libro,
373 4141 424 4205 ubi
445 4160 562 4204 rursum
584 4137 705 4202 cecinit:

277 4226 364 4290 Nure
384 4245 472 4308 grege
493 4227 529 4289 de
549 4229 660 4288 intacto
684 4233 796 4304 septem
815 4230 948 4282 muctare
969 4221 1108 4279 iuvencos

275 4311 477 4381 Praestiterat.
500 4311 622 4374 totidem
643 4308 735 4371 lectos
758 4307 895 4368 demere
918 4301 1058 4365 bidentes.

769 4388 861 4464 (idern
881 4386 931 4449 lib.
953 4385 1000 4474 ill.
1023 4403 1049 4446 v.
1073 4385 1113 4452 38
1136 4391 1166 4446 et
1185 4387 1272 4464 sem).

122 4497 161 4560 At
181 4497 259 4560 siout
273 4498 411 4578 Virgilius
433 4495 535 4558 eadem
556 4493 671 4574 repetit,
695 4491 735 4554 ita
756 4488 874 4554 Servius
896 4487 928 4550 in
948 4488 1004 4549 hos
1026 4504 1129 4548 versus
1152 4485 1247 4548 denuo
1262 4484 1337 4546 haec

122 4581 278 4648 almerae:
300 4583 346 4648 Dr
366 4599 451 4648 more
473 4583 605 4663 cutc’puo,
627 4597 711 4662 quem
728 4577 935 4659 praetermisit
955 4577 1043 4658 gausa·
1063 4572 1197 4638 omnibus
1219 4579 1336 4644 notum,
