3144 5236
218 347 288 416 216
322 362 516 410 otasnnremo
530 361 562 406 tn
577 360 626 413 nn.
641 359 726 406 sm.
738 359 830 406 etna.
843 359 1039 420 ιιιιιιιιιιιιι
1052 359 1281 404 avotnonmcnv
1296 361 1383 406 cerr.

308 513 363 576 llis
384 531 477 593 porro
498 513 540 574 ita
560 509 707 574 stabilitis·
720 509 900 590 Hermogeni
916 507 1011 572 Deum
1032 511 1155 572 metetis
1177 510 1339 590 indiguisse
1360 521 1455 592 atque

220 599 299 662 eden
322 597 382 677 ipsi
403 615 473 660 esee
493 603 679 658 coaeternam
702 593 846 656 etfutisuti
865 595 1044 673 respondet:
1067 594 1186 658 idcirce
1201 601 1292 660 etiem
1305 596 1455 678 Septim

123 689 124 698 ’
220 684 283 748 Dei
290 693 394 746 setosa
408 691 439 743 et
453 681 603 744 meditent
611 681 794 760 preedtoert.
810 699 849 742 ee
860 681 930 760 peti
939 683 1079 742 ineettnn
1089 689 1119 741 et
1129 679 1316 744 inmeditatet
1322 693 1456 762 praeter

221 766 325 832 aulum
339 767 436 830 Denta
454 767 643 830 credermua
660 763 760 840 (ibid.)
781 763 859 826 Dicit
876 763 974 842 itaque
985 763 1138 848 Sopbiam,
1153 781 1209 826 eeu
1228 761 1404 828 Semnonetu
1420 775 1457 829 et

222 851 330 914 Filium
342 850 404 923 Dei,
419 848 576 929 aliquando
586 855 685 910 natant
696 847 859 927 praedicari
871 855 903 908 et
917 851 1032 928 opitnri
1041 849 1177 928 coepisse
1189 849 1268 910 iuxta
1279 849 1401 914 citatum
1411 851 1453 912 nb

223 935 275 1000 illo
286 935 449 1015 prophetae
460 934 581 1008 dictum,
591 933 930 996 Emctooiteermooeet
942 937 1103 1012 optinentes:
1120 936 1215 1014 itque
1228 937 1382 1005 t‘tnttetttt,
1398 935 1451 996 in-

223 1019 299 1100 quit,
315 1019 419 1082 Samo
430 1019 496 1090 Dei,
515 1022 568 1100 qni
579 1030 607 1081 et
618 1021 682 1080 eina
695 1017 810 1096 Sepltio
824 1030 883 1090 aet,
906 1017 973 1095 quin
986 1033 1022 1078 ax
1034 1017 1102 1080 sinu
1112 1017 1278 1087 Patrissni.
1295 1017 1326 1078 in
1336 1037 1394 1097 qno
1410 1018 1452 1080 ab

224 1111 346 1166 aeterno
369 1102 485 1182 genitus
500 1101 633 1173 latuerat.
656 1109 726 1163 tune
736 1100 823 1162 exivit
834 1108 864 1162 et
873 1101 1002 1162 excessit
1012 1109 1099 1179 atque
1109 1101 1159 1174 ita,
1174 1111 1207 1162 ut
1220 1102 1360 1174 diximus,
1375 1121 1451 1182 pet·-

223 1187 372 1252 teneruit
391 1187 456 1250 eius
477 1186 623 1256 pensitas,
638 1184 706 1264 quiin
727 1193 790 1246 tum
811 1203 868 1246 nec
888 1192 972 1246 antea
995 1185 1166 1247 hominibus
1186 1187 1327 1265 patefacta
1349 1195 1380 1248 et
1394 1188 1453 1250 de-

191 1317 194 1326 ,
222 1279 389 1344 monstrata
403 1279 460 1333 est.
504 1269 759 1350 Quemadmodum
782 1277 879 1332 nutem
901 1269 975 1330 baec
994 1269 1058 1348 ipsa
1072 1269 1137 1332 Filii
1152 1269 1205 1331 liei
1224 1272 1388 1350 generatio,
1410 1271 1454 1334 ita

225 1356 315 1420 etiam
337 1354 427 1418 divini
450 1355 515 1418 eius
536 1353 633 1416 Patris
655 1353 830 1426 dominatio,
857 1353 918 1414 imo
941 1361 972 1414 et
992 1355 1164 1433 paternitas,
1193 1373 1209 1416 a
1231 1357 1377 1418 creaturis
1398 1373 1454 1417 ra-

223 1439 317 1502 tionis
339 1439 527 1518 compotibus
548 1439 646 1518 eoepit
666 1438 769 1500 mundi
790 1437 954 1518 primordio
982 1438 1112 1517 agnosci,
1142 1446 1173 1500 et
1192 1439 1271 1500 Deus
1293 1441 1372 1502 sicin
1391 1441 1456 1502 Pa-

225 1524 292 1599 tria,
315 1523 354 1586 ito
376 1531 407 1586 et
420 1523 536 1586 Domini
559 1522 699 1604 appellari
721 1521 902 1584 nominibus.
946 1521 1042 1584 Porro
1065 1531 1163 1584 autem
1184 1524 1261 1586 bane
1282 1543 1350 1586 esse
1373 1525 1455 1587 'l'er-

223 1607 339 1671 tulliani
360 1615 489 1671 mentem
504 1607 573 1669 inde
587 1607 751 1680 conficitur,
773 1607 908 1685 quodibi
923 1606 1055 1686 disputet
1068 1607 1212 1670 adversus
1224 1607 1456 1686 Hermogenem,

223 1693 277 1771 *qui
305 1691 504 1754 contendebat
523 1691 617 1753 Deum
646 1691 683 1752 ab
711 1700 831 1752 aennon
859 1687 921 1752 non
948 1709 1017 1752 esse
1038 1691 1208 1765 Decumum,
1234 1693 1295 1754 nisi
1315 1693 1457 1754 babuerit

226 1782 310 1838 extra
338 1794 372 1838 ee
399 1775 553 1838 materiam
584 1775 668 1838 cuius
700 1793 803 1838 vovera
837 1775 975 1836 dominos
1008 1777 1106 1838 luerit
1150 1777 1286 1838 Ceterum
1319 1779 1457 1856 mnmvis

227 1859 428 1922 Tertttllienus
455 1860 492 1921 ab
522 1859 602 1921 omni
632 1859 907 1939 argumentationis.
921 1858 1011 1921 buius
1040 1861 1208 1922 difficultate
1237 1879 1304 1922 sese
1331 1863 1457 1940 penitus

95 1953 100 1964 '
225 1961 289 2006 non
317 1943 511 2016 amicaverit,
539 1961 628 2006 nemu
657 1951 754 2006 tamen
782 1945 850 2006 inde
878 1943 1055 2006 concludere
1080 1945 1186 2006 merito
1214 1954 1315 2024 potest
1342 1947 1380 2006 ab
1401 1945 1457 2008 ilio

226 2036 363 2106 negatum
384 2028 478 2090 suisne
500 2027 565 2090 Filii
586 2027 640 2090 Dei
662 2028 864 2090 antemitatem
886 2045 921 2089 ac
941 2027 1069 2090 divinem
1091 2037 1234 2090 naturam.
1279 2030 1354 2103 Quis
1372 2031 1456 2092 enim

225 2112 325 2174 nescit
344 2111 494 2174 intellectu
515 2111 684 2174 difficillima
705 2113 847 2190 quaedam
870 2113 1045 2175 documenta
1067 2131 1084 2174 a
1105 2112 1239 2192 pluribus
1261 2113 1340 2176 haud
1362 2115 1457 2176 dnbi-

226 2202 325 2260 tanter
345 2196 451 2271 assem,
472 2197 523 2276 qui
544 2215 649 2258 omnes
669 2195 777 2275 quibus
800 2195 985 2276 implicentur
1007 2197 1206 2260 difficultatum
1222 2199 1319 2260 nodos
1333 2201 1459 2278 penitus

227 2279 345 2342 solvere
371 2298 433 2341 nnn
460 2279 613 2360 possunt?
655 2283 693 2342 nt
714 2281 935 2344 evidentissime
957 2282 1141 2344 ostendimus
1152 2291 1249 2362 'quant
1270 2293 1457 2356 moetanter.

226 2381 316 2443 quam
344 2363 455 2425 diserte
483 2373 514 2427 et
540 2364 606 2426 sine
633 2364 701 2426 ullis
730 2365 889 2426 verborum
912 2365 1084 2444 ambsp'bus
1106 2367 1303 2430 TertoDianus
1325 2370 1460 2430 assernit

227 2465 265 2510 ac
285 2447 442 2510 vindicavit
454 2448 520 2510 Filii
534 2449 588 2512 Dei
610 2448 813 2512 aeternitatem
835 2449 1021 2529 divinamque
1043 2451 1108 2512 eins
1123 2459 1267 2514 naturam.
1299 2453 1359 2513 Sed
1375 2453 1458 2514 illem

225 2531 324 2594 adbuc
345 2531 414 2593 alibi
435 2551 496 2594 non
517 2533 616 2594 minus
638 2533 794 2613 perspicue
815 2533 973 2614 praedicat,
996 2536 1242 2614 quemadmodum
1263 2537 1295 2598 in
1317 2538 1459 2617 sementi

225 2615 325 2704 eapite
346 2616 523 2680 videbimus.
834 2633 840 2648 ·

745 2851 866 2914 cuent
887 2852 938 2914 tx.

648 2969 683 3019 Da
701 2969 798 3020 cbristo
816 2971 866 3022 Deo
884 2980 908 3022 et
927 2972 1031 3023 lemine.

769 3091 919 3109 Q

734 3190 902 3242 tnvtctttds
923 3193 941 3241 1.

227 3285 263 3330 De
280 3286 378 3330 bunone
397 3287 477 3332 cbrtsti
494 3299 521 3332 ax
538 3289 623 3344 virgine
640 3297 698 3343 orto,
716 3303 729 3333 e
748 3293 818 3336 neoris
836 3294 949 3350 prophetis
967 3295 1137 3350 praenuntium
1162 3309 1203 3340 eor
1227 3297 1306 3342 dieitur
1323 3299 1391 3344 bento
1409 3302 1462 3346 Dee

287 3353 381 3404 ιιιίιιιιις
400 3355 448 3398 eins
467 3355 489 3398 in
506 3363 577 3400 terret
596 3357 712 3400 adventum
731 3370 775 3402 oon
792 3372 861 3416 possa
879 3361 940 3406 reiict
959 3375 971 3404 a
989 3362 1115 3418 senilibus.
1135 3364 1173 3420 qui
1191 3365 1219 3408 ed
1237 3366 1395 3412 destruendum

568 3421 628 3466 illiue
645 3423 757 3468 reritotem
775 3428 886 3481 qnnednvrt
903 3429 982 3474 cimilia
1000 3429 1114 3474 duxerunt.

314 3533 611 3610 salisburiensi
633 3539 719 3618 plane
742 3541 878 3615 salimur,
901 3561 918 3604 a
939 3543 1027 3604 nubis
1041 3544 1277 3608 demonstratum
1293 3556 1350 3619 est,
1366 3567 1460 3626 quarn

223 3635 299 3680 vera
321 3619 544 3698 orthodoanue
566 3623 657 3684 luerit
678 3624 852 3688 Tertulliani
874 3627 911 3688 de
932 3646 1069 3706 suprema
1092 3627 1179 3690 Verbi
1212 3630 1275 3692 sive
1297 3631 1460 3695 Sermonis

227 3707 261 3762 et
280 3701 346 3764 Filii
368 3701 422 3764 Dei
444 3703 596 3767 divinitate
619 3709 766 3770 sentmtin
788 3729 822 3772 ac
843 3710 987 3774 doctrina.
1030 3713 1090 3774 Sed
1113 3712 1159 3774 bie
1181 3713 1256 3776 lucis
1278 3715 1375 3778 adbuc
1398 3717 1458 3780 ali-

227 3785 301 3864 quid
327 3789 434 3850 ndevre
462 3807 497 3852 ea
523 3799 653 3869 possunt
679 3811 754 3872 quae
782 3794 830 3856 ille
858 3795 895 3856 de
918 3796 1022 3858 eodem
1044 3797 1098 3858 Dei
1118 3796 1195 3858 Filio
1217 3798 1344 3861 bumana
1367 3817 1460 3863 cerne

226 3869 332 3934 induto
355 3872 483 3935 tradidit.
526 3874 691 3938 Gentilibus
713 3886 810 3940 autem
833 3879 964 3942 breviter
984 3881 1120 3960 bonoque
1142 3882 1173 3942 in
1194 3883 1315 3946 modum
1330 3885 1462 3964 explicat

226 3953 299 4032 qiud
329 3955 367 4018 de
394 3957 444 4018 illo
467 3957 629 4022 Christiani
650 3962 812 4024 sentirent:
849 3961 913 4026 late
934 3965 993 4028 Dei
1012 3968 1129 4036 rodt'ttn
1158 3965 1188 4028 id
1210 3975 1258 4028 est
1277 3968 1370 4030 illiue
1391 3969 1461 4044 Dei,

226 4037 279 4114 qui
300 4056 337 4100 ex
358 4039 454 4102 Patris
476 4043 524 4105 eui
545 4043 613 4106 sinu
634 4052 772 4124 tunquam
795 4048 897 4110 radius
919 4067 955 4110 ex
982 4050 1046 4112 sole
1066 4050 1186 4128 prodiit,
1209 4063 1246 4116 nt
1267 4063 1355 4116 retro
1378 4071 1461 4116 eert-

223 4137 285 4202 per
303 4126 542 4201 praedicebatur
563 4128 601 4190 ub
623 4133 766 4211 aeta'pnio,
788 4131 928 4196 nimirum
950 4135 1116 4214 prophetis,
1140 4135 1282 4215 delopane
1302 4141 1336 4199 ie
1358 4142 1461 4218 nirpe'-

226 4221 297 4266 anet
324 4209 475 4286 quandam
501 4222 530 4274 et
558 4215 592 4274 ia
620 4224 709 4276 utero
737 4219 800 4278 ιιιι
829 4235 900 4280 coro
927 4219 1080 4298 fipnratua
1107 4225 1247 4282 ιιιιιιιιν
1276 4221 1363 4284 inmo
1393 4222 1460 4286 Deo

225 4292 343 4384 minine
371 4291 563 4366 (l'ertulliun.¹
579 4295 733 4376 apologet.
755 4317 819 4379 cap.
843 4303 918 4377 db).
963 4303 1021 4364 Sed
1049 4303 1123 4366 haec
1150 4304 1208 4366 alio
1237 4304 1268 4366 in
1294 4304 1371 4368 libro
1394 4306 1460 4368 da-

225 4371 358 4436 ttovtbus
385 4375 467 4440 hisee
495 4380 594 4443 verbis
620 4383 772 4462 exposuit:
809 4384 915 4466 ltaque
943 4391 1104 4469 tttrt'ttsptte
1131 4387 1319 4453 substantioe
1347 4407 1459 4454 cesset

225 4453 376 4520 insinua
404 4471 433 4524 et
452 4462 551 4526 Donet
571 4465 723 4542 celibum
754 4469 824 4531 binc
844 4480 959 4544 netum,
978 4473 1048 4534 inde
1068 4490 1132 4534 noe
1153 4483 1269 4546 ιιιιιιιιι,
1293 4475 1363 4537 binc
1385 4493 1461 4537 enr-

223 4556 327 4618 neum,
350 4544 418 4608 inde
438 4547 618 4628 spiritalem,
641 4549 710 4616 linc
730 4553 896 4636 &firment
919 4555 988 4620 inde
1004 4557 1207 4639 praefectust.
1230 4557 1300 4623 bitte
1319 4565 1461 4624 ιιινιιιι-
