3020 5230
223 379 231 388 ί
262 387 323 449 652
387 397 635 468 lefflffllt'l'llt
649 397 733 441 mlh
747 373 787 440 tt'r
802 397 861 440 tlte.
877 397 986 440 tuoottt
1002 396 1344 441 tantumtantum

412 550 531 600 adversae
547 548 701 598 Marcionem.
1063 547 1181 597 Adversus
1200 547 1322 597 ledaeos.

264 637 289 698 si
311 641 382 713 post
404 633 576 701 bmm'eidia,
610 631 732 694 alicoios
759 630 844 692 baris
896 641 1046 692 etaereoe
1061 635 1126 692 cias
1141 631 1316 709 suffigendo
1331 629 1425 691 daris
1438 632 1474 690 ds

260 718 325 782 illis
347 717 505 795 exprobrat
531 714 739 776 carnificinam.
783 714 844 778 lam
896 715 1072 776 saevierunt
1095 714 1375 784 Ceteromranum‚
1391 715 1416 774 si
1427 733 1473 794 pa:

259 820 331 863 vero
346 801 465 880 Moysis,
487 799 558 878 quid
571 799 671 878 utique
684 807 763 859 'tunc
777 805 844 858 tan·
895 797 1086 866 homicidium
1102 798 1160 859 iam
1175 797 1213 858 ab
1229 798 1278 859 eis
1295 799 1472 859 commissa
1492 829 1493 836 κ

259 895 332 958 turn,
356 903 422 946 oum
443 885 528 946 lesus
550 882 691 944 adversus
705 883 846 943 Amalech
896 882 1019 942 alicuius
1039 881 1125 942 horis
1141 887 1218 961 ipsis
1235 883 1410 961 exprobrat
1429 903 1471 942 ra·

261 969 477 1050 praeliabatur,
527 967 665 1045 expansis
707 966 844 1027 manibus
894 965 1052 1026 cilicinam.
1069 993 1076 998 ·
1095 965 1157 1026 lam
1174 983 1246 1027 vero
1263 967 1406 1046 Moyses,
1426 969 1493 1045 gal¹

262 1064 332 1116 orat
360 1051 510 1124 residens,
545 1051 662 1130 quando
692 1050 721 1110 in
753 1049 843 1110 rebus
895 1048 997 1129 ntique
1014 1059 1081 1110 tunc
1096 1057 1220 1122 tantum
1243 1069 1322 1111 curn
1338 1051 1493 1112 lesus*

259 1147 319 1198 mm
341 1135 492 1208 attonitis,
520 1135 613 1212 magis
635 1132 735 1212 utique
758 1134 844 1211 geni·
894 1151 1000 1194 versus
1010 1133 1128 1194 Amalec
1142 1133 1370 1211 praeliabatur.
1387 1155 1471 1214 eapse

260 1221 316 1282 hus
341 1222 483 1300 depositis
506 1226 536 1278 ct
557 1217 693 1278 manibus
714 1217 843 1278 caeden-
896 1216 1080 1278 sismsnihos
1094 1217 1202 1278 arabat
1216 1219 1389 1289 residens;
1404 1239 1472 1298 qam

261 1304 340 1365 tibus
368 1311 471 1382 pectus
500 1309 530 1362 et
550 1301 623 1364 lacie
649 1301 845 1363 humi'aala-
895 1300 934 1361 do
950 1301 980 1362 in
996 1300 1085 1361 rebus
1097 1309 1155 1361 mm
1167 1301 1314 1362 attonitis
1330 1305 1462 1381 magisoi
1492 1361 1493 1364 ,

260 1398 351 1456 tante.
375 1387 539 1448 orationem
562 1385 768 1447 commendare
789 1384 843 1446 de·
895 1403 952 1464 que
981 1385 1106 1462 genibus
1134 1387 1264 1463 positis,
1301 1397 1336 1447 et
1362 1389 1493 1448 maniis

260 1468 398 1533 buissel?
440 1471 505 1532 Nisi
532 1469 600 1549 quia
628 1463 695 1541 illic,
719 1469 770 1529 uhi
800 1478 845 1530 est
896 1468 1083 1530 caedentibus
1105 1477 1226 1545 pectus,
1256 1477 1292 1529 et
1316 1471 1399 1531 faeie
1417 1473 1472 1532 aaa

260 1573 369 1616 nomen
385 1557 507 1624 damini,
530 1553 696 1626 dimicabat,
720 1553 843 1613 dimica·
895 1553 1043 1624 volutata,
1076 1551 1243 1627 orationem
1278 1557 1472 1616 commento

260 1639 318 1700 turi
335 1639 511 1718 quandoque
526 1630 667 1699 adversos
682 1635 843 1710 diabolum,
896 1634 1071 1698 debuisset?
1084 1635 1140 1696 nisi
1153 1637 1220 1715 quia
1234 1637 1315 1709 illic,
1325 1639 1382 1699 ubi
1393 1659 1471 1700 nassa
1493 1700 1494 1703 ,

158 1715 160 1722 ’
262 1728 361 1784 mucis
383 1741 497 1804 qaoque
519 1733 587 1784 erat
602 1720 720 1783 habitas
737 1738 844 1791 ueces—
896 1719 967 1783 lesa
981 1720 1145 1790 dimicabat,
1161 1720 1345 1783 dimicaturi
1362 1725 1471 1802 quand:-

261 1808 368 1879 sarios,
399 1825 454 1886 per
475 1823 561 1885 quam
584 1805 667 1866 lesos
690 1804 843 1865 victoriam
895 1823 952 1884 que
967 1805 1108 1865 adversos
1124 1802 1294 1876 diabolum,
1315 1813 1420 1869 cretas
1438 1809 1471 1866 k-

261 1899 339 1951 esset
360 1889 518 1952 relaturos
545 1889 626 1950 ldem
642 1906 747 1950 rursus
759 1889 842 1967 Moy·
895 1889 964 1950 ditis
980 1907 1093 1970 paopae
1109 1898 1176 1950 erat
1197 1891 1418 1962 necessarios,
1439 1911 1470 1970 pr

261 1993 321 2047 ses,
354 1982 425 2054 post
455 1973 639 2035 interdictam
673 1972 770 2033 omnis
799 1972 843 2033 rei
894 1972 1465 2052 quantesusvictoriamessecretaurs
1493 2034 1494 2037 ,

260 2057 492 2129 similitudinem,
515 2077 567 2119 cur
581 2075 702 2119 aeream
717 2075 842 2136 senlen-
893 2056 975 2117 idem
997 2073 1103 2136 rursus
1124 2056 1243 2134 Moyses
1266 2069 1349 2136 post
1372 2061 1468 2120 interi-

259 2151 318 2202 tem
350 2141 431 2220 ligno
464 2141 652 2220 impositum,
685 2141 842 2219 pendentis
894 2148 969 2201 cum
991 2139 1145 2200 omnisrei
1162 2140 1415 2216 simihtudincm‚
1440 2163 1469 2203 er

259 2223 360 2285 habitu
371 2225 401 2286 in
412 2226 610 2302 spectaculum
627 2224 753 2285 salutare
768 2243 841 2302 pro·
895 2243 1020 2286 aeneum
1031 2231 1199 2303 serpentem
1213 2224 1304 2303 ligno
1322 2226 1468 2306 impasta

258 2307 384 2387 posuit‘l
412 2311 459 2369 Aa
480 2317 508 2369 et
530 2309 576 2369 bic
591 2309 754 2370 dominicae
771 2327 843 2370 cra-
894 2307 1051 2387 pendentis
1087 2308 1187 2367 habitu
1223 2307 1258 2368 in
1287 2313 1468 2390 spectaculo

261 2395 303 2452 cis
333 2396 393 2452 oria
423 2393 604 2464 ebtentabat,
634 2409 691 2471 qua
717 2410 842 2471 serpens
894 2392 1009 2454 Israeli
1021 2391 1149 2452 salutare
1164 2396 1350 2470 proposuit,
1374 2411 1469 2458 ealce

260 2474 394 2536 diabolus
408 2475 622 2556 publicabatur
637 2485 667 2536 et
680 2475 761 2538 laeso
777 2475 842 2538 cui·
889 2494 982 2556 pore,
1007 2495 1063 2556 pao
1086 2495 1106 2535 a
1120 2479 1325 2555 serpentibus
1340 2483 1468 2568 pestiis

259 2560 547 2639 queospiritalibas
556 2561 700 2631 calabris,
712 2563 845 2622 intuenti
895 2560 1051 2622 lolatriam
1079 2563 1406 2625 eatemmabantsrl
1434 2571 1469 2624 sin

258 2654 358 2705 tamea
373 2655 401 2706 et
416 2647 554 2707 credenti
575 2649 606 2705 ia
629 2663 700 2714 mm,
724 2649 841 2705 sanitas
894 2647 973 2724 quod
988 2645 1034 2705 ln'c
1050 2645 1226 2706 dommicam
1248 2663 1383 2708 erucesn
1398 2653 1469 2710 iate-

190 2793 194 2800 „
258 2745 416 2790 morsuum
440 2740 645 2809 peccatorum,
675 2738 704 2789 et
725 2731 842 2791 sanitae
895 2729 986 2798 tabat,
1010 2745 1067 2806 qua
1083 2743 1207 2805 serpens
1224 2727 1378 2793 diabolus
1391 2733 1468 2813 psit

261 2814 368 2874 eaiade
386 2810 649 2893 praedicabatur?
895 2821 984 2873 catur
1006 2820 1035 2872 et
1055 2810 1137 2871 laeso
1159 2809 1268 2888 carique
1286 2816 1330 2875 ab
1349 2819 1469 2878 emensi

845 2960 848 2966 ,
896 2894 1037 2966 colubris,
1054 2896 1086 2956 e'd
1099 2905 1145 2955 est
1160 2895 1282 2974 sepelis
1300 2903 1384 2968 eius.
1407 2903 1469 2960 ode-

896 2979 1037 3041 lictoram
1049 2982 1205 3060 peccantia
1220 2982 1264 3041 ad
1281 2981 1410 3046 Christi
1419 3005 1470 3044 cra-

895 3067 937 3124 cie
954 3073 1145 3124 sacramenta
1164 3065 1287 3126 intento
1312 3069 1406 3130 salas
1421 3069 1469 3146 rpi-

895 3147 1039 3209 ciebatara
1083 3145 1160 3207 Nam
1181 3151 1235 3225 pai
1252 3153 1289 3208 in
1312 3151 1406 3212 illam
1421 3167 1470 3214 ta·

894 3232 1080 3310 respiciebat,
1093 3249 1228 3293 amorsa
1240 3237 1470 3314 serpentislsle

819 3315 825 3324 ”
894 3315 1069 3377 berabatar.

490 3381 548 3444 Cep.
569 3380 608 3430 tt.

299 3476 359 3556 Age
380 3479 467 3551 bunc,
496 3478 521 3539 si
542 3478 639 3558 legisti
660 3498 752 3560 penes
774 3480 840 3542 lla-
933 3482 1103 3560 aganone,
1125 3481 1152 3542 si
1170 3480 1269 3561 legisti
1292 3503 1394 3563 penes
1409 3487 1467 3548 Pa-

223 3584 227 3592 ·
257 3563 331 3634 oid,¹
359 3561 506 3624 Dominae
535 3564 669 3641 regnarit
701 3583 717 3625 a
748 3565 840 3643 ligno,
888 3565 1011 3645 phetam
1032 3571 1065 3627 in
1085 3565 1224 3644 Psalmis,
1241 3567 1328 3629 lleas
1355 3571 1467 3650 regnat

257 3653 379 3726 expecto
401 3646 471 3726 quid
492 3646 653 3726 intelligas,
682 3653 744 3710 athi
763 3649 840 3710 sorte
891 3649 1017 3728 aligno;
1041 3656 1165 3728 expecto
1181 3646 1252 3727 quid
1268 3652 1466 3733 intelligam

255 3729 411 3808 lignarium
425 3731 550 3810 aliquem
565 3749 664 3809 regem
683 3732 839 3812 significari
891 3732 1127 3812 lortelignarium
1137 3733 1464 3816 aliquemregamsigu·

256 3814 454 3886 ludaeorum,
476 3823 506 3875 et
526 3832 587 3876 uon
603 3815 769 3890 Christum,
790 3817 840 3895 qui
890 3817 969 3877 ficari
983 3822 1107 3897 patetis,
1124 3825 1153 3876 et
1167 3835 1228 3877 non
1244 3817 1412 3894 Christum,
1431 3821 1463 3899 pl

145 3965 149 3976 .
256 3897 360 3960 exinde
381 3918 397 3960 a
419 3899 561 3978 passione
584 3899 672 3977 ligni,
702 3908 840 3980 superata
890 3901 1026 3962 exindea
1046 3899 1188 3978 passione
1203 3901 1319 3964 Christi
1345 3917 1464 3986 supereo

254 3991 360 4056 morte,
382 3984 521 4062 regnavit
839 4033 845 4042 .
889 3994 985 4046 morta
1000 3983 1141 4063 regnavit
1169 3991 1175 4002 ’

276 4067 362 4128 “Etsi
378 4067 456 4129 enirn
472 4076 527 4128 etc·
932 4069 1053 4142 (Cetera
1069 4071 1198 4144 desunt.)

297 4149 836 4232 (Haecamissaestperiodusinlibra

256 4233 324 4293 ado.
342 4233 511 4310 ladascal

297 4314 427 4378 Proinde
442 4327 472 4378 et
485 4319 604 4380 Esaias:
621 4317 769 4397 quoniam,
787 4323 836 4380 e'n-
929 4319 1058 4380 Proinde
1068 4327 1096 4380 at
1105 4320 1225 4380 Esaias:
1237 4323 1386 4400 quoniam
1392 4343 1463 4405 pua.

255 4399 328 4477 quit,
347 4418 426 4478 puer
447 4409 533 4462 iratus
555 4402 713 4464 estnobis.
759 4402 835 4475 Quid
887 4407 1096 4484 inquinamus
1116 4403 1275 4466 estnobis.
1325 4409 1406 4481 Quid
1420 4429 1463 4470 ea·

254 4482 333 4552 novi‚
357 4483 382 4542 si
398 4501 458 4543 non
474 4485 510 4544 de
526 4486 584 4546 lilio
601 4487 653 4548 ilci
669 4484 765 4548 dicit?
798 4487 837 4550 lte
888 4507 965 4558 asem,
980 4487 1008 4546 si
1024 4491 1094 4560 non,
1111 4497 1157 4548 est
1171 4488 1208 4549 de
1223 4489 1284 4549 lilio
1302 4491 1370 4564 lloi,
1387 4489 1465 4555 dicit?

222 4589 227 4600 ·
254 4565 343 4628 datam
370 4575 416 4628 est
439 4567 544 4642 uobis,
567 4569 652 4632 cuias
679 4571 836 4648 imparium
887 4571 1084 4635 Ftlsasnates
1100 4579 1147 4632 cst
1162 4571 1261 4647 nobis,
1277 4577 1369 4639 orius
1384 4579 1465 4658 impe·
1494 4647 1495 4660 χ
