3122 5250
505 388 641 436 rucrons
663 391 722 435 ruc.
744 391 781 434 ss
802 391 932 436 nonsnr.
1261 379 1323 446 ³01

101 539 220 602 Hister.
241 550 311 620 post
331 540 395 603 init.
417 561 447 622 p.
466 544 560 620 180.).
601 541 639 605 At
660 542 766 605 clarius
788 552 869 606 certe
889 543 1047 624 llionpsius
1068 545 1326 612 Halicarnasseus:

101 626 231 710 Σημεῖα
251 621 435 708 τιμιώτατα
453 618 624 708 Ῥωμαίοις
645 627 749 692 ταῦτα
771 623 829 694 iret
851 631 1024 712 στρατείας
1037 629 1091 694 aul
1108 623 1221 716 ὥσπερ
1237 629 1327 719 ldpd-

102 732 194 792 ματα
215 711 306 775 θεῶν
329 707 401 794 ἱερὰ
422 709 628 792 νομίζονται.
651 713 735 776 Nibil
755 717 788 774 in
808 713 946 776 Romano
964 715 1074 778 militia
1089 721 1181 796 signis
1199 719 1326 784 babetur

101 796 308 859 venerabilius
336 817 389 859 nec
416 801 518 860 mrbus
548 817 639 860 suero
666 800 842 862 iudicantur
877 819 964 880 quom
997 801 1124 863 morum
1159 803 1326 868 sr'mulocro

101 881 239 960 (Dionys.
261 880 351 942 llalic
374 880 425 943 lib.
447 882 492 943 Vl.
515 882 657 963 Antiquit.
679 883 803 945 Roman.
825 903 855 962 p.
879 887 976 961 375.).

192 965 380 1045 Quapropter
410 966 516 1028 adiecit
548 967 744 1030 Tertullianus
784 971 872 1050 sigua
904 969 1041 1032 omnibus
1074 972 1130 1033 diis
1161 977 1327 1054 praeponit

104 1050 290 1126 (Tertullian.
313 1051 467 1131 Apologet.
490 1069 552 1131 cap.
578 1055 649 1128 ru),
679 1053 814 1114 videlicet
841 1054 1001 1116 castrensis
1031 1053 1078 1116 illa
1105 1055 1225 1135 religio,
1258 1046 1339 1136 quia¹

100 1136 212 1198 milites
237 1155 280 1210 ca,
303 1136 549 1215 quemadmodum
570 1137 684 1211 vexilla,
706 1136 811 1198 maiori
832 1137 910 1200 cultu
933 1158 1021 1219 quarn
1042 1139 1116 1202 alios
1132 1159 1236 1202 omnes
1252 1141 1326 1205 deos

101 1239 176 1282 suos
198 1221 421 1283 venerabantur.
465 1221 531 1284 Non
553 1223 648 1284 deerit
668 1223 795 1285 tortasse
817 1223 865 1301 qui
889 1223 1036 1286 existimet
1056 1225 1104 1286 his
1126 1225 1224 1288 verbis
1248 1224 1325 1288 Ter-

99 1305 255 1368 tullianum
283 1305 466 1385 significasse
495 1306 578 1386 sigua
605 1307 741 1369 militaria
769 1308 800 1368 iu
828 1308 956 1370 exercitu
979 1318 1009 1371 et
1029 1309 1091 1371 acie
1113 1318 1180 1371 ante
1202 1311 1336 1388 deorum¹

100 1389 260 1451 simulacra
281 1398 311 1452 et
331 1391 474 1470 imagines
496 1391 532 1451 ab
554 1393 753 1472 antesignanis
769 1392 863 1454 tuisse
878 1393 1063 1472 adsportata3
1086 1395 1140 1456 sed
1155 1395 1239 1475 prior
1253 1415 1325 1458 seu-

100 1493 154 1537 sus
177 1474 263 1536 dictis
285 1475 362 1536 illius
385 1493 419 1537 ac
439 1477 531 1537 menti
553 1477 646 1556 magis
670 1494 834 1556 cougmere
856 1478 981 1540 videtur.
1012 1477 1046 1540 ln
1068 1479 1125 1540 alio
1149 1480 1228 1541 enim
1248 1481 1325 1542 libro

99 1559 190 1621 dixit:
222 1558 316 1639 Signo
337 1563 399 1642 ipsi
419 1560 494 1632 loci,
529 1563 585 1622 etsi
608 1561 732 1624 deorum
754 1579 876 1623 suorum
898 1563 1037 1637 maximo,
1056 1565 1200 1644 praefert
1232 1565 1326 1642 (idern

99 1644 151 1706 lib.
175 1645 199 1706 l.
222 1645 258 1706 ad
280 1645 344 1706 Nat
368 1663 431 1724 cap.
457 1649 529 1723 12).

185 1729 273 1808 Atqui
302 1747 404 1792 omnes
431 1730 481 1792 illi
507 1734 684 1810 rinopnum,
714 1730 825 1810 inquit,
856 1742 1014 1810 suggestus
1041 1737 1173 1810 inss'gaes
1201 1735 1326 1798 monilia

103 1831 228 1877 crucum
250 1825 332 1876 suat.
376 1814 438 1876 Nos
462 1823 559 1876 autem
580 1815 620 1876 ibi
643 1815 760 1893 quidam
781 1816 911 1876 monitos
932 1834 1001 1878 essa
1022 1817 1180 1878 voluerunt
1200 1817 1232 1878 in
1246 1835 1325 1880 uon-

100 1899 189 1960 nullis
219 1899 428 1978 manuscriptis
462 1899 518 1978 legi
552 1903 585 1960 in
618 1905 712 1978 signis
734 1919 795 1961 non
817 1905 959 1980 insignes,
981 1919 1038 1962 nec
1058 1919 1183 1980 prorsus
1207 1903 1326 1982 quidam

100 1983 239 2046 absurde.
283 1983 325 2045 De
359 1984 483 2046 militnm
516 1984 625 2064 quippe
655 1984 747 2063 signis
776 1985 886 2046 ibidem
914 1985 1019 2064 agitur.
1064 1985 1171 2048 Vemm
1199 1986 1267 2066 quia
1294 1988 1325 2049 irr

99 2069 188 2147 longe
208 2067 344 2148 pluribus
367 2069 558 2147 meliorisque
581 2077 669 2130 notae
693 2069 908 2149 exemplaribus
931 2070 1056 2132 hebetur
1076 2075 1218 2150 insignes,
1250 2072 1326 2134 banc

100 2153 257 2214 lectionem
280 2153 439 2233 explodere
461 2171 522 2215 non
544 2154 696 2215 audemus.
741 2155 818 2218 Nihil
840 2173 912 2216 vero
935 2155 972 2216 ad
994 2155 1082 2216 buius
1104 2156 1204 2235 potius
1237 2174 1325 2236 quarn

99 2238 221 2300 alterim
243 2237 380 2299 lectionis
403 2237 656 2300 confirmationem
679 2238 743 2316 erui
765 2246 867 2319 potest
888 2257 924 2301 ex
945 2239 1022 2300 libro
1045 2239 1081 2300 ad
1096 2239 1250 2314 Nationes,
1273 2240 1324 2304 uhi

98 2324 156 2384 hoc
184 2340 296 2384 nomen
329 2321 527 2384 Tertullianus
556 2323 758 2402 praetermisit
785 2324 916 2404 haecque
943 2324 1033 2410 verbs
1063 2323 1229 2386 subiunxit:
1267 2325 1325 2388 Ille

97 2411 262 2487 imaginum
284 2417 439 2488 suggestus
463 2419 492 2470 et
507 2414 606 2471 *tonus
629 2414 704 2470 ouri
725 2408 825 2470 mltos
839 2407 966 2472 monitio
981 2427 1105 2471 crucum
1120 2420 1193 2472 sust
1214 2409 1324 2488 (ibid).

98 2491 238 2554 Nonnulli
268 2491 387 2572 quidem
415 2492 574 2572 opinantur
601 2511 711 2554 nomen
734 2505 889 2572 suggestus
911 2492 952 2553 ibi
974 2493 1065 2573 accipi
1086 2512 1142 2573 pro
1163 2494 1273 2556 uestitu
1295 2503 1326 2556 et

100 2585 285 2651 ornamento,
316 2577 368 2637 sed
397 2578 426 2638 id
455 2576 582 2657 probare
610 2577 793 2638 debuissent.
839 2577 916 2650 Quid
950 2578 1028 2638 eninr
1058 2577 1083 2638 si
1113 2586 1247 2641 sumatur
1268 2597 1323 2658 pro

98 2663 165 2742 ipso
194 2669 261 2722 actu
290 2662 466 2740 suggerendi
498 2680 552 2723 seu
583 2661 689 2724 subtus
712 2661 832 2740 gerendi
854 2663 944 2722 hasce
966 2660 1120 2740 imagines,
1150 2680 1225 2741 quae
1245 2683 1324 2743 pen·

99 2747 207 2808 debant
229 2764 264 2808 ex
287 2747 382 2808 altiori
416 2747 518 2808 hastae
541 2746 603 2807 sire
624 2746 694 2825 ligni
718 2745 837 2824 oblongi
859 2753 942 2824 parte
965 2754 996 2806 et
1016 2764 1135 2807 crucum
1157 2745 1280 2808 monilia
1294 2754 1325 2808 et

99 2837 273 2894 ornamenta
302 2839 394 2904 erant,
424 2832 491 2910 quia
519 2831 555 2892 ab
578 2829 635 2891 illis
659 2849 748 2910 supra
771 2847 805 2890 se
826 2830 934 2908 positis
955 2829 1126 2892 relabantur
1148 2837 1177 2890 et
1198 2830 1322 2892 decora-

99 2917 216 2978 bantur.
262 2915 400 2977 Ceterum
423 2916 460 2977 de
481 2916 527 2977 his
550 2914 687 2978 omnibus
710 2915 768 2975 iam
791 2914 1005 2993 disputavimus
1029 2914 1058 2974 in
1080 2922 1185 2975 nostra
1207 2914 1245 2977 de
1265 2915 1323 2976 nri-

98 3002 177 3062 nucii
199 3000 305 3062 Felicis
329 3001 449 3062 Octavio
472 3000 680 3061 dissertatione
702 2999 868 3072 (Dissertat.
881 2997 1028 3060 inllinue.
1051 3015 1113 3077 cap.
1133 3001 1181 3062 12.
1205 2998 1266 3060 brt.
1279 3003 1323 3078 4),

98 3087 149 3147 ubi
173 3086 269 3147 adhuc
291 3085 476 3146 ostendimus
500 3086 655 3155 bominem,
688 3083 774 3145 sicuti
795 3083 914 3144 tandem
926 3083 1038 3147 Auctor
1057 3089 1162 3144 noster
1184 3083 1233 3158 ait,
1255 3103 1323 3146 mo-

99 3173 189 3235 nibus
211 3175 356 3251 expensis
387 3188 458 3249 prae
480 3187 512 3230 se
534 3170 612 3230 serre
634 3167 730 3230 mucis
752 3168 911 3247 imaginem
933 3166 1067 3244 (Tertull.
1090 3167 1140 3228 lib.
1156 3167 1179 3228 l.
1203 3169 1240 3230 ad
1261 3169 1322 3230 Na·

99 3257 171 3317 tion.
196 3273 228 3316 ca
253 3300 260 3314 .
286 3257 358 3331 12).

185 3275 249 3400 Sed
267 3339 394 3419 aliquem
416 3338 516 3399 audire
537 3335 626 3399 nobis
657 3336 792 3398 ridemur
820 3336 870 3416 qui
893 3335 1014 3410 obiiciat
1032 3335 1178 3398 infirmam
1199 3337 1322 3400 omnino

99 3443 168 3486 esse
192 3425 268 3500 hanc
289 3423 461 3486 Tertulliani
482 3422 773 3502 argumentationem.
818 3419 948 3496 Gentiles
970 3421 1058 3495 enim,
1091 3421 1214 3502 inquiet,
1245 3422 1321 3484 deo-

98 3529 164 3572 rum
188 3517 312 3570 suorum
335 3509 498 3580 simulacra,
522 3507 615 3587 signa,
640 3516 770 3587 tropaea,
792 3505 931 3567 victorias
953 3525 988 3567 ac
1009 3506 1156 3585 quaelibet
1174 3507 1321 3570 eiusmodi

98 3595 152 3656 ulia
175 3595 334 3655 adorantes
356 3593 429 3654 nihil
450 3593 536 3673 plane
558 3592 723 3671 cogitabant
745 3591 782 3652 de
804 3589 952 3664 crucibus,
974 3609 1049 3670 quse
1074 3590 1132 3653 illis
1147 3601 1231 3654 erant
1245 3609 1320 3670 sup-

98 3679 217 3760 positae
247 3686 298 3740 aut
325 3697 375 3740 eas
404 3677 546 3739 velabant.
600 3678 707 3738 Verum
736 3675 967 3738 animadvertere
989 3675 1126 3737 redebet
1146 3675 1221 3737 hanc
1243 3675 1319 3736 'l'er-

99 3764 214 3826 tulliani
243 3763 427 3842 aliorumque
455 3761 606 3841 religionis
628 3760 802 3821 christianae
826 3761 1016 3822 defensorum
1038 3758 1321 3848 argumentationem

97 3849 145 3911 illa
172 3847 230 3909 niti
257 3847 443 3909 ethnicomm
464 3846 613 3926 opinione,
641 3863 697 3924 qua
719 3844 843 3906 deorum
865 3862 987 3906 suorum
1010 3844 1164 3905 simulacra
1186 3850 1215 3902 et
1237 3843 1320 3921 signa

98 3953 186 3996 raros
217 3933 290 3994 deos
312 3951 381 3994 esse
403 3930 627 3992 arbitrabantur.
671 3929 712 3991 Es
734 3929 823 4008 igitur
844 3935 906 3991 tota
927 3936 957 3991 et
977 3945 1083 3989 omnes
1105 3927 1225 3988 illomm
1246 3943 1318 4005 par-

102 4027 155 4091 tes,
180 4036 305 4098 quarum
326 4016 503 4097 praecipuae.
522 4033 622 4077 cruces
645 4021 738 4087 erant,
760 4013 859 4092 reipsa
881 4012 1051 4075 adorabant.
1081 4010 1148 4072 Non
1170 4010 1249 4072 enim
1264 4029 1318 4072 ex-

101 4101 272 4165 istimabant
294 4121 329 4164 err
352 4101 499 4163 simulacri
521 4107 634 4162 tantum
657 4101 760 4172 torma,
783 4097 884 4159 habitu
907 4097 1105 4176 etqualitate,
1128 4095 1181 4156 sed
1203 4114 1239 4157 ex
1255 4095 1319 4158 eins

99 4188 186 4251 etiam
214 4187 338 4250 materia
364 4188 472 4248 lactum
501 4203 568 4246 esse
597 4185 696 4256 deum,
723 4201 811 4263 quern
833 4182 967 4244 solebant
998 4188 1093 4242 totum
1122 4179 1319 4260 omnibusque

97 4275 161 4336 suis
190 4271 326 4354 partibus
356 4269 554 4350 compositum
574 4268 717 4332 venerari.
761 4267 922 4329 Dicendum
944 4274 1015 4344 ergo
1036 4273 1097 4326 tam
1119 4283 1221 4328 cruces
1243 4265 1317 4327 velis

96 4367 125 4421 et
153 4357 318 4420 monilibus
345 4357 498 4437 signorum
526 4354 694 4416 militarium
723 4351 909 4434 suppositas,
937 4367 1024 4429 quam
1052 4349 1123 4412 alias
1155 4349 1318 4412 eomndem
1354 4358 1359 4370 ⁶

96 4445 253 4524 sigrrornm
274 4449 383 4521 partes,
406 4441 443 4503 da
464 4440 571 4520 quibus
592 4442 720 4502 tortasse
742 4445 803 4500 tum
826 4435 898 4498 nibil
920 4451 1061 4516 expresse
1082 4435 1257 4516 cogebant,
1280 4434 1317 4497 ab
1416 4475 1426 4484 -

43 4595 46 4602 Δ
96 4529 134 4591 iis
156 4527 300 4608 religioso
323 4526 401 4589 cultu
422 4528 592 4587 honoratas.
