3078 5248
318 375 320 384 '
418 401 591 450 anisssnnrr
613 403 741 450 3333333
764 405 943 452 mnaseas.
1233 393 1296 456 stt

68 553 257 634 supplicium
285 571 393 633 passus
422 554 468 615 vel
498 554 597 633 dagris
630 573 735 618 caesus
764 556 808 618 vel
829 555 974 636 lapidibus
996 556 1104 638 petitus
1126 557 1213 621 esti¹
1256 559 1294 622 Et

71 648 176 701 tamen
198 638 277 699 idem
299 637 346 700 ille
368 647 521 718 martyres,
543 647 619 717 quo's
634 639 819 702 blontanistis
834 642 1009 716 detraxerat,
1030 641 1106 706 libre
1122 643 1208 706 tertio
1222 645 1293 706 red-

71 725 121 796 dit
150 731 180 784 et
205 723 319 802 adquns
347 723 441 784 luisse
469 725 585 797 latetur,
615 725 668 786 sed
695 726 731 786 ad
753 744 815 788 rem
837 727 985 806 pertinere
1014 736 1101 808 negat
1129 727 1294 808 nullamque

69 825 130 888 per
153 825 206 868 ees
229 807 431 870 auctoritatem
453 809 538 870 33313
559 809 712 888 prophetis
734 810 872 872 accedere
886 810 1046 886 contendit,
1067 830 1157 892 quum
1171 814 1293 874 311133-

70 893 212 954 ciouistis
235 900 265 952 et
285 892 405 956 aliarum
428 893 594 956 haeresium
617 893 707 956 sectis
728 895 775 956 soi
797 895 857 964 sint
878 905 1031 975 martyres,
1053 915 1180 976 quorum
1196 907 1294 960 umen

69 977 197 1055 sanguis
226 995 344 1040 errores
373 977 545 1057 opinionum
573 996 779 1057 perversarum
807 998 868 1041 uon
897 979 1047 1043 eluisset·.
1091 980 1177 1054 Quod
1205 1000 1293 1063 quam

71 1079 182 1142 parum
217 1061 306 1122 distet
343 1081 358 1122 3
392 1063 641 1136 contradictione,
675 1063 816 1136 viderint,
852 1083 976 1144 3333333
1019 1064 1145 1128 interest
1186 1067 1294 1129 borum
1339 1122 1344 1134 .

72 1147 309 1225 fragmentorum
332 1147 534 1208 auctoritatem
557 1147 699 1228 integram
711 1168 838 1211 servare.
862 1148 1042 1219 ldudnecin
1069 1169 1214 1230 anonymo
1238 1168 1293 1213 nec

73 1231 105 1292 in
129 1229 288 1310 Apodonio
320 1230 472 1293 terentum
496 1231 610 1294 videtur
631 1240 659 1293 et
680 1233 711 1294 ni
733 1233 817 1295 131133
838 1235 969 1296 omnium
991 1233 1214 1296 vitiosissimum
1237 1244 1295 1310 est,-

72 1315 156 1394 quod
185 1315 215 1376 in
237 1315 393 1394 pingendis
415 1315 601 1379 blontanistis
624 1317 753 1380 colorem
775 1319 922 1381 interdum
944 1327 1058 1380 vertam
1079 1327 1108 1380 et
1129 1319 1292 1382 desultoria

70 1419 160 1461 more
183 1418 263 1462 nune
284 1400 320 1460 de
342 1399 514 1479 imposturis
537 1410 568 1463 et
587 1402 705 1464 fallendi
720 1403 843 1478 artibus,
866 1422 945 1466 nunc
958 1404 995 1466 de
1010 1403 1220 1478 enthusiasmo,
1242 1405 1292 1466 in·

72 1485 191 1548 tardum
214 1484 302 1545 etiam
325 1485 361 1545 de
383 1485 590 1564 agitationibus
613 1507 629 1548 3
651 1486 728 1548 melo
750 1488 837 1566 genio
858 1489 998 1567 protectis
1021 1488 1172 1567 disputent
1193 1497 1224 1550 et
1243 1509 1293 1552 res

70 1570 163 1649 longe
192 1568 410 1630 diversissimas
440 1577 469 1630 et
496 1589 570 1649 quae
597 1571 628 1632 in
650 1589 710 1634 uno
733 1572 851 1634 bomine
875 1572 962 1634 simul
983 1591 1052 1634 esse
1073 1590 1133 1633 333
1155 1583 1293 1651 possunt,

72 1655 220 1715 inunum
254 1661 351 1714 tamen
385 1655 581 1716 characterem
615 1665 730 1735 cogant.
775 1656 939 1735 Oportebat
970 1665 1067 1718 antem
1099 1675 1165 1718 curn
1196 1657 1292 1737 aliquo

72 1738 247 1800 discrimine
268 1739 379 1798 versari
401 1747 431 1800 et
452 1747 484 1800 ut
505 1740 660 1819 unicuique
681 1741 818 1821 protinus
834 1751 971 1804 33331333
985 1740 1091 1819 possit,
1114 1759 1223 1821 exque
1238 1761 1292 1821 ge-

1 1856 2 1890 :
72 1841 149 1884 nero
171 1822 332 1902 propbetas
353 1823 419 1884 lalsi
440 1823 558 1898 luerint,
583 1825 782 1904 descriptione
803 1833 883 1887 certa
904 1845 960 1888 nec
980 1823 1054 1886 adeo
1077 1825 1156 1887 33313
1177 1826 1292 1887 consti·

1 1941 3 1978 :
73 1917 170 1969 tuere.
214 1907 273 1968 lam
301 1926 372 1968 vero
394 1909 550 1970 1133133333
577 1909 607 1970 13
635 1909 786 1972 historicis
814 1909 925 1972 nostris
956 1909 1110 1987 aliquoties
1133 1929 1292 1989 personam

74 1999 172 2053 mutat
203 2000 232 2052 et
262 2011 330 2052 mox
357 1992 513 2054 calliditate
540 2012 575 2054 ac
600 1994 751 2058 fraudibus
780 1994 906 2056 fabulam
928 1995 996 2073 agit,
1029 2011 1098 2055 mox
1119 1994 1198 2068 lurit,
1221 2013 1292 2058 mox

0 2139 1 2144 ,
73 2077 203 2155 agitatur
231 2095 247 2136 a
275 2076 402 2138 diabolo.
445 2079 486 2140 Ac
515 2078 627 2140 fraudis
660 2097 728 2140 eum
759 2097 850 2158 aeque
877 2097 912 2140 ac
937 2076 1122 2140 mulierculas
1150 2079 1293 2156 accusmi,

1 2197 3 2234 p
73 2162 126 2224 vel,
143 2180 179 2222 cx
200 2179 237 2221 eo
259 2161 443 2223 manifestum
466 2173 519 2236 eet,
550 2164 629 2243 quod
652 2162 766 2224 initium
789 2164 939 2224 turbarum
962 2182 997 2224 ex
1018 2162 1211 2225 immoderato
1233 2186 1293 2248 φι-

72 2244 282 2328 temperatae
310 2247 407 2308 studio
435 2247 559 2325 cepisse,
593 2248 671 2327 quod
702 2249 856 2327 pecuniam
885 2255 1019 2325 captasse
1041 2255 1071 2308 et
1098 2247 1226 2311 vicissim
1256 2249 1292 2310 ad

1 2375 2 2406 2
72 2330 276 2393 conciliandos
299 2329 355 2391 sibi
378 2339 407 2392 ct
421 2331 586 2410 pascendos
602 2332 731 2394 asseclas
747 2332 873 2404 dedisse,
896 2332 974 2411 quod
990 2333 1095 2393 foenus
1111 2333 1290 2408 exercuisse,

72 2416 138 2476 alea
165 2415 285 2487 lusisse,
316 2433 423 2494 eorpus
452 2417 538 2477 etiam
560 2418 687 2479 molliter
708 2435 827 2480 curasse
849 2425 879 2478 et
899 2416 1019 2495 capillos
1042 2416 1165 2478 tinxisse
1186 2417 1290 2497 perbi-

73 2501 223 2573 bentur⁸3
246 2497 340 2577 qualia
362 2499 390 2560 in
412 2501 587 2579 prophetam
609 2502 712 2564 cadere
727 2508 852 2580 possunt
866 2500 1068 2579 impostorem,
1091 2520 1150 2561 non
1166 2502 1196 2562 in
1212 2521 1291 2576 eum,

75 2586 125 2664 qui
152 2584 227 2645 male
257 2591 336 2646 tutae
364 2584 470 2646 mentis
499 2594 582 2646 aestu
609 2586 654 2646 vel
681 2585 768 2665 plano
789 2586 931 2645 daemone
953 2585 1100 2664 aspirante
1123 2585 1290 2666 corripitur.

74 2670 113 2730 Et
134 2677 230 2730 tamen
252 2667 331 2728 idern
352 2668 566 2732 illcblentanus
588 2670 664 2748 apud
687 2671 807 2730 eosdem
829 2676 963 2730 auctores
986 2670 1017 2730 in
1040 2671 1168 2730 ecstasin
1190 2671 1292 2732 incidit

73 2763 106 2816 et
133 2752 257 2816 amentia
286 2752 466 2816 bacchetur!
495 2762 524 2814 et
551 2753 582 2814 in
604 2755 650 2815 bis
673 2754 790 2815 demtum
813 2753 962 2814 ecstaticis
984 2753 1112 2814 motibus
1134 2755 1194 2814 veri
1216 2745 1290 2834 333-

73 2841 180 2918 phetae
207 2839 323 2916 signum
353 2857 421 2899 esse
449 2837 607 2900 contendit
657 2839 767 2916 legerit
792 2856 825 2898 se
853 2837 978 2916 denique
1006 2838 1099 2898 malus
1129 2839 1231 2916 genius
1260 2845 1290 2899 et

74 2925 243 2985 1133133333
272 2922 360 2983 modo
389 2923 582 3002 impostorem
620 2931 669 2982 aut
697 2921 898 2982 enthusiasmo
928 2929 1094 3001 correptum
1127 2922 1230 3000 implet
1262 2931 1292 2984 et

78 3007 156 3085 (prod
177 3005 307 3068 omnium
330 3007 454 3069 maxime
476 3008 582 3068 mirum
616 3013 671 3076 est,
699 3013 769 3066 cu'm
787 3013 846 3066 tam
868 3005 1077 3066 contumaciter
1099 3014 1230 3085 occupat,
1259 3016 1293 3068 ut

80 3093 165 3152 etiam
200 3112 215 3152 a
247 3091 319 3152 viris
352 3092 410 3171 piis
444 3092 508 3152 eiici
541 3109 601 3152 nou
629 3089 767 3169 potuerit.
810 3090 899 3151 Aiunt
925 3091 1003 3150 enim
1025 3098 1161 3151 auctores
1183 3091 1291 3168 nostri,

79 3195 250 3256 quamquam
272 3176 354 3238 valde
376 3177 567 3255 inexpectata,
589 3174 753 3254 hypocritas
776 3173 939 3249 obstitisse,
960 3193 1019 3253 quo
1043 3175 1139 3236 minus
1154 3174 1290 3238 diabolus

79 3261 181 3342 expelli
203 3261 360 3341 potuerit·
388 3261 431 3322 lta
452 3279 523 3322 vero
545 3259 626 3322 multi
648 3258 789 3338 ancipites
811 3258 983 3332 haerebunt*
1007 3258 1056 3338 qui
1072 3259 1135 3320 lieri
1150 3261 1289 3339 potuerit,
1313 3297 1315 3308 ι

76 3355 110 3407 ut
131 3345 180 3418 illi,
203 3346 251 3426 qui
275 3345 468 3408 daemonibus
492 3345 634 3424 imperare
656 3351 686 3404 et
708 3343 825 3411 erilium
847 3343 977 3404 indicere
1000 3353 1197 3422 speraverant,
1221 3363 1288 3408 ecs-

112 3472 659 3550 ῑ,1131313Ἄπροκρινάσθωοανῆμῖνπρός
709 3475 765 3527 λων
794 3471 934 3546 αἱρέσεών·
949 3493 1019 3534 τινες
1043 3475 1184 3534 πλείστους
1210 3471 1291 3534 boenc

75 3549 158 3598 θεοῦ·
177 3541 254 3599 Ἐστι
272 3563 320 3604 τις,
347 3535 368 3596 oi
385 3546 534 3612 βέλτιοιοι,
554 3540 658 3594 τούτων
709 3541 803 3613 ἔχουσι
819 3540 962 3615 μάρτυρας
978 3541 1042 3594 atri!
1198 3597 1210 3626 ¹

56 3617 131 3665 ,τῶν
153 3609 207 3666 ἀπὸ
226 3616 374 3666 Menaeni
399 3612 444 3664 aci
460 3613 596 3680 γυναικοῖν
612 3611 658 3663 dc·
744 3631 765 3665 x.
785 3615 871 3666 Enseb.
890 3617 928 3666 cit.
949 3616 1003 3665 leco
1021 3631 1071 3676 cap.
1093 3615 1149 3665 ta:
1167 3605 1289 3673 (ceroci

74 3683 130 3734 λεῖν
153 3677 322 3752 ἀρξαμένων,
348 3677 419 3738 icccc
444 3679 496 3732 ὑπὸ
520 3676 659 3730 Ἰουδαίων
707 3676 868 3742 Mantiane)
901 3675 915 3730 i
948 3681 1106 3750 πρατῆρας
1137 3674 1291 3748 χρημάτων

76 3746 203 3819 ἐδιώχθη,
230 3746 246 3814 ἢ
272 3747 324 3802 ὑπὸ
341 3745 510 3818 παρανόμων
528 3743 657 3798 ἁπεκτάν-
706 3743 894 3809 καταστήσας·
920 3743 935 3798 ὃ
960 3741 1006 3800 ἐπ’
1032 3741 1080 3799 ivri
1103 3763 1148 3798 οτι
1165 3759 1291 3816 προσφο-

76 3823 129 3880 dm
155 3814 251 3876 οὐδείς.
287 3811 358 3870 (lidi
374 3817 412 3900 y!
429 3834 469 3873 τις
486 3809 578 3865 αὐτῶν,
593 3830 657 3882 xpc·
708 3815 767 3932 ρῶν
791 3811 841 3877 τὴν
867 3812 1045 3883 δωροληψίαν
1081 3809 1285 3894 attemptans,

77 3883 166 3948 apicis
183 3881 250 3956 ὑπὲρ
269 3887 317 3936 τοῦ
334 3880 468 3954 declames
486 3877 656 3952 desuscepti·
742 3879 859 3952 οαλάρια
899 3883 1010 3951 ορηγῶν
1035 3883 1092 3937 τοῖς
1108 3892 1289 3950 superteneat

78 3957 131 4015 int
160 3949 222 4006 atet
246 3950 319 4022 μὴν·
350 3949 413 4004 οὐδὲ
435 3949 465 4002 ἐν
483 3965 552 4000 aava
572 3951 657 4016 ‹cyaic
708 3944 791 4001 αὐτοῦ
809 3946 858 3999 τὸν
874 3899 965 4016 fiper,
993 3945 1039 4000 ἵνα
1052 3945 1098 3999 διὰ
1115 3951 1163 4010 τῆς
1177 3963 1291 4016 γαστρο-

76 4015 214 4072 Ἰοοδοὶων
237 4023 294 4072 τῶν
317 4021 456 4088 γανααοῖν
480 4035 520 4074 τις
547 3967 571 4071 ἶ
582 4031 656 4068 cart·
706 4015 827 4086 μοργίος
851 4011 1044 4078 ἦδιδασκολίο
1061 4017 1110 4066 τοῦ
1126 4011 1210 4098 λὸρου
1226 4031 1290 4083 κρα-

77 4084 155 4156 potae
178 4088 244 4142 nori
269 4082 494 4156 attemptatam·
519 4035 657 4155 odditpios
708 4081 821 4147 atratus
845 4111 877 4123 —
896 4113 926 4125 -
954 4079 1118 4164 ῌροφιξτης,
1146 4081 1203 4164 erni
1222 4098 1288 4165 pos,

80 4151 237 4226 οὐδαμῶς.“
707 4147 857 4220 βάπτεται,Ι
869 4169 1013 4222 προφητης
1024 4149 1134 4234 replear
1143 4167 1189 4202 και
1199 4153 1289 4234 nepotc

112 4244 133 4277 ο.
157 4229 232 4278 ibid:
254 4219 313 4276 'unt
330 4220 392 4279 τοὺς
410 4217 553 4291 μάρτυρος
576 4237 658 4271 κατα·
708 4218 813 4278 arcican
830 4217 976 4290 προφήτης
987 4216 1118 4298 δανειξεις
1129 4221 1288 4286 susscepe-

78 4289 189 4378 φεύγειν
219 4294 368 4362 πειρῶνται
396 4289 518 4356 λέγοντες
542 4285 656 4345 πολλοὺς
683 4283 903 4354 dorcasinum
924 4282 989 4338 πότι
1009 4303 1042 4335 ον
1064 4305 1079 4348 η
1101 4283 1156 4354 μὴ·
1180 4282 1233 4353 ἐγὼ
1258 4282 1289 4337 dt

76 4379 145 4431 εχειν
159 4356 304 4430 μάρτυρας
319 4357 364 4410 καὶ
382 4359 462 4410 τοῦτο
480 4348 550 4408 εἶναι
561 4353 656 4425 rexperi-
707 4351 750 4406 tn
766 4353 862 4422 γέγονε
880 4349 950 4420 παρ’
1005 4356 1062 4408 τοῖς
1079 4351 1164 4412 δείξω.

78 4447 136 4500 ριον
152 4426 255 4484 πιστὸν
275 4429 322 4489 τῆς
345 4421 486 4494 δυνάμεως
509 4425 558 4476 τοῦ
583 4419 652 4492 παρ’
740 4442 761 4489 y.
782 4426 854 4474 ibid:
873 4416 992 4488 ἀκουσίῳ
1008 4419 1095 4502 ρανίᾳ
1112 4423 1207 4490 dapis.

77 4493 165 4554 αὐτοῖς
182 4495 328 4565 λεγομένου
346 4493 520 4576 προφψαοῦ
538 4488 656 4560 πνεύμα-
741 4509 762 4542 a.
782 4492 855 4541 ibid:
879 4491 919 4559 Ζῇ
937 4485 951 4540 ὁ
972 4489 1039 4546 Geor
1061 4484 1074 4539 ὁ
1097 4485 1128 4540 ἓν
1150 4485 1286 4557 οὐρανοῖς,

77 4582 134 4622 τος·
153 4564 191 4618 Τὸ
210 4561 241 4616 δὲ
254 4561 330 4615 ἔστιν
339 4557 400 4632 ἄρα,
422 4578 458 4617 ως
466 4555 544 4618 ἔοικε,
555 4557 658 4616 παντὸς
708 4552 752 4610 ὅτι
768 4557 866 4612 nosrta
887 4553 901 4607 d
925 4553 1060 4626 μακάριος
1077 4552 1091 4607 ὂ
1110 4554 1139 4609 lv
1164 4552 1286 4626 ἀγχιάλῳ

74 4632 176 4703 μᾶλλον
200 4629 249 4684 οὐκ
267 4625 381 4693 ἀληθὲς·
403 4625 521 4696 καὶγὰρ
539 4629 596 4678 τῶν
612 4621 657 4678 ἄλ-
708 4620 823 4688 sibilans
848 4621 898 4676 τὸν
924 4623 1043 4694 δαίμονα
1064 4625 1112 4688 τῆς
1129 4623 1289 4696 llpsnatt'iiat·
