3132 5238
249 329 291 396 36
376 345 423 395 ott.
440 343 523 386 SEPT.
539 344 623 386 FLOR.
639 329 834 386 rssrucntittt
847 341 914 384 virt
927 340 1060 384 tacteus
1075 340 1179 382 IACOBO
1195 339 1332 383 ΡΔΙΕΗΟ.

182 511 183 516 ’
251 495 411 568 tullianum,
434 495 487 556 sed
509 494 712 572 Tertullinum,
734 513 824 574 supra
845 493 875 554 in
896 493 970 574 ipsis
993 492 1132 572 auspiciis
1154 491 1357 554 annotavimus
1380 489 1459 564 (Lib.

249 581 292 642 lle
313 579 426 641 Poenit.
455 580 484 640 in
513 579 588 642 calce
616 579 777 659 argumenti
805 586 835 640 et
865 579 928 640 suis
950 577 1115 657 quibusque
1136 576 1232 653 locis).
1275 575 1403 654 Denique
1425 575 1460 636 S.

249 665 392 728 Pacianus
414 665 705 744 adSymproniauum
727 661 1016 726 conuaNoratiauos
1039 662 1110 724 nibil
1131 680 1186 740 pro
1214 661 1257 722 eis
1272 660 1354 722 iacit:
1387 659 1462 722 Ter-

247 750 413 822 tullianus,
448 749 555 828 inquit,
586 761 658 830 past
686 749 825 811 haeresin
851 748 951 822 (etiam
972 747 1137 808 addendum
1159 745 1339 821 censuimus)
1361 755 1463 806 aester

251 823 312 896 elit:
336 853 406 896 nom
425 834 521 897 multa
541 836 609 896 inde
631 837 809 915 sumpsistis.
840 832 941 914 lpsnm
964 831 1091 914 epistola
1111 851 1177 902 sata,
1201 841 1229 892 et
1244 850 1279 892 ea
1293 834 1360 910 ipso
1374 849 1465 910 quam

252 918 421 983 Catbolicus
445 919 548 994 edidit,
570 919 672 980 audies
695 919 897 999 confitentem,
923 937 1014 998 posse
1035 915 1198 978 Ecclesiam
1217 928 1341 996 peccata
1362 915 1464 976 dimit-

142 999 145 1010 '
250 1015 324 1066 tere.
362 1002 462 1081 Neque
485 1002 562 1064 enim
583 1002 712 1082 loquitur
734 1004 770 1064 dc
796 1002 930 1082 epistola,
953 1021 1039 1080 quarn
1054 1008 1124 1082 post
1137 995 1284 1075 haeresin,
1308 999 1360 1060 sed
1375 1017 1465 1078 quam

249 1095 334 1150 antea
362 1087 456 1148 adhuc
477 1087 644 1149 Catholicus
675 1087 820 1162 ediderat,
853 1105 959 1166 nempe
981 1086 1031 1148 lib.
1052 1087 1094 1147 Dc
1115 1085 1313 1158 Paenitentia,
1347 1103 1382 1146 ex
1404 1103 1465 1162 quo

247 1171 340 1234 multa
370 1172 467 1251 ipsum
500 1171 694 1252 descripsisse
726 1172 794 1234 alibi
825 1171 1038 1233 annotavimus.
1082 1170 1167 1232 Certe
1199 1169 1225 1229 si
1259 1169 1298 1230 ita
1320 1169 1465 1232 creditum

250 1257 366 1329 luisset,
388 1274 449 1316 non
470 1263 623 1336 tantopere
644 1257 780 1318 haeresin
803 1257 889 1318 buius
912 1256 982 1317 boni
1004 1256 1059 1316 viri
1081 1255 1266 1334 deplorasset
1287 1254 1317 1316 S.
1334 1253 1464 1316 Vincen-

250 1342 309 1402 tius
331 1341 513 1415 Lirinensis,
546 1341 628 1404 cuius
663 1341 779 1402 interim
806 1341 895 1402 rerba
922 1340 1044 1402 antidoti
1066 1340 1147 1412 loco,
1181 1357 1218 1400 ne
1240 1339 1306 1417 quis
1328 1339 1405 1400 iortc
1427 1360 1465 1402 ex

250 1445 286 1487 eo
320 1425 540 1499 scandalizetur,
573 1426 705 1488 addenda
736 1427 916 1506 putavimus:
955 1426 1024 1488 Fuit
1047 1430 1101 1486 iste
1123 1443 1237 1506 quoque
1259 1423 1402 1498 (alludens
1426 1425 1464 1486 ad

251 1510 419 1589 origenem,
440 1511 477 1572 de
499 1529 556 1590 quo
580 1511 686 1572 similia
708 1511 882 1590 scripserat,
906 1510 955 1588 qui
978 1530 994 1571 a
1016 1509 1073 1570 stne
1094 1508 1209 1588 imperii
1221 1508 1322 1570 Severi
1344 1509 1379 1570 ad
1401 1509 1463 1571 lle·

250 1595 328 1656 cium
350 1613 444 1672 usque
467 1596 637 1675 superuixit)
666 1602 698 1658 in
719 1596 852 1658 Ecclesia
872 1614 979 1674 magna
1001 1598 1153 1682 tentatio.¹
1181 1593 1239 1656 Sed
1260 1595 1295 1656 de
1317 1593 1369 1656 bos
1390 1595 1463 1656 nolo

248 1679 345 1759 plura
359 1679 466 1755 dicere,
489 1679 543 1742 lma
556 1691 671 1742 tantum
685 1680 925 1751 commemorabo,
949 1681 1027 1760 quod
1048 1677 1260 1741 contruMosis
1271 1690 1462 1760 praeceptum

252 1773 430 1842 esurgentes
457 1768 490 1825 in
511 1764 645 1827 Ecclesia
671 1765 807 1827 novellas
831 1764 970 1826 Montani
996 1766 1098 1844 sarias
1121 1773 1148 1826 ct
1170 1767 1280 1825 insana
1301 1763 1353 1825 illo
1372 1767 1459 1824 insa-

251 1865 362 1908 narum
387 1847 550 1909 mulierum
576 1854 685 1912 novitii
711 1850 855 1930 dogmatis
884 1853 1000 1911 somnia
1028 1867 1116 1910 ceras
1142 1848 1320 1928 propians
1342 1867 1462 1912 asseve-

253 1931 348 1994 rando
380 1937 489 1994 meruit
510 1944 545 1995 nt
567 1935 602 1996 de
622 1953 654 1996 se
676 1945 840 2014 quoquest
862 1937 1024 2013 scripturis
1046 1937 1110 1995 suis
1134 1935 1301 1995 diceretur:
1335 1931 1370 1994 Si
1390 1952 1465 1994 sur—

250 2020 369 2078 raserit
389 2021 422 2078 in
443 2018 537 2080 medio
561 2022 607 2079 tui
624 2019 782 2099 propbeta,
805 2029 859 2079 ete.
882 2035 944 2079 non
966 2019 1069 2081 audies
1084 2018 1177 2080 verba
1187 2019 1354 2098 propbetas
1369 2017 1464 2078 illius.

199 2164 203 2172 ,
252 2098 375 2174 Quare?
410 2101 497 2175 Quia,
520 2102 623 2180 inquit,
647 2113 741 2165 tentat
762 2121 816 2164 aas
839 2101 985 2164 Dominus
1002 2101 1084 2164 Deus
1107 2116 1213 2182 uester,
1237 2115 1343 2164 utrum
1357 2103 1467 2182 diliga-

252 2189 291 2247 tis
314 2205 388 2257 uam,
411 2205 452 2247 an
472 2206 544 2249 non.
574 2187 629 2248 His
651 2192 746 2268 igitur
768 2197 812 2249 tot
833 2205 868 2248 aa
890 2191 982 2248 tantis
1005 2191 1187 2268 caeterisque
1209 2189 1354 2250 et'usmodi
1373 2187 1467 2249 eccle-

251 2274 443 2332 siasticorum
470 2272 677 2352 exemplorum
707 2271 835 2334 malibus
864 2273 1015 2334 evidenter
1048 2272 1206 2333 advertere
1231 2291 1269 2336 ,aa
1304 2274 1470 2334 sanandum

251 2354 481 2417 Deuteronomii
507 2356 581 2436 leges
604 2357 668 2418 luce
691 2357 804 2418 clarius
827 2355 994 2436 intelligere
1017 2357 1168 2425 debemus,
1198 2357 1276 2437 quod
1297 2361 1326 2418 si
1346 2359 1467 2437 quando

251 2438 360 2519 aliquis
383 2440 598 2502 ecclesiasticus
619 2446 762 2520 nmgisnr
784 2441 983 2511 oberraverit,
1008 2442 1047 2503 ad
1069 2445 1263 2503 tentationem
1283 2453 1421 2504 nostram
1436 2444 1468 2504 id

251 2524 324 2604 ficri
339 2525 532 2602 prouidentia
555 2526 656 2588 dr'uina
673 2531 823 2606 patiatur,
845 2535 950 2586 utrum
973 2525 1128 2604 diligamus
1150 2526 1253 2597 Derane,
1277 2545 1317 2587 an
1338 2545 1410 2599 non,
1433 2533 1466 2588 in

219 2637 222 2642 ·
252 2617 315 2670 tota
338 2609 426 2670 corde
449 2615 531 2672 etin
554 2621 618 2672 toto
638 2615 739 2673 anima
761 2622 879 2672 nostra.
1250 2615 1255 2625 ‘

334 2692 465 2772 Denique
487 2694 634 2756 coronidis
656 2695 718 2756 vice
739 2713 800 2755 non
821 2693 1076 2773 praeteremtdum,
1099 2695 1177 2771 quod
1200 2713 1235 2756 ex
1256 2695 1289 2755 B.
1299 2695 1467 2775 Augustino

251 2776 416 2852 didicimus,
439 2779 563 2840 durasse
584 2779 679 2842 adhuc
700 2779 735 2841 ad
758 2798 812 2840 sua
833 2797 927 2857 usquc
949 2786 1081 2856 tempora
1103 2779 1336 2841 Tertullianistas
1357 2781 1467 2842 baere-

253 2861 339 2936 ticoS,
362 2870 392 2923 et
414 2869 475 2925 lum
496 2864 624 2943 primum
645 2865 675 2926 in
690 2864 861 2925 catholicam
875 2862 1035 2924 Ecclesiam
1051 2863 1215 2925 transiisse.
1247 2865 1359 2936 Quibus
1375 2866 1468 2927 etiam

251 2947 361 3026 magia,
394 2967 480 3026 quam
507 2948 565 3028 ipsi
588 2949 783 3023 Tertulliano,
817 2965 973 3010 censemus
1001 2947 1198 3027 imputandam
1220 2949 1465 3012 absurdissimam

251 3031 328 3094 illam
356 3031 503 3107 haeresin,
530 3053 587 3112 qua
617 3034 753 3096 dicebant
773 3033 884 3095 animas
906 3032 1058 3094 hominum
1079 3033 1225 3111 pessimas
1248 3041 1464 3114 post-mortem

252 3115 282 3175 in
305 3117 463 3178 daemonas
487 3118 628 3190 converti,
650 3119 775 3179 marimo
798 3137 886 3197 quum
901 3125 994 3178 aetate
1009 3117 1136 3195 primum
1149 3117 1302 3197 Augustini
1317 3127 1385 3200 post
1398 3117 1461 3180 bo-

251 3199 374 3259 natistas
407 3208 437 3260 et
457 3199 661 3264 lorinianistas
684 3203 864 3263 collocentur
885 3200 1129 3278 Tertullianistae,
1162 3203 1212 3282 qui
1244 3204 1273 3264 id
1306 3203 1468 3276 senserint,

252 3289 315 3342 tum
336 3281 372 3342 ab
394 3282 471 3361 ipso,
504 3293 565 3346 tum
587 3303 604 3346 a
626 3285 657 3346 S.
679 3286 806 3358 isidoro,
828 3286 959 3347 lionorio
981 3285 1249 3364 Augustoduuensi,
1273 3289 1413 3351 Rhabano
1438 3299 1470 3351 et

253 3365 390 3427 Gratiano
424 3367 454 3428 in
487 3369 624 3448 catalogis
656 3369 885 3431 haereticorum:
922 3370 1188 3442 „Tertullianistoe
1222 3373 1328 3452 (inquit
1355 3373 1404 3435 ille
1431 3377 1470 3436 ad

254 3450 498 3525 Quodvultdeum,
521 3453 571 3514 lib.
592 3453 635 3514 Dc
656 3455 791 3530 Haeres.)
819 3453 838 3516 a
863 3454 1065 3540 Tertulliano,
1099 3461 1183 3519 cuius
1207 3457 1349 3538 leguntur
1372 3478 1471 3540 opus-

254 3535 322 3598 cula
342 3536 439 3598 multa
460 3537 697 3619 eloquentissime
720 3543 850 3618 scripta,
881 3559 974 3627 usque
996 3541 1036 3602 od
1057 3553 1196 3604 nostrum
1218 3555 1333 3624 tempus
1352 3546 1471 3623 parala-

253 3625 305 3684 tim
327 3621 493 3702 deficientes
516 3627 548 3685 in
570 3628 709 3686 entremis
731 3625 867 3705 reliquiis
890 3625 1003 3687 durare
1025 3645 1087 3688 non
1103 3637 1275 3706 potuerunt
1306 3627 1363 3701 (sic
1388 3630 1473 3692 enim
1528 3677 1532 3686 ,

253 3705 440 3785 castigamus)
463 3711 495 3768 in
517 3709 592 3770 urle
616 3709 863 3789 Carthaginiensi.
907 3708 954 3772 Me
980 3715 1056 3772 enim
1078 3711 1120 3772 ili
1137 3717 1236 3791 posito
1259 3717 1328 3775 onte
1351 3713 1474 3796 aliquot

252 3809 365 3863 annos,
394 3793 581 3872 quodetiam
604 3805 631 3856 te
651 3798 818 3856 meminisse
839 3795 994 3867 arbitror,
1027 3799 1109 3857 omni
1129 3815 1167 3856 aa
1183 3809 1275 3877 parte
1298 3806 1475 3880 consumpti

213 3883 216 3894 '
253 3889 335 3939 sunt.
378 3875 556 3940 Panct'ssimi
576 3883 670 3949 etiam,
694 3884 746 3959 qui
765 3889 985 3952 remanserunt,
1009 3883 1041 3941 in
1064 3879 1244 3944 Catbolicum
1266 3887 1471 3956 transicmnt,

253 3979 393 4040 suamque
416 3962 581 4034 basilicam,
604 3983 679 4044 quae
699 3983 780 4026 nunc
801 3967 889 4026 etiam
909 3967 1067 4026 notissima
1088 3977 1146 4036 est,
1178 3965 1346 4029 Catholicae
1366 3971 1472 4032 tradi-

255 4045 373 4104 derunt.
425 4045 512 4117 Quod
533 4047 644 4110 utinam
665 4047 781 4110 illorum
804 4047 938 4126 exemplo
960 4047 1017 4108 iam
1040 4067 1157 4128 quoque
1178 4049 1210 4110 in
1231 4060 1336 4114 nostro
1363 4053 1468 4133 belgio

155 4201 159 4212 1
254 4125 422 4187 fatiscentes
445 4140 564 4194 cosmae
588 4132 771 4213 tempestatis
793 4131 932 4193 baeretici
952 4133 1125 4212 propediem
1158 4136 1263 4197 iaciant
1294 4137 1356 4199 Deo
1379 4141 1469 4200 auxi-

254 4209 352 4284 liante,
374 4211 420 4273 cui
440 4213 546 4292 honor,
567 4224 699 4298 potestas
723 4225 752 4278 et
773 4217 864 4297 gloria
885 4216 915 4278 in
938 4215 1053 4278 saecula
1076 4221 1269 4282 saeculorum.
1305 4222 1409 4284 Amen.

657 4424 1063 4446 -u-——n—J———ss
