3122 5250
505 361 639 412 sacroue
659 363 717 410 nro
739 363 777 406 ns
798 361 926 406 noomr.
1057 358 1060 368 ¹
1258 347 1321 414 359

107 510 295 574 mscommto
317 511 428 574 Romae
450 519 568 592 temque
589 512 620 575 in
641 513 723 576 ltalia
743 512 860 593 penitus
879 512 1017 593 abrogata
1031 511 1200 594 sublataque
1215 515 1324 580 luerim

107 595 186 670 (Liv.
208 595 259 658 lib.
280 595 410 658 XXXIX.
443 615 506 678 cap.
528 601 559 662 9.
580 615 675 677 usquo
696 597 732 659 ad
756 601 830 674 19.)
886 596 1085 672 Quamobrem
1112 609 1190 661 recte
1220 599 1321 682 Augu·

108 681 221 742 sunus:
247 680 329 744 llaec
346 691 462 761 posteo,
484 682 587 762 iuquit,
610 682 829 763 displicuerunt
851 687 972 746 senatui
990 686 1110 746 saniori
1129 696 1157 747 ct
1178 703 1213 746 ea
1233 690 1323 750 iussit

108 767 234 846 auferri
254 765 386 846 (August
407 765 457 828 lib.
479 766 526 828 vt.
549 767 586 828 dc
608 766 691 830 Civit.
712 766 766 829 uei
788 784 852 846 cap.
874 768 928 844 9.).

194 851 302 912 Contra
323 867 411 912 vero:
445 849 628 932 Serapidem
656 852 696 914 ait
723 852 817 914 adhuc
838 852 947 914 Auctor
972 859 1085 925 noster,
1114 863 1143 914 et
1163 851 1272 917 laidem
1293 867 1322 919 et

104 935 332 1015 Harpocratem
353 953 419 996 cem
440 954 496 998 suo
519 935 717 1016 cynocephalo
751 936 895 1016 Capitolio
914 936 1096 1017 probibitos,
1118 937 1150 998 id
1170 951 1215 1002 est
1236 945 1323 1002 curia

105 1021 234 1082 dearum
253 1019 369 1100 pulsos,
384 1018 454 1083 Piso
479 1031 506 1082 et
518 1021 660 1083 Gabinius
677 1021 824 1097 consules,
846 1040 908 1083 uou
921 1025 1024 1101 utipue
1039 1021 1211 1095 Christiani,
1236 1042 1322 1087 euer-

105 1109 154 1168 sis
175 1107 264 1166 etiam
284 1108 350 1166 cris
372 1123 477 1167 comem
497 1105 720 1177 abdicauerunt,
743 1110 878 1184 turpium
900 1115 928 1168 et
950 1109 1116 1169 otiosarum
1130 1113 1322 1187 superstitio-

103 1208 183 1252 num
213 1193 288 1252 uitia
320 1189 485 1252 cobibeutes
518 1188 699 1263 (Tertullian.
719 1189 873 1270 Apologet.
896 1207 959 1268 cap.
980 1191 1034 1266 6.).
1079 1189 1138 1252 Sed
1170 1191 1242 1254 haec
1274 1193 1322 1254 ille

103 1273 197 1354 paulo
227 1273 346 1335 uberius
372 1273 404 1334 in
425 1273 482 1335 alio
502 1273 588 1346 libro,
616 1275 668 1336 ubi
689 1283 719 1336 et
741 1282 846 1337 testem
867 1275 1029 1336 Varronem
1050 1273 1129 1337 hunc
1149 1275 1180 1336 in
1201 1276 1322 1340 modum

106 1357 221 1421 citarit:
243 1357 419 1439 Serapidem
440 1369 468 1420 et
490 1357 600 1422 lsidem
621 1370 649 1422 et
669 1359 869 1439 Arpocratem
890 1371 919 1422 et
932 1357 1060 1422 Anubim
1077 1359 1247 1440 probibitos
1265 1363 1322 1426 ca-

101 1443 216 1526 pitolio
240 1442 337 1505 Varro
365 1454 575 1506 commemorat
590 1462 751 1525 eorumque
773 1453 891 1506 statuas
913 1462 933 1504 a
952 1454 1062 1506 senatu
1083 1445 1220 1508 disiectas
1242 1465 1321 1510 nou-

104 1531 173 1592 ru'si
188 1545 247 1608 per
267 1529 327 1588 mire
344 1527 543 1608 popularium
565 1539 743 1603 restructas,
773 1529 825 1590 sed
846 1537 944 1589 tomeu
967 1528 1109 1592 Gabinius
1132 1525 1240 1593 consul
1258 1530 1323 1594 llo-

105 1613 206 1674 leudis
233 1611 389 1674 Ianuariis
419 1631 485 1675 cum
511 1617 567 1674 oia
592 1613 705 1675 boetius
729 1613 877 1692 probaret
902 1629 980 1692 prae
1005 1613 1201 1693 popularium
1227 1626 1321 1689 cocta,

103 1701 179 1780 quic
199 1696 278 1758 nibil
297 1698 332 1758 de
352 1695 497 1777 Sarapias
518 1708 546 1758 et
567 1696 645 1760 laide
666 1701 878 1767 coristituisset,
897 1701 1047 1777 potiorem
1069 1697 1172 1761 babuit
1198 1709 1322 1762 sauctus

105 1799 268 1926 cmsffram
288 1799 376 1862 quam
396 1785 537 1861 impetum
558 1782 644 1863 vulpi
662 1791 691 1844 et
711 1799 784 1844 aras
806 1784 927 1843 institui
943 1782 1102 1861 prohibuit
1121 1783 1213 1857 (Idem
1235 1783 1285 1846 lib.
1297 1784 1320 1846 l.

107 1867 147 1928 ad
193 1869 414 1944 at.cap.10.).

194 1949 254 2012 Sed
275 1949 487 2012 animadvertas
514 1949 599 2010 velim
621 1957 695 2030 quac
717 1949 805 2012 luerit
825 1949 913 2011 etiam
935 1949 966 2010 in
987 1950 1077 2012 rebus
1099 1953 1192 2014 sacris
1214 1952 1319 2014 incon-

105 2033 215 2097 stantia
242 2043 273 2096 et
300 2033 449 2096 insulsitas
472 2033 632 2114 gentilium,
665 2034 715 2113 qui
736 2042 891 2113 postquam
913 2035 1084 2114 turpissima
1104 2055 1139 2098 ac
1158 2037 1245 2116 plane
1266 2037 1320 2100 de-

103 2120 241 2182 testanda
262 2118 335 2181 haec
355 2118 506 2198 Serapidis
527 2118 665 2199 mysteria
686 2119 750 2180 iure
771 2125 830 2179 tam
851 2118 958 2180 merito
981 2119 1182 2194 sustulissent,
1208 2140 1322 2186 summa

104 2213 206 2266 minen
231 2203 381 2283 impietate
408 2200 651 2277 instauraverunt,
679 2203 923 2283 quemadmodum
946 2203 1142 2268 Tertullianus
1163 2225 1197 2268 se
1217 2214 1322 2286 postea

104 2289 203 2352 usius
226 2288 495 2350 demonstraturum
516 2287 678 2367 pollicetur.
707 2287 768 2348 Nos
790 2307 859 2349 vero
882 2289 919 2350 de
941 2288 1057 2351 illorum
1080 2308 1146 2352 cum
1168 2291 1321 2352 eversione

104 2383 169 2436 arm
198 2373 390 2434 renovatione
418 2374 560 2452 quaedam
586 2373 617 2434 in
644 2379 747 2434 nostra
770 2372 806 2434 de
827 2372 946 2434 Minucii
970 2373 1090 2444 Ocurrio
1112 2375 1321 2438 dissertatione
1393 2384 1396 2394 '

105 2457 311 2520 annomrimus
334 2457 500 2532 (Dissertat.
522 2457 554 2518 in
574 2456 681 2521 Minue.
703 2459 804 2519 Octav.
827 2474 890 2536 cap.
905 2460 954 2520 22.
976 2457 1038 2520 nm
1055 2463 1096 2536 1.)
1119 2467 1149 2520 et
1169 2459 1244 2521 inira
1265 2460 1319 2522 ad-

104 2543 165 2605 huc
186 2541 419 2604 observabimus.
531 2563 557 2612 ,·
1064 2541 1074 2557 ⁸
1268 2575 1273 2582 ·

190 2625 325 2688 Ethnicis
354 2626 452 2705 igitur,
484 2626 534 2705 qui
563 2625 636 2686 deos
665 2643 736 2686 suos
764 2624 803 2686 ita
824 2625 1049 2703 repudiaverunt
1069 2634 1099 2688 et
1121 2628 1320 2702 restituerant,

104 2715 150 2775 las
172 2728 324 2791 nunquam
347 2711 403 2772 luit
417 2709 600 2772 Christianos
621 2727 677 2771 nec
690 2708 807 2770 auditos
822 2728 877 2771 nec
891 2710 1030 2772 defensos
1043 2710 1111 2772 ideo
1127 2712 1320 2774 condemnare
1431 2710 1434 2720 “

7 2821 8 2826 ’
105 2806 135 2860 et
155 2796 334 2867 interlicere,
364 2794 431 2874 quia
451 2813 552 2856 rerum
572 2793 666 2856 Deum
685 2811 842 2872 veramque
862 2793 1035 2872 religionem
1056 2813 1139 2857 suam
1161 2814 1269 2874 negare
1291 2805 1321 2858 et

104 2881 241 2944 abdicare
262 2879 410 2941 nolebant.
440 2878 499 2942 Sed
520 2879 550 2940 id
571 2878 666 2940 adhuc
687 2877 876 2939 confirmatur
898 2896 933 2938 ex
956 2877 1003 2952 iis,
1025 2897 1100 2958 quac
1121 2879 1274 2941 retulimus
1289 2880 1320 2940 in

105 2967 161 3028 alia
194 2964 403 3028 dissertatione
440 2962 604 3038 (Dissertat
626 2961 657 3022 in
679 2961 789 3023 arnob.
817 2981 879 3042 cap.
896 2967 931 3029 ,5.
953 2961 1015 3024 Art.
1041 2968 1056 3026 1
1082 2971 1112 3024 et
1133 2968 1237 3043 sequ),
1269 2964 1319 3025 ubi

104 3049 297 3131 patefecimus
319 3057 425 3132 quanta
446 3048 488 3109 illi
509 3046 628 3109 andacia
641 3064 752 3119 mores,
773 3046 853 3124 leges
868 3055 898 3108 et
912 3045 1045 3110 instituta
1060 3047 1147 3110 ctiam
1162 3047 1320 3111 sacratiora

105 3133 348 3214 contempserint,
368 3131 568 3196 labefactarint
588 3140 618 3193 et
638 3131 852 3210 abrogaverint.

610 3367 729 3430 CAPUT
751 3366 828 3428 XlX.

212 3489 247 3540 lle
266 3487 359 3552 legibus
377 3488 401 3538 in
420 3487 568 3538 Christianos
585 3487 647 3538 datis
665 3495 689 3538 et
706 3488 878 3552 imperatorum
896 3486 920 3536 in
939 3499 981 3537 eos
998 3485 1054 3536 odio
1070 3465 1107 3537 rel
1126 3489 1214 3538 latore.

615 3707 780 3758 auricutus
798 3705 817 3759 l.

106 3785 222 3868 bromede
241 3811 391 3856 Tertullianus
409 3812 510 3856 ostendat
526 3811 606 3867 primus
621 3811 645 3854 in
663 3811 799 3854 Christianos
823 3811 885 3864 leges
902 3810 959 3854 latae
978 3819 1030 3852 esso
1048 3821 1061 3852 a
1078 3807 1165 3852 Nerone
1183 3806 1318 3862 nequissimo

162 3883 299 3940 imperatore
318 3892 344 3924 ac
362 3879 440 3923 deiude
458 3893 471 3922 a
488 3879 618 3928 Domitiano,
636 3877 774 3921 Neronianae
793 3877 928 3921 crudelitatis
944 3875 1054 3934 portione,
1072 3875 1108 3930 qui
1127 3881 1199 3917 temen
1218 3885 1257 3918 eas

545 3945 645 3998 restituit,
663 3957 719 4000 quos
737 3946 883 3999 relegaverat.

189 4063 271 4126 Satis
298 4061 414 4124 abunda
435 4061 631 4123 Tertullianus
659 4059 870 4123 demonstravit
896 4078 983 4139 quam
1004 4055 1132 4120 absurde
1154 4055 1260 4118 ethnici
1282 4056 1318 4118 ad

105 4149 255 4212 vexandos
277 4155 306 4208 et
327 4146 504 4208 occidendos
520 4145 702 4208 Christianos
724 4145 787 4208 suis
809 4163 844 4206 se
862 4144 977 4223 legibus
999 4139 1144 4220 obstringi
1158 4159 1316 4204 causaren-

104 4243 164 4309 tur,
186 4233 239 4312 qui
260 4231 404 4294 maiorum
426 4249 547 4294 suorum
569 4230 713 4303 instituta,
736 4247 837 4290 mores
858 4247 893 4290 ac
911 4229 992 4308 leges
1011 4225 1177 4310 sanctores·
1197 4223 1318 4306 impune

105 4328 155 4381 aut
174 4316 325 4380 violabant
351 4324 402 4378 aut
421 4315 682 4396 adspemabantar.
725 4311 894 4376 Laudabant
916 4311 994 4375 enim
1015 4317 1140 4386 veteres,
1167 4310 1222 4373 sed
1242 4329 1318 4374 noue

107 4405 142 4466 ds
164 4404 210 4466 die
231 4401 378 4474 vivebant,
399 4400 439 4462 ait
451 4401 561 4462 Auctor
581 4408 693 4473 noster,
717 4407 802 4478 atque
824 4396 941 4460 exclusa
961 4396 993 4457 in
1011 4395 1140 4475 vnegotiis
1163 4404 1192 4458 et
1214 4395 1317 4458 officis

108 4487 295 4568 antiquitate,
328 4486 523 4548 venerandam
555 4493 671 4565 patrum
703 4501 825 4546 suorum
858 4481 1060 4544 auctoritatem
1090 4479 1318 4560 pessumdabaut

108 4571 290 4648 (Termlliau.
310 4569 463 4653 apologet.
486 4589 549 4652 cap.
571 4573 624 4648 6.).
667 4568 727 4634 Sed
757 4569 831 4632 haec
859 4567 908 4630 ille
940 4566 1038 4632 omnia
1065 4565 1122 4630 sibi
1150 4565 1221 4630 satis
1249 4581 1317 4626 esse
