3196 5250
309 403 374 466 416
411 417 600 460 nrssanramo
616 415 646 459 rs
662 415 710 466 ou.
727 415 811 459 sarr.
826 413 915 458 reos.
929 413 1124 458 rsnrnsamm
1138 413 1358 458 aroeoosrrcuu
1372 411 1444 456 carr.

308 577 398 632 tatem
420 575 450 629 et
471 565 715 646 tranquillitatem,
742 581 816 645 quae
837 565 918 626 nullo
939 575 1023 627 motu
1044 566 1204 628 iniucundo
1225 585 1280 627 nec
1300 563 1396 644 amplis
1414 579 1487 640 neqo-

308 655 359 716 tiis
380 651 538 715 turbetur?
581 653 653 712 Nam
680 669 803 722 aramme,
832 650 982 730 inquiebat
1004 649 1116 722 Cicero,
1146 652 1287 733 voluptas
1309 660 1359 720 est,
1384 659 1416 711 at
1433 645 1489 726 lipi-

312 758 386 802 coro
405 739 512 820 placet,
535 735 612 799 albii
634 735 736 798 dolore
757 735 863 810 (Cicer.
883 734 934 796 lib.
956 735 979 796 1.
1002 735 1040 796 de
1061 735 1156 797 Finib.
1179 753 1208 816 p.
1232 741 1282 800 45.
1304 735 1353 796 lin.
1374 735 1439 807 28.)
1455 728 1488 790 vd

310 823 396 886 sicuti
417 821 537 884 tradidit
557 821 774 894 Theodoreus,
803 838 837 881 ea
858 819 1003 900 voluptas,
1032 839 1108 900 quae
1129 837 1217 882 omne
1239 837 1368 882 curarum
1388 813 1488 878 lastidi-

309 927 366 990 que
394 925 487 988 genus
514 925 548 968 ac
574 905 699 984 proinde
721 903 822 985 empto
843 909 961 985 nepotis
984 905 1110 968 excindit
1140 897 1329 981 (Theodoiet
1349 904 1433 965 serm.
1453 901 1488 964 tt.

276 1034 280 1044 =
310 995 346 1056 de
367 993 431 1054 Vita
451 991 539 1053 Beata
559 1007 588 1070 p.
612 993 707 1067 oth).
752 988 784 1049 Si
806 997 903 1051 autem
925 989 973 1051 hio
995 990 1059 1068 ipse
1081 998 1126 1052 est
1147 989 1318 1052 Tertulliani
1338 1005 1445 1058 seusus,
1467 983 1489 1044 in

310 1079 374 1140 eius
397 1085 477 1138 textu
500 1075 589 1137 scribi
610 1074 697 1136 debet
717 1093 780 1146 nso,
802 1093 862 1134 non
884 1091 954 1136 vero
976 1085 1007 1136 ct
1027 1075 1127 1156 amplo
1149 1079 1276 1156 nepotis,
1304 1073 1360 1134 nisi
1380 1072 1431 1132 hoc
1447 1087 1489 1129 no·

309 1163 388 1226 mine
417 1181 449 1223 ea
477 1159 592 1239 negotia
624 1159 799 1221 intellexerit
827 1177 901 1238 quae
923 1159 1113 1238 amplitudine
1135 1178 1187 1222 sua
1208 1159 1316 1243 nullam
1336 1159 1492 1220 commovent

309 1247 399 1310 animi
419 1244 681 1328 perturbationem.
725 1243 767 1304 lte
788 1243 837 1304 illa
856 1261 947 1322 porro
969 1243 1087 1324 Epicuri
1110 1252 1346 1324 senatorumque
1366 1241 1422 1304 eius
1440 1235 1491 1317 opi·

307 1333 398 1394 nione
430 1329 497 1392 alibi
519 1348 575 1390 nec
596 1328 687 1390 semel
709 1327 930 1408 disputavimus.
964 1327 1160 1391 Tertullianus
1181 1347 1273 1409 porro
1296 1347 1331 1390 ex
1352 1327 1395 1388 his
1415 1321 1490 1384 omni·

308 1418 364 1479 bus
397 1415 546 1477 rationum
578 1413 735 1475 momentis
768 1421 847 1474 recte
878 1413 1026 1490 concludit
1047 1413 1291 1488 Christianorum,
1323 1413 1370 1492 qui
1401 1407 1492 1471 illicitas

309 1499 460 1582 gentilium
488 1499 650 1578 voluptates
678 1496 879 1578 repudiabant,
908 1505 1019 1558 sectam
1046 1516 1106 1559 non
1129 1518 1197 1568 esse
1219 1499 1371 1562 laederem
1391 1492 1492 1556 illicitam

309 1605 343 1648 ac
367 1584 590 1665 prohibendam,
619 1583 672 1644 sed
701 1581 841 1662 optimam
869 1600 941 1644 sane
972 1591 1002 1644 et
1022 1581 1086 1644 aliis
1110 1583 1248 1646 omnibus
1271 1579 1492 1670 praestantiorem

309 1673 418 1734 Contra
439 1688 509 1731 vero
537 1668 648 1730 lactiosi
671 1667 758 1748 plane
779 1675 809 1728 et
830 1665 965 1728 seditiosi
988 1674 1072 1728 erant
1092 1669 1226 1746 gentiles,
1253 1668 1314 1748 qui,
1341 1674 1373 1727 ut
1392 1659 1493 1726 amens

308 1753 513 1836 superioribus
535 1752 671 1826 vidimus,
696 1753 890 1830 imperatores
912 1769 984 1812 suos
1007 1751 1122 1814 scurrili
1144 1753 1306 1828 dicacitate,
1329 1749 1455 1814 maniciis
1471 1759 1495 1804 ao

309 1839 495 1902 contumeliis
515 1838 610 1918 palam
631 1836 870 1916 insequebantur,
893 1845 1019 1898 mortem
1041 1855 1145 1899 cortun
1167 1838 1318 1918 optabant,
1341 1829 1495 1898 ooutraillm

309 1923 518 2004 conspirabant
538 1921 737 2000 violentasque
758 1920 802 1982 eis
824 1921 988 1982 inlerebant
1009 1939 1123 1983 manus.

796 2139 915 2202 meur
938 2119 1041 2202 xxtn.

564 2259 714 2310 Christianos
731 2259 882 2324 publicarum
901 2259 1004 2310 cladium
1022 2275 1070 2311 non
1088 2275 1143 2312 esse
1161 2275 1266 2312 musam.

817 2477 983 2530 lutterhus
999 2479 1017 2530 l.

309 2585 370 2637 Quae
388 2584 431 2628 sint
448 2583 550 2640 publicae
579 2581 655 2626 clades
680 2592 773 2637 quarum
792 2582 1048 2642 Christianos-auotores
1066 2595 1118 2628 esse
1136 2591 1180 2628 tam
1198 2594 1267 2639 coepe
1286 2595 1352 2640 quom
1369 2581 1422 2626 lateo
1437 2573 1497 2622 audo

562 2649 762 2706 conquerebantur,
781 2651 935 2706 ecquomodo
956 2651 1104 2695 Tertullianus
1129 2663 1169 2695 eos
1187 2652 1281 2695 refellat.

393 2765 587 2828 Observatum
615 2783 632 2826 a
658 2765 744 2826 nobis
772 2745 827 2827 soii
853 2765 883 2825 in
906 2766 1111 2846 superioribus
1133 2765 1391 2830 dissertationibus
1410 2755 1498 2823 nostris

194 2901 199 2906 .
308 2851 473 2928 (Dissertat.
496 2851 526 2911 in
547 2849 656 2911 hmob.
679 2868 742 2929 cap.
766 2853 795 2914 6.
817 2849 878 2911 hrt.
905 2855 918 2913 t
944 2860 974 2913 et
994 2853 1048 2928 2.),
1076 2851 1186 2914 nullam
1213 2852 1309 2912 luisse
1342 2841 1497 2912 criminatio·

307 2955 376 2998 nem
398 2955 433 2998 ea
455 2935 574 3014 saepius
595 2935 759 3014 repetitam,
782 2954 838 3015 qua
862 2935 970 2998 ethnici
993 2936 1248 3016 conquerebantur
1264 2933 1432 2997 Christianis
1451 2945 1499 3022 ππ-Ι

306 3027 367 3098 nie,
389 3020 517 3082 sicutait
532 3019 740 3092 Tertullianus,
761 3019 898 3100 publicae
921 3021 1023 3093 clodis,
1047 3026 1144 3084 omnis
1164 3021 1327 3102 populeris
1349 3009 1497 3082 ostenaet·

308 3124 373 3168 esee
396 3123 527 3166 causam.
563 3104 707 3170 Taederet
729 3123 785 3165 nos
808 3123 880 3166 sane
900 3105 1037 3166 cramben
1060 3115 1118 3167 um
1140 3124 1228 3185 saepe
1241 3113 1396 3167 'recoctam
1415 3103 1498 3162 iterun

310 3207 471 3266 recoquere
498 3189 574 3250 hanc
601 3207 705 3250 rursus
733 3189 894 3250 relellendo
923 3189 1063 3250 insulsam
1086 3191 1207 3252 omnino
1231 3185 1497 3270 argumentationem.

308 3273 335 3335 si
365 3273 499 3334 ethnicos
527 3272 604 3334 illem
632 3280 691 3334 tant
719 3272 818 3352 inepte
845 3272 1004 3336 obtrudere
1031 3275 1187 3355 aliquando
1205 3274 1419 3353 'poenituisset
1456 3261 1499 3327 Sti

307 3353 443 3418 homines
472 3357 570 3418 vesani
599 3357 776 3435 immanique
805 3358 835 3417 in
858 3358 1039 3420 Christianos
1066 3361 1134 3421 odio
1162 3361 1294 3422 lurentes
1320 3359 1368 3420 rix
1388 3351 1456 3418 aliud
1473 3345 1498 3408 td

253 3459 258 3466 ·
307 3439 476 3522 perdendos
505 3440 686 3504 Christianos
722 3441 777 3502 bac
804 3443 947 3504 calumnia
974 3444 1070 3523 aptius
1099 3444 1282 3524 excoffl'tasse
1312 3439 1501 3506 arbitrabantur

307 3525 491 3600 (Tertullian.
513 3525 666 3606 hpologet.
695 3543 757 3604 cap.
781 3530 832 3592 to.
862 3535 892 3588 et
911 3527 961 3589 lib.
984 3529 1006 3590 l.
1030 3529 1066 3590 ad
1086 3529 1203 3590 Nation.
1226 3547 1290 3610 cap.
1315 3531 1368 3606 9.).
1410 3525 1498 3598 Onam·

307 3610 411 3672 obrem
433 3609 644 3692 Tertullianum
671 3618 805 3671 nostrrun
828 3629 985 3690 sequacem
1006 3633 1040 3676 ae
1061 3615 1130 3694 qnid
1153 3618 1216 3676 eam
1239 3611 1413 3693 exponendo
1433 3615 1499 3684 atque

307 3695 465 3758 evertendo
495 3702 545 3758 eut
570 3693 716 3774 singulare
744 3703 794 3756 aut
821 3695 907 3775 paulo
936 3697 1091 3760 obscurius
1131 3697 1238 3761 dixerit
1273 3697 1424 3759 enucleare
1448 3699 1498 3750 tet·

306 3789 414 3843 mmus.

375 3863 576 3930 .A,llomanis
599 3872 695 3926 autem
718 3862 832 3926 sicilie
854 3865 983 3928 orditur:
1007 3865 1044 3928 Sa·
1065 3865 1177 3929 Tiberia
1200 3867 1336 3929 ascendit
1356 3867 1395 3927 od
1407 3857 1501 3950 atomi

305 3951 452 4029 (ibidem),
479 3957 530 4010 aut
556 3957 590 4010 ut
616 3949 672 4010 alio
686 3949 717 4011 in
739 3949 829 4010 libro:
866 3951 903 4013 Se·
925 3950 1036 4013 Tiberia
1058 3952 1283 4022 redundaverit,
1306 3951 1337 4011 id
1359 3957 1405 4012 est
1423 3945 1445 4007 si
1463 3957 1497 4036 nt·

305 4035 399 4098 mium
422 4035 573 4097 exundans
594 4033 682 4096 Urhis
704 4035 860 4097 moenibus
881 4053 916 4097 ao
936 4043 1079 4097 terranem
1102 4036 1189 4104 etiam
1212 4034 1351 4098 fertilitati
1377 4031 1499 4095 nument

305 4129 409 4181 comm
437 4137 522 4181 sero:
559 4123 588 4183 ei
608 4117 696 4182 Nilaea
727 4137 790 4182 πππ
811 4121 945 4183 escendit
965 4121 1005 4182 od
1025 4139 1111 4193 ervo,
1139 4138 1195 4182 neo
1215 4137 1303 4200 agros
1325 4118 1409 4180 solita
1429 4116 1498 4175 inm·

305 4203 434 4277 datione,
456 4205 518 4266 sive
538 4214 572 4266 ut
594 4203 671 4266 canit
692 4202 845 4283 Virgilius:

511 4334 518 4351 .
543 4333 550 4350 .
575 4335 583 4350 .
607 4335 615 4351 .
638 4288 734 4369 Ne'pro
753 4307 816 4352 aon
836 4289 999 4370 foecundat
1021 4307 1125 4353 creso.

914 4372 1025 4452 (virgil.
1048 4374 1097 4436 lib.
1121 4373 1166 4436 Ν.
1190 4373 1296 4455 Georq.
1318 4391 1347 4434 v.
1370 4367 1451 4444 290.)

303 4451 461 4517 Praeterea
485 4459 515 4518 ai
536 4458 658 4531 melum,
680 4457 761 4520 addit
785 4458 895 4520 Auctor
918 4466 1030 4533 noster,
1052 4463 1142 4530 stetit,
1165 4458 1228 4522 sive
1256 4466 1288 4520 ut
1315 4464 1428 4537 postea,
1448 4459 1500 4541 aqut

302 4541 341 4604 ob
364 4539 508 4602 montes
536 4547 649 4605 motion
677 4543 1011 4624 momenmentum
1036 4541 1216 4616 (Tertullian.
1239 4543 1304 4606 loco
1327 4542 1399 4620 cit),
1425 4543 1452 4597 et
1467 4527 1499 4624 lb!

303 4625 374 4688 caeli
395 4623 516 4689 nomine
542 4625 612 4703 qnid
640 4627 777 4701 denotet,
806 4627 831 4688 si
853 4625 996 4707 postules,
1019 4627 1073 4690 tihi
1094 4627 1339 4710 respondebimus
1359 4624 1407 4688 bis
1428 4613 1499 4682 Tull1¹
