3132 5238
260 349 304 414 st
591 363 639 414 ou.
661 362 746 411 saer.
768 361 853 406 exon.
877 361 1070 406 rsnrucunrn
1090 361 1157 405 aare

260 533 330 584 nrm
350 514 511 578 Noratiano
538 513 710 593 coniungat,
742 513 852 584 Auctor
879 513 1019 574 duntaxat
1046 512 1178 574 moechis
1202 521 1233 574 et
1253 511 1486 576 tornicatoribus

260 601 332 678 (etsi
352 617 516 680 perperam,
538 607 570 660 et
590 605 692 666 sonna
706 615 793 676 quam
807 604 893 658 antea
908 597 1068 677 scripserat
1081 595 1156 658 libro
1171 597 1215 658 lle
1228 597 1355 674 Poenit.)
1375 617 1484 677 pacem

261 685 411 750 Ecclesiae
426 692 522 764 neget,
537 701 711 762 oppugnans
727 701 762 743 ex
777 682 932 761 proposito
948 681 1184 761 illudZepbyrini
1200 687 1299 762 (quem
1310 683 1484 762 pontilicern

261 771 422 836 maximum
450 769 538 830 etiam
566 769 625 830 iam
652 767 817 828 haereticus
846 775 875 828 et
900 772 1070 848 episcopam
1093 772 1305 848 episcoporum
1326 767 1486 846 appellant

133 909 138 920 ,
260 857 326 938 Ego
355 866 384 917 et
412 854 561 916 moechiae
589 863 618 916 et
643 854 858 931 fornicationis
889 851 995 915 delicto
1021 857 1205 931 poenitentia
1226 854 1342 931 snocn's
1365 855 1485 918 drinitta

262 941 318 1019 (De
339 939 439 1001 Pudic
462 958 487 999 c
512 942 564 1014 1.).
605 943 700 1018 Atque
717 937 776 998 hoc
796 944 843 998 est
863 955 927 998 mee
949 936 1067 1015 quidern
1089 936 1245 1011 sententia,
1268 938 1347 1017 quod
1369 937 1405 1000 de
1430 938 1485 999 illo

261 1025 368 1088 scribit
386 1024 420 1084 B.
435 1022 556 1102 August
578 1021 628 1084 lib.
650 1021 694 1084 De
708 1020 841 1094 Haeres,
863 1021 1052 1100 postmodum
1074 1020 1127 1082 abs
1149 1021 1380 1101 Cataphrygibus
1403 1023 1484 1084 divi-

262 1129 331 1174 sum
353 1127 404 1172 sua
426 1106 627 1170 conventicula
648 1123 840 1184 propagasse,
863 1105 1101 1185 formssisqnod
1125 1106 1182 1166 iam
1197 1107 1342 1168 defunctis
1357 1106 1485 1190 illisqui

260 1190 346 1260 κατὰ
365 1193 501 1276 Proclum
524 1191 619 1266 (cuins
641 1191 706 1270 ipse
729 1195 868 1267 sectator)
892 1190 1080 1264 dicebantur,
1103 1190 1272 1252 obtinerent
1292 1191 1418 1270 pahnem
1441 1192 1486 1254 illi

259 1280 314 1360 qui
336 1277 498 1340 secundum
518 1276 704 1337 Aeschinem.
740 1275 847 1353 Utpote
869 1284 970 1336 contm
992 1293 1067 1354 quos
1091 1275 1177 1338 tacite
1200 1277 1353 1354 scripserit
1374 1277 1487 1338 librum

258 1366 405 1428 adversos
427 1362 557 1422 Praxean
580 1361 621 1422 de
649 1361 735 1422 Patre
763 1368 793 1420 et
818 1358 892 1422 Filio
920 1378 982 1420 non
1009 1360 1131 1422 eisdem.
1175 1360 1365 1422 Dissensisse
1393 1361 1487 1424 etiarn

261 1450 345 1512 illum
366 1446 569 1508 annotavimus
591 1445 628 1506 de
649 1444 762 1506 duabus
778 1444 917 1506 duntaxat
931 1444 1173 1524 quadragesimis.
1219 1446 1317 1518 Quare
1332 1445 1486 1520 salliuntur,

261 1534 371 1614 quiex
393 1551 429 1592 eo
451 1531 516 1592 loco
538 1528 678 1608 colligunt
700 1549 767 1591 enm
782 1529 819 1590 ad
834 1529 1005 1591 catholicam
1020 1529 1181 1591 Ecclesiam
1196 1530 1332 1604 rediisse,
1355 1531 1486 1592 maxime

262 1635 354 1696 quum
372 1616 405 1676 B.
427 1615 606 1693 Augustinus
630 1631 748 1676 causam
769 1613 929 1676 haereseos
960 1614 1105 1692 duplicem
1138 1615 1285 1694 assignat.
1322 1623 1383 1676 tum
1412 1616 1484 1693 quia

262 1700 413 1764 transiens
435 1700 471 1760 ad
493 1699 709 1776 Cathapbrygas
732 1699 830 1776 coepit
851 1699 996 1761 secundas
1018 1697 1135 1777 nuptias
1158 1700 1307 1774 damnare,
1329 1709 1387 1762 tum
1409 1701 1481 1778 quia

264 1805 320 1848 sua
341 1782 540 1846 consentienda
560 1781 740 1861 propagavit.
854 1809 857 1814 ¹

348 1953 433 2015 Anno
466 1950 581 2012 Domini
616 1950 750 2012 CCXVII.
788 1950 819 2012 S.
841 1949 997 2030 Zephyrini
1032 1970 1124 2030 papae
1162 1953 1286 2016 Romani
1316 1953 1414 2014 XVlll.
1453 1963 1485 2015 et

263 2037 403 2101 Antonini
431 2037 476 2098 vl.
507 2036 543 2108 Q.
571 2035 686 2116 Aquilio
715 2035 824 2097 Sabino
852 2035 889 2096 11.
926 2036 974 2109 (ad
1004 2055 1091 2115 quem
1119 2037 1260 2116 Ulpianus
1292 2038 1484 2102 Librosbl.

263 2124 451 2202 Digestorum
481 2119 612 2199 scripsit)
641 2127 671 2180 et
691 2119 770 2181 Sext.
792 2120 911 2182 Aurelio
932 2120 965 2181 P.
987 2120 1020 2182 E.
1041 2119 1198 2183 Annullino
1221 2143 1299 2184 coss.
1323 2143 1486 2186 censemus

265 2208 393 2287 scriptos
409 2205 578 2268 Tertulliani
599 2205 707 2266 Libros
730 2205 834 2266 sexDe
848 2205 974 2276 Ecstasi,
997 2214 1027 2266 et
1039 2206 1188 2268 Adversus
1202 2209 1389 2288 Apollonium
1411 2228 1485 2288 sep-

264 2293 369 2356 timam
402 2291 491 2360 (inter
512 2293 696 2368 fragmenta),
728 2308 803 2368 quos
826 2289 914 2350 etiarn
936 2290 1080 2352 adversus
1098 2291 1259 2354 Ecclesiam
1281 2293 1412 2372 scriptos
1436 2301 1483 2354 te·

265 2387 382 2440 stanter
402 2376 434 2436 B.
457 2375 672 2453 Hieronymus,
704 2373 890 2453 Sophronias
912 2383 942 2436 et
962 2374 1157 2453 Nicephoms.
1201 2377 1262 2440 Nec
1283 2378 1383 2438 obstat
1404 2379 1485 2458 quod

263 2461 451 2542 Apollonium
480 2459 602 2520 collocet
621 2459 655 2520 B.
677 2458 874 2538 Hieronymus
887 2458 985 2521 Eatal.
1010 2459 1117 2539 Script.
1138 2460 1251 2523 Eccles.
1278 2470 1347 2524 ante
1368 2463 1484 2525 Aucto-

15 2523 16 2558 r
133 2605 137 2622 ,
264 2566 345 2621 rem,
374 2545 457 2624 qrria,
479 2544 558 2622 quod
579 2543 650 2604 alias
673 2545 769 2604 tacere
792 2543 878 2614 solet,
901 2543 1008 2606 nullius
1031 2544 1218 2623 imperatoris
1241 2547 1383 2609 adscribit
1405 2555 1484 2610 tem-

262 2651 347 2712 pora.
390 2629 536 2690 Eusebius
563 2647 679 2706 qnoque
707 2627 819 2688 Eccles.
847 2626 960 2688 Histor.
981 2628 1032 2690 lib.
1055 2630 1087 2690 V.
1110 2649 1172 2709 cap.
1188 2635 1248 2704 17,
1271 2640 1394 2711 etpost
1416 2651 1501 2708 eum,

262 2715 465 2794 Nicephorns,
495 2731 562 2776 eum
591 2712 668 2772 inter
697 2730 750 2773 eos
779 2709 896 2791 quidem
918 2722 1054 2774 recenset
1075 2713 1125 2793 qui
1146 2715 1287 2778 adversus
1310 2715 1486 2779 Monmnnrn
1550 2727 1551 2736 ’

264 2801 458 2880 scripserunt,
482 2798 535 2859 sed
557 2796 733 2876 aliquamdiu
747 2804 852 2876 postea
868 2797 1069 2877 conscriptum
1084 2799 1157 2861 satis
1172 2799 1301 2862 indicant
1316 2801 1364 2862 illa
1377 2803 1488 2864 verba:

262 2886 366 2949 Porro
388 2883 566 2964 Apollonius
588 2887 724 2962 scriptor
745 2882 970 2954 ecclesiasticas,
994 2903 1084 2963 qaum
1106 2903 1140 2946 eo
1161 2905 1236 2964 quoe
1258 2887 1489 2967 cataphrygum

264 2971 398 3034 haeresis
420 2972 576 3032 nominato
597 2977 642 3030 est
664 2967 761 3030 adbuc
775 2973 807 3029 in
818 2967 951 3046 Phrygio
965 2973 1064 3048 m'yere
1080 2971 1242 3039 videretur,
1265 2971 1377 3034 librum
1390 2989 1489 3050 sepo-

263 3060 357 3118 ratim
378 3055 418 3115 od
436 3065 586 3133 patronos
609 3053 740 3114 ea'asdem
764 3053 965 3130 confutandos
989 3059 1180 3134 conscripsit.
1222 3055 1333 3117 Deinde
1355 3055 1487 3116 convicit

131 3169 134 3178 ·
263 3139 335 3200 illud
357 3138 507 3198 eiusdem:
530 3137 611 3198 idern
633 3141 688 3198 iste
710 3135 889 3215 Apollonius
905 3141 938 3198 ia
953 3138 1052 3199 eodem
1068 3137 1145 3201 libro
1162 3152 1378 3212 commerearat
1400 3143 1487 3221 quod

262 3223 509 3302 quadragesima-s
530 3224 591 3280 iam
612 3237 722 3288 aneas,
746 3225 777 3280 in
799 3239 856 3300 quo
879 3221 995 3300 quidem
1016 3222 1055 3283 cd
1077 3223 1131 3284 too
1153 3243 1229 3305 opas
1246 3226 1436 3287 scribendum
1451 3245 1488 3287 se

265 3303 401 3373 contulit.
425 3305 577 3380 agebatur,
601 3321 640 3364 cac
660 3322 718 3386 quo
741 3304 904 3370 Montanus
926 3306 1083 3386 confictam
1105 3317 1134 3369 et
1157 3313 1385 3372 commentitiam
1402 3329 1489 3390 pro-

260 3389 392 3470 phetiam
419 3391 573 3467 inceperit.
616 3387 702 3466 Atqui
724 3386 760 3448 ab
788 3387 871 3448 initio
899 3391 1086 3468 pontificatus
1109 3393 1207 3454 Sancti
1229 3394 1395 3468 Eleutheri,
1424 3415 1489 3474 quo

262 3474 419 3536 bionmnus
441 3471 580 3532 haeresin
603 3471 714 3550 sparsit
736 3489 836 3544 snam,
862 3474 905 3535 nti
927 3474 1127 3554 supradictum
1149 3486 1205 3550 est,
1229 3480 1264 3540 ad
1286 3480 1365 3542 hunc
1385 3497 1489 3558 usque

262 3557 450 3622 intercedunt
477 3554 546 3616 anni
567 3555 628 3618 XL.
683 3556 767 3618 Sedit
793 3557 872 3618 enim
904 3558 1080 3644 Eleutherna
1113 3569 1183 3641 post
1210 3563 1393 3626 consolatum
1425 3564 1488 3626 Ge-

260 3642 343 3722 tbegi
365 3650 396 3704 et
418 3639 493 3702 Clari
515 3642 629 3719 (utpote
652 3649 767 3704 creatus
790 3641 885 3720 pridie
904 3643 975 3704 Idus
997 3644 1082 3718 Maii,
1115 3665 1202 3724 quum
1226 3655 1305 3708 extet
1325 3648 1383 3708 illis
1407 3667 1489 3710 oon-

262 3727 377 3792 sulibus
401 3723 525 3806 epistola
546 3725 699 3788 decretalis
722 3728 753 3788 S.
775 3727 889 3790 Soteris
912 3747 1004 3808 papae
1020 3729 1092 3792 ‘data
1115 3732 1150 3792 X.
1172 3731 1291 3793 Kalend.
1315 3732 1402 3809 lunii)
1427 3753 1489 3796 us-

261 3833 320 3894 que
342 3813 377 3875 ad
399 3813 562 3874 Maternum
585 3817 615 3870 et
634 3811 778 3873 Praduam
801 3811 955 3882 consules.
988 3813 1142 3877 defunctus
1165 3817 1224 3878 Vll.
1248 3817 1369 3878 Kalend.
1391 3818 1491 3894 lunii,

262 3897 294 3960 id
316 3907 361 3960 est
382 3898 417 3959 ab
440 3911 516 3956 anno
531 3893 648 3956 nomini
663 3895 798 3958 ctxxn
822 3915 915 3975 nsque
937 3897 974 3958 ad
995 3915 1103 3962 annum
1119 3901 1293 3964 CLXXXVI.
1316 3921 1488 3982 perennes

262 3981 348 4054 xit,
370 3981 532 4051 diesxttl,
555 3979 586 4040 S.
596 3978 704 4052 Victor,
726 3988 759 4041 ut
781 3981 992 4060 supradictum
1008 3991 1064 4054 est,
1087 4003 1181 4046 minos
1198 3986 1271 4057 xli,
1294 4003 1428 4048 mensem
1444 3987 1487 4062 1.‚

262 4065 327 4130 dies
349 4065 476 4126 xxvtn.
503 4064 556 4126 llis
579 4063 721 4126 addantur
743 4065 810 4126 anni
832 4065 931 4127 XVlll.
954 4067 985 4128 S.
1007 4068 1174 4148 zephyrini,
1197 4071 1268 4132 stent
1289 4071 1355 4133 anni
1378 4071 1489 4136 liLlV.

347 4231 431 4295 Αιιιιο
454 4232 568 4296 bomini
591 4233 738 4297 texunt.
763 4235 793 4296 S.
806 4235 960 4315 Zephyrini
982 4255 1074 4316 papae
1097 4239 1219 4303 Romani
1242 4241 1318 4302 xlx.
1339 4242 1490 4306 Antonini

261 4315 325 4378 llll.
347 4315 500 4394 utriusque
520 4319 632 4392 uitium,
653 4319 766 4382 Bruttio
788 4321 948 4382 Praesente
970 4329 1000 4382 et
1020 4323 1132 4386 Messio
1150 4325 1298 4388 Extricato
1320 4345 1398 4388 coss.
1424 4345 1488 4390 nos

263 4401 352 4464 eham
383 4399 524 4462 historiae
556 4413 676 4466 nostrae
704 4405 927 4482 Tertullianicae
957 4405 1045 4468 finem
1077 4406 1267 4489 imponimus.
1311 4411 1378 4472 Non
1399 4415 1491 4489 quod

263 4492 346 4550 certo
377 4483 500 4546 velimus
532 4505 665 4550 asserere
692 4499 797 4569 postea
826 4509 886 4553 uon
905 4491 1107 4568 supervixisse
1130 4495 1355 4564 Tertullianum,
1390 4513 1490 4574 quem

263 4568 444 4640 Trithamius
466 4568 568 4633 scribit
588 4572 696 4638 vixisse
717 4595 811 4656 usque
833 4575 869 4638 ad
890 4583 1040 4640 senectam
1062 4587 1092 4640 et
1106 4579 1231 4656 senium,
1252 4581 1307 4643 sed
1321 4579 1402 4660 quod
1416 4581 1491 4643 sal-
