3020 5230
433 390 567 434 sacrans
590 389 632 432 ro.
656 389 718 433 su..
742 387 866 435 sennan·
1195 371 1258 438 ott

179 543 299 594 Adversas
316 542 469 592 llereionem.
685 573 689 580 ·
838 538 959 588 Adversus
977 537 1086 588 ladseos.

2 644 222 706 ›rasperare
268 634 298 686 et
342 643 455 703 regns:
504 621 621 696 adiecit,
672 621 864 700 subiungens,
895 621 1025 684 dicebat:
1059 621 1200 697 Extende,
1231 633 1260 686 et

2 721 154 790 propter
180 714 337 772 ueritatem
366 720 393 769 et
420 707 569 769 lenitatem
592 713 621 765 et
667 724 821 786 prospera
836 715 865 766 et
880 724 979 784 regna.
996 706 1034 766 aa
1049 707 1169 769 adiecit:
1185 729 1258 788 pro-

3 793 184 854 lustitiam.
236 793 311 865 Quis
341 793 418 852 enim
446 809 518 852 ense
545 808 619 869 ope·
670 797 737 869 pter
764 789 914 850 lenitatem
941 797 970 850 et
997 789 1137 852 iustitium
1167 805 1260 854 taam.

2 877 152 948 rabitur,
189 883 219 937 et
251 895 311 936 non
343 875 489 936 contraria
514 878 619 953 potins
674 874 749 946 Quis
772 872 849 934 enim
866 893 938 934 ense
955 874 1136 953 operabitur,
1156 885 1260 938 etnou

2 961 125 1021 dolum
165 969 195 1020 et
227 959 415 1038 asperitatem
446 967 476 1018 et
503 957 620 1018 iniusti·
673 957 818 1018 abnueris
841 958 962 1020 lenitati
980 968 1008 1018 et
1025 963 1260 1022 institiaeeaer-

2 1045 103 1116 tiam,
130 1044 256 1123 propria
278 1041 620 1121 scilicetnegotiaprae·
675 1039 744 1104 act?
771 1042 803 1103 id
827 1054 872 1103 est
900 1041 1000 1102 dolum
1022 1051 1052 1102 et
1071 1044 1260 1121 asperitatem

2 1127 164 1190 liorurnl
210 1128 364 1188 Videamus
394 1143 464 1204 ergo
487 1143 525 1186 an
547 1125 621 1185 alius
659 1138 704 1186 et
718 1125 902 1196 iniustitiam,
918 1125 1260 1206 propriaseilicetnego-

4 1213 57 1272 sit
83 1211 176 1272 ensis
199 1211 258 1282 ille,
280 1211 362 1272 cuius
379 1209 459 1270 atius
472 1215 622 1269 estectus.
673 1208 713 1269 tia
728 1207 935 1288 praeliorum?
965 1209 1121 1270 Videamus
1136 1227 1207 1288 ergo
1223 1231 1260 1272 an

8 1296 103 1356 Nam
150 1305 179 1356 et
222 1294 380 1374 apostolus
422 1293 552 1356 loannes
590 1295 624 1352 in
673 1293 748 1353 alius
765 1291 805 1351 sit
819 1293 901 1354 ensis
920 1293 979 1362 ille,
1009 1293 1094 1354 cuius
1115 1303 1160 1355 est
1180 1294 1260 1356 alius

9 1379 219 1459 Apocalypsi
263 1397 361 1440 ensem
407 1377 549 1439 describit
585 1393 625 1436 ea
673 1385 767 1449 actus,
791 1377 821 1437 id
841 1388 886 1438 est
901 1377 951 1438 dei
962 1395 1062 1438 sermo
1079 1377 1198 1440 divinas
1215 1380 1260 1439 bis

14 1483 79 1526 ore
112 1465 166 1524 dei
190 1464 388 1543 prodeuntem
417 1463 461 1524 bis
490 1471 622 1534 acutum,
672 1471 780 1522 acuties
810 1461 926 1522 duabus
956 1466 1158 1537 testamentis,
1189 1462 1260 1542 leqis

9 1559 230 1627 praeacutum
253 1565 337 1626 quem
359 1543 488 1624 intelliqi
504 1551 623 1624 oportet
674 1549 814 1625 antiquas
836 1555 864 1605 et
885 1545 957 1624 leqis
973 1563 1070 1606 nouae
1085 1557 1192 1606 acutus
1209 1564 1261 1606 sa·
1353 1551 1357 1560 '

16 1649 203 1693 sermonem
239 1630 382 1704 diuinum,
422 1631 466 1690 bis
502 1638 625 1688 eentum
670 1632 802 1707 pientiae
831 1647 905 1691 suae
934 1631 1097 1708 aequitate,
1132 1629 1261 1690 reddens

20 1717 149 1777 derebus
174 1719 360 1776 testamentis
385 1714 456 1792 legis
479 1725 507 1774 et
530 1729 623 1771 enan·
672 1713 831 1790 unicuique
846 1711 1008 1773 secundum
1024 1721 1120 1774 actum
1136 1731 1232 1774 suum.

19 1799 101 1880 getii
138 1810 261 1860 eentum
297 1801 446 1877 sapientia
476 1795 624 1874 infestam

23 1882 154 1944 diabolo
177 1890 233 1942 ete.

715 1957 783 2034 (llic
812 1973 921 2024 auctor
950 1963 1023 2024 libri
1041 1963 1109 2024 adu.
1132 1963 1198 2024 lud.
1223 1963 1259 2023 li·
1293 1986 1297 2011 ι

674 2065 746 2107 neas
762 2048 905 2127 quasdam
921 2051 1042 2121 amisit.)
1259 2097 1262 2119 ,

73 2131 174 2192 Licuit
188 2149 258 2210 ergo
281 2139 321 2190 et.
335 2129 452 2190 Christo
476 2132 623 2189 creatoris
715 2129 812 2191 Licuit
839 2139 962 2208 ergoet
987 2129 1114 2190 Christo.
1154 2131 1213 2192 Dei
1231 2131 1262 2189 in

29 2219 61 2278 in
87 2215 210 2277 Psalmo
233 2215 297 2276 sine
318 2214 431 2274 bellicis
448 2213 538 2274 rebus
554 2229 623 2274 ense
674 2211 803 2275 Psalmis
817 2214 890 2274 'sin'c
911 2213 1023 2274 bellicis
1051 2213 1141 2274 rebus
1164 2232 1264 2275 ensem
1299 2206 1306 2218 '

28 2301 184 2362 sermonis
219 2297 367 2378 praecingi
399 2297 539 2374 figurato,
577 2294 624 2356 eui
675 2297 883 2358 sermonisllei
898 2297 1045 2376 praecingi
1063 2297 1197 2375 figurato,
1214 2295 1262 2358 cni

30 2384 211 2464 supradicta
232 2382 444 2461 tempestivitas
472 2387 624 2458 congruat,
673 2381 819 2461 praedicta
863 2381 1077 2460 tempestivitas
1120 2389 1264 2460 congruet

32 2477 64 2530 et
100 2467 192 2545 gratia
227 2467 388 2536 labiorum,
434 2483 522 2543 quem
556 2472 626 2524 tune
675 2485 740 2527 eum
770 2466 861 2542 gratia
889 2464 1044 2538 labiorum,
1075 2482 1163 2544 quem
1193 2471 1263 2524 tuae

31 2559 94 2615 iarn
117 2551 289 2630 cingebatur
320 2569 410 2629 super
431 2551 526 2610 lemur
547 2545 625 2625 apud
675 2549 844 2626 cingebatur
870 2567 962 2627 super
985 2549 1081 2609 lemur
1104 2547 1180 2625 apud
1202 2547 1261 2606 lla-

32 2635 142 2706 llavid,
188 2636 362 2715 quandoque
403 2637 557 2694 missurus
593 2629 623 2688 in
646 2675 649 2688 .
674 2633 732 2701 vid,
748 2633 1027 2714 quandoaentarus
1044 2632 1189 2691 interrae
1206 2638 1261 2689 etc.

36 2733 164 2784 terram.
830 2721 833 2732 '

76 2799 628 2883 (llicmersusquinquelineaeeatant

36 2907 112 2969 quas
134 2891 167 2948 in
189 2887 238 2948 tib.
261 2887 329 2947 adu.
353 2884 420 2945 lud.
445 2883 606 2962 requires.)

82 2971 119 3032 Et
144 2971 269 3031 deducet
296 2981 332 3037 te,
366 2967 472 3044 inquit,
496 2963 624 3043 mirifice
719 2964 757 3024 Et
770 2964 904 3034 deducet,
920 2961 1025 3040 inquit,
1047 2973 1075 3022 te
1088 2961 1263 3037 moqnitudo
1334 2979 1355 3022 ·.

39 3057 164 3119 deutera
185 3066 248 3116 tua.
292 3053 392 3112 Virtus
421 3049 534 3112 scilieet
553 3063 622 3124 gra·
675 3050 817 3111 deuteras
835 3058 913 3118 tiene,
943 3044 1036 3106 virtus
1058 3042 1169 3104 seilicet
1194 3061 1264 3120 gra-

40 3142 97 3200 tiae
118 3137 267 3218 spiritalis,
295 3154 352 3214 qua
375 3132 484 3196 Cbristi
512 3129 622 3208 agnitio
673 3133 731 3195 tiae
752 3130 893 3212 spiritalis
918 3131 952 3190 de
975 3147 1031 3208 qua
1047 3126 1158 3188 Christi
1179 3127 1263 3203 agni-

40 3223 199 3286 dedueitur.
251 3220 380 3297 Sagittae
412 3227 479 3278 tuae
511 3223 623 3286 annue,
673 3217 715 3278 tio
731 3214 892 3277 deducitur.
927 3213 1056 3290 Sagittae
1070 3221 1147 3282 tuae,
1167 3213 1266 3291 inquit

40 3305 215 3389 pervolantia
246 3305 353 3384 ubique
387 3308 559 3380 praecepta,
597 3309 626 3360 et
675 3311 787 3373 ecutae,
802 3296 982 3379 pervolantia
997 3294 1263 3375 utiquelleiprae·

41 3397 137 3454 minae
163 3391 369 3452 traductiones
395 3385 505 3457 cordis,
538 3401 623 3444 com·
674 3394 758 3465 cepte
778 3388 926 3447 minantes
956 3382 1177 3443 traductionem
1204 3397 1265 3439 un·
1314 3443 1317 3452 ,

43 3484 201 3556 pungentes
238 3481 268 3533 et
301 3471 510 3549 unnsfigcntes
549 3485 623 3530 con·
675 3473 868 3550 insaniasque
888 3466 1002 3538 cordis,
1033 3469 1265 3542 compungentes

45 3559 189 3622 scientiam
217 3575 373 3636 quamque.
430 3553 536 3634 Populi
569 3550 624 3612 sub
675 3563 706 3616 et
719 3553 927 3631 uansfigentes
941 3548 1151 3610 conscientiam
1160 3563 1265 3624 quam-

46 3656 75 3704 te
114 3643 281 3710 concident,
324 3640 424 3718 utique
456 3638 623 3699 adorantes.
676 3657 742 3718 que.
778 3636 885 3716 Populi
907 3635 962 3695 sub
984 3642 1012 3694 te
1030 3635 1143 3700 cadent,
1164 3629 1266 3705 utique

48 3729 95 3788 Sic
126 3727 299 3802 bellipotens
327 3731 357 3782 et
384 3723 512 3798 armiger
537 3719 624 3780 Chri·
676 3723 845 3784 adorantes.
874 3719 923 3779 Sic
937 3716 1114 3795 bellipotens
1130 3719 1160 3771 et
1174 3711 1280 3802 armi-

48 3821 110 3872 stus
140 3811 303 3869 creatoris:
338 3805 388 3864 Sic
415 3815 443 3865 et
471 3821 551 3864 nrenc
573 3819 625 3862 aa·
676 3823 729 3886 ger
744 3802 879 3864 Christus
895 3811 949 3863 est.
987 3799 1177 3874 Sicreeipiet
1191 3812 1264 3871 spo-

16 3895 19 3902 '
52 3896 153 3972 cipiens
182 3889 287 3968 spolia,
315 3905 376 3953 non
405 3885 499 3947 solius
521 3884 625 3944 Same·
675 3889 724 3958 lia,
740 3879 1136 3949 nonsoliusSumeriae,
1163 3895 1265 3936 venun

1 4025 2 4030 η
51 3977 117 4046 riae,
147 3990 245 4033 verum
274 3979 304 4032 et
331 3971 462 4031 omnium
485 3967 627 4045 gentium.
677 3979 707 4032 et
735 3969 867 4030 omnium
895 3967 1036 4045 gendum.
1079 3963 1216 4039 Agnosce
1237 3967 1267 4021 et

51 4063 175 4138 Agnosce
195 4063 225 4116 et
253 4054 347 4133 spolia
376 4054 508 4133 figurata,
545 4049 629 4112 cuius
678 4052 773 4132 spolia
792 4053 913 4129 figurata
940 4049 1025 4111 euius
1049 4055 1078 4106 et
1098 4063 1177 4105 orma
1194 4043 1265 4104 alle-

54 4152 81 4204 et
107 4159 180 4202 erma
207 4138 362 4218 allegorica
389 4135 526 4198 didicisti.
577 4133 629 4196 Fi·-
678 4138 778 4217 garira
798 4133 935 4196 didicisti.
970 4131 1064 4209 Atque
1086 4131 1124 4189 ita
1146 4129 1176 4189 in
1197 4135 1265 4187 tan·

53 4237 148 4308 qerate
166 4229 266 4305 itaque
287 4234 315 4284 et
337 4224 455 4284 domino
483 4219 630 4282 maenadi
681 4231 741 4283 tum
764 4219 899 4282 Christus
923 4215 973 4297 qui
996 4213 1086 4286 venit,
1116 4229 1177 4272 non
1205 4212 1267 4288 fuit
1320 4269 1330 4286 ,

56 4311 192 4391 loqamts,
230 4318 259 4369 et
290 4305 436 4387 apostolo
480 4306 629 4367 scribente
678 4303 818 4376 bellator,
848 4301 1006 4380 quianon
1030 4297 1096 4358 talis
1121 4294 1157 4356 ab
1181 4294 1269 4356 llseia

55 4413 111 4458 non
130 4407 234 4456 temere
248 4391 549 4470 interpretationibus
565 4393 628 4451 eius
678 4385 910 4468 praedicabatur.

56 4484 167 4549 utimar,
203 4493 334 4557 quamam
369 4473 505 4552 exempta
541 4476 631 4534 etiam
849 4489 854 4499 ·

58 4565 214 4626 aduersarii
234 4561 406 4628 admittunt,
429 4567 515 4635 atque
536 4555 577 4618 ita
599 4556 629 4616 iu
