3196 5250
236 353 300 417 452
337 339 529 414 orsssnrxrro
545 367 575 410 ru
591 367 638 418 ou.
655 363 739 410 serr.
754 365 840 410 suos.
856 362 1051 410 rsnroerrxar
1066 367 1292 412 xaouooerrouu
1307 369 1393 411 cerr.

238 520 357 581 hebent.
387 520 423 578 At
445 519 470 579 is
492 516 596 596 procul
618 517 709 578 dubio
732 525 778 578 est
792 516 951 590 Homerus,
973 527 1036 596 tum
1059 518 1125 596 quia
1148 518 1278 580 omnium
1300 519 1463 590 vetustior,

238 612 273 666 ut
294 603 362 664 alibi
383 602 520 676 vidimus,
543 602 671 681 scriptor
693 609 748 672 est,
771 611 833 662 tum
856 602 924 681 quia
939 602 1048 680 scripta
1064 602 1142 664 illius
1158 604 1229 664 tanti
1247 603 1399 672 iaciebant,
1424 615 1462 664 ut

236 689 440 750 adolescentes
462 687 500 746 iis
522 686 558 747 ad
580 685 782 764 prudentiam,
805 687 880 747 sicut
901 703 969 746 mox
991 687 1159 748 dicebamus
1182 696 1211 747 et
1233 687 1363 748 liber-alia
1385 687 1459 748 om-

236 774 281 835 cia
304 771 499 834 erudirentur.
545 770 577 830 Si
605 771 670 849 quis
698 779 796 831 tamen
826 771 959 849 sagacior
980 771 1068 832 alium
1091 791 1106 832 a
1129 770 1307 834 Tertulliano
1331 773 1459 834 indicari

236 856 382 928 ostendat,
406 857 482 916 bunc
504 855 639 916 lubenter
660 855 822 917 audiemus.
854 856 1059 917 Animadverte
1082 865 1188 926 tamen,
1211 875 1332 935 quaeso,
1356 857 1460 936 ipsum

234 943 397 1003 Homerum
419 940 591 1001 nominatim
613 939 750 1019 appellari
773 939 819 1000 bis
840 939 1089 1018 subsequentibus
1110 941 1245 1002 ductoris
1268 942 1362 1002 nostri
1385 960 1460 1001 rer-

235 1027 300 1087 bis:
331 1026 434 1087 Adbuc
454 1029 640 1086 meminimus
656 1024 797 1098 Homeri3
822 1024 871 1086 ille
894 1030 1004 1106 opinor
1026 1039 1071 1088 est
1093 1031 1145 1107 qai
1166 1027 1297 1088 divinam
1310 1031 1460 1088 maiesta-

235 1122 294 1173 tem
317 1109 446 1172 bumana
467 1111 634 1172 conditione
656 1113 800 1173 tractauit
823 1111 939 1172 casibus
963 1121 989 1172 et
1009 1111 1201 1189 passionibus
1225 1111 1362 1172 iomanis
1386 1113 1462 1172 deos

235 1198 369 1258 imbuens
392 1194 507 1271 (ibid),
537 1194 572 1268 id,
594 1201 639 1254 est
669 1192 805 1255 omnibus
828 1194 915 1254 etiam
937 1193 1119 1269 foedissimis
1141 1195 1278 1256 humanis
1301 1195 1461 1256 affectibus

236 1299 270 1340 ac
290 1279 370 1340 vitiis
393 1278 560 1357 corruptos.
1230 1337 1239 1364 ἱ

320 1363 359 1424 Ει
385 1368 463 1425 certe
492 1361 539 1423 ille
568 1379 739 1442 graecorum
767 1367 923 1441 poetarum
951 1365 1132 1443 coryphaeus
1162 1361 1254 1426 libros
1277 1383 1348 1425 suos
1372 1363 1459 1424 bisce

130 1456 133 1465 '
235 1449 360 1510 deorum
382 1447 508 1509 infamiis
530 1446 643 1526 passim
664 1445 771 1525 ubique
794 1447 929 1508 foedavit.
973 1445 1118 1510 Nonnulla
1145 1458 1242 1508 autem
1262 1450 1372 1509 lluctor
1395 1467 1456 1508 no·
1564 1490 1568 1502 .

236 1541 308 1606 ster,
332 1553 370 1594 xre
391 1535 467 1594 loret
488 1531 620 1610 longior,
654 1532 760 1610 selegit
781 1531 926 1609 exempla,
950 1551 984 1592 ac
1005 1533 1074 1593 illud
1097 1533 1214 1612 quidem
1237 1531 1365 1612 primum
1393 1551 1457 1612 quo

235 1618 370 1679 decantat
397 1619 470 1678 deos
498 1621 579 1678 inter
602 1627 783 1697 eapropter
808 1615 953 1691 Troianos
977 1629 1004 1679 ει
1026 1619 1165 1686 Achiuos,
1194 1629 1229 1679 ar
1250 1617 1459 1695 gladiatorum

231 1706 333 1782 paria,
358 1719 532 1779 conpressos
557 1698 741 1781 depugnasse
764 1701 856 1772 (ldem
877 1701 1027 1780 Apologet.
1051 1721 1114 1780 cap.
1139 1706 1217 1777 ld),
1241 1701 1301 1762 sive
1325 1703 1402 1762 siout
1423 1703 1457 1762 in

235 1781 310 1846 libro
340 1788 376 1848 ad
397 1786 552 1848 Nationes:
601 1785 662 1858 Qui
688 1787 722 1847 de
748 1786 811 1847 illis
840 1787 949 1864 [auore
972 1788 1100 1848 diuersis
1122 1787 1304 1866 gladiatoria
1327 1787 1457 1867 quodam
1527 1823 1535 1838 ·

234 1873 323 1932 moda
349 1877 441 1953 paria
468 1874 612 1932 commisit
644 1870 706 1944 (lib.
728 1869 751 1930 l.
779 1871 813 1930 ad
841 1870 957 1931 Nation.
987 1875 1144 1949 cupid).
1189 1872 1246 1932 Sed
1264 1872 1336 1949 quis
1360 1871 1459 1932 nescit

235 1973 323 2034 quam
351 1956 468 2036 saepius
496 1955 543 2015 ille
566 1955 596 2014 in
617 1955 705 2015 lliade
728 1955 865 2016 cecinerit
887 1955 975 2015 hosce
998 1956 1120 2016 deorum
1143 1973 1270 2034 pugnas,
1303 1965 1335 2015 et
1356 1955 1455 2016 Vene-

234 2057 308 2112 rem,
332 2040 418 2101 siouti
440 2039 535 2118 pergit
556 2039 751 2101 Tertullianus
774 2039 881 2114 (ibid),
909 2041 1034 2100 bumana
1056 2041 1160 2118 sagitta
1183 2041 1350 2112 sauciatam,
1373 2041 1454 2100 llar-

235 2132 294 2184 tem
317 2123 348 2183 in
363 2124 486 2185 vinculis
501 2143 595 2203 paene
609 2133 825 2203 consumptum,
848 2123 945 2184 lovem
961 2141 1039 2184 nune
1053 2123 1204 2185 ouirrsdam
1221 2125 1345 2186 monstri
1362 2143 1455 2203 opera

235 2207 399 2282 liberatum,
422 2209 510 2269 modo
532 2211 651 2268 dentem
672 2206 855 2287 Sarpedonis
866 2225 975 2279 casum,
999 2225 1077 2270 nuno
1091 2210 1327 2270 obscoenissimo
1342 2227 1455 2288 porco—

234 2311 302 2354 rum
335 2311 418 2354 more
448 2293 602 2354 subantem
635 2293 874 2371 prudentemque
902 2293 1023 2354 libidine
1052 2295 1081 2354 in
1110 2311 1243 2355 sororem
1272 2311 1454 2372 uxoremque

235 2395 317 2438 suam
339 2377 499 2450 lunonem,
529 2376 599 2437 dnm
623 2377 662 2436 illi
684 2383 799 2456 turpem
823 2395 909 2438 strum
931 2379 961 2437 in
984 2379 1092 2439 anricus
1115 2397 1246 2439 amorem
1268 2397 1452 2440 commemo-

234 2461 327 2522 rabat.
370 2463 406 2522 lt
428 2463 477 2532 ibi¹
491 2461 586 2521 obiter
608 2461 823 2522 observandum
845 2461 875 2520 iu
892 2461 1006 2540 Rigaltii
1028 2463 1157 2523 editione
1180 2463 1351 2542 simpliciter
1375 2465 1450 2523 seri-

233 2554 332 2625 ptum:
381 2547 517 2608 l'eaerem
541 2545 670 2606 bumana
692 2551 802 2624 sagitta
824 2550 997 2608 sauciatam.
1042 2547 1075 2607 ln
1103 2549 1216 2608 nostris
1244 2565 1315 2608 vero
1344 2567 1432 2608 manu

234 2630 353 2709 scriptis
386 2641 415 2691 et
442 2630 655 2708 antiquioribus
685 2630 771 2691 editis
806 2629 957 2691 codicibus
987 2629 1057 2710 legi:
1106 2633 1244 2694 Venerem
1274 2637 1450 2700 serenatam,

234 2717 313 2795 qaod
333 2715 431 2796 [iliam
453 2735 540 2776 sariam
555 2719 682 2776 Aeaeam
700 2733 797 2794 paene
813 2712 1005 2800 a'uterfectnm
1020 2717 1056 2778 ab
1073 2719 1172 2779 eodem
1189 2718 1327 2780 Diomede
1342 2719 1452 2796 rapere

233 2799 381 2862 voluterit:
410 2800 547 2874 Martem,
570 2807 625 2860 etc.
655 2799 745 2861 Tacet
766 2799 882 2877 quidem
905 2800 1045 2878 Rigaltius
1068 2819 1121 2862 cnr
1142 2803 1215 2864 baec
1235 2802 1321 2862 verba
1344 2801 1449 2862 abstu-

233 2883 310 2955 lorit,
334 2885 387 2945 sed
411 2885 566 2945 arbitratus
590 2891 637 2944 ost
657 2883 734 2945 haud
757 2885 844 2946 dubie
866 2885 937 2946 haec
959 2886 1160 2964 explicationis
1183 2905 1271 2952 causa
1293 2887 1330 2947 ab
1351 2887 1449 2965 aliquo

233 2967 353 3029 librario
382 2969 492 3030 adiecta
520 2969 612 3030 luisse
641 2978 670 3030 et
694 2969 837 3048 posthaec
867 2970 980 3030 intrusa
1007 2971 1036 3030 in
1066 2979 1186 3032 textum.
1230 2972 1302 3032 Nam
1325 2972 1396 3032 haec
1417 2971 1449 3031 in

233 3052 309 3114 libro
332 3055 368 3114 ad
389 3053 538 3124 Nationes,
562 3054 611 3114 ubi
635 3055 734 3115 eadem
758 3061 938 3132 repetuntur,
962 3073 1021 3115 non
1043 3065 1209 3116 occurrunt.
1240 3055 1339 3135 Neque
1360 3055 1449 3116 etiam

234 3136 312 3196 dictu
335 3138 417 3198 lacile
440 3146 486 3198 εει
508 3154 559 3198 cnr
581 3138 621 3198 ibi
643 3139 754 3199 adiecta
777 3139 837 3198 sint
857 3138 904 3199 illa
925 3139 1012 3200 rerba
1029 3142 1063 3201 ab
1081 3143 1179 3202 eodem
1192 3141 1339 3210 Diomede,
1363 3141 1449 3201 cuius

233 3219 311 3280 nulla
339 3221 421 3300 prius
449 3223 558 3282 mentio
586 3223 659 3284 lecta
688 3221 804 3284 luerat?
848 3225 954 3284 Verum
980 3225 1046 3302 quia
1069 3225 1141 3286 baec
1162 3226 1192 3286 in
1215 3225 1348 3304 plurimis
1371 3224 1448 3286 anti-

184 3359 186 3363 ,
233 3303 386 3380 quissimis
414 3307 623 3384 manuscriptis
650 3307 864 3386 exemplaribus
892 3307 1051 3382 habentur,
1081 3327 1140 3370 non
1168 3312 1232 3370 sine
1254 3311 1387 3389 praevia,
1416 3319 1451 3370 ut

173 3414 177 3422 Ι
233 3389 469 3464 supradiximus
493 3390 658 3460 (Dissertat.
681 3392 711 3451 in
733 3389 838 3451 llinuc.
863 3388 961 3454 Octav.
985 3411 1047 3473 cap.
1074 3399 1122 3457 17.
1145 3396 1204 3455 Art.
1229 3400 1288 3468 4.),
1311 3395 1447 3456 admoni-

233 3471 315 3531 tione
343 3473 485 3552 amputari
514 3474 667 3535 debebant.
712 3475 847 3536 Ceterum
875 3477 943 3537 alibi
965 3477 1087 3538 Homeri
1116 3480 1177 3540 loca
1206 3479 1397 3541 indicarimus
1419 3487 1450 3540 et

234 3555 450 3634 explanavimus
473 3557 637 3627 (Dissertat.
660 3560 689 3619 in
711 3559 821 3620 Arnob.
844 3579 906 3639 cap.
935 3565 983 3625 12.
1006 3563 1066 3624 nra
1091 3569 1104 3626 1
1132 3573 1160 3624 et
1182 3567 1235 3636 3.)‚
1269 3583 1343 3642 quae
1371 3564 1447 3625 Ter-

232 3638 371 3787 plullianus
394 3643 430 3703 de
452 3641 500 3703 illa
524 3643 652 3716 Venere,
682 3643 718 3704 de
740 3643 810 3704 love
836 3663 869 3706 ac
890 3645 980 3708 blarte
1003 3649 1109 3708 citasse
1132 3649 1208 3710 baud
1230 3649 1378 3710 immerito
1400 3648 1450 3710 ri-

253 3733 328 3787 etur.

318 3811 410 3872 Simili
439 3812 526 3872 etiarn
554 3811 642 3873 modo
668 3812 700 3873 in
722 3813 826 3874 iisdem
848 3814 1102 3877 dissertationibus
1125 3818 1306 3878 ostendamus
1329 3817 1447 3895 quantis

232 3893 280 3956 alii
313 3915 428 3975 quoque
461 3903 565 3976 poetae
596 3896 714 3976 probris
744 3917 777 3959 ac
805 3899 988 3960 contumeliis
1017 3901 1089 3974 deos
1119 3920 1189 3962 suos
1218 3901 1343 3962 insecuti
1367 3909 1447 3962 sunt.

231 3980 298 4040 Non
320 3999 424 4060 magno
447 3981 525 4042 eninr
548 3983 612 4042 sine
633 3981 749 4043 illorum
774 3983 916 4044 dedecore
931 3985 1084 4058 linxerant,
1107 3986 1148 4046 uti
1164 3994 1246 4046 notat
1261 3987 1355 4050 adhuc
1370 3985 1447 4046 Ter-

232 4063 368 4127 tullianus
391 4062 571 4138 (Tertnllian.
594 4067 746 4145 apologet.
769 4085 831 4147 cop.
857 4073 929 4143 tt),
960 4069 1122 4147 Apollinem
1151 4089 1255 4150 greges
1278 4078 1448 4148 pascentem

231 4147 344 4208 Admeti
366 4151 455 4228 regis,
484 4151 649 4230 Neptunum
673 4158 856 4214 structorias
878 4171 983 4231 operas
1005 4153 1197 4215 Laomedonti
1219 4155 1374 4228 locantem,
1401 4165 1446 4216 at-

232 4249 288 4308 que
309 4232 510 4314 Aesculapium
539 4235 658 4297 lulmine
679 4235 758 4298 loris
780 4237 883 4310 ictum,
915 4239 1159 4316 quemadmodum
1187 4239 1331 4302 Pindanrs
1360 4241 1446 4302 etiam

234 4313 347 4376 cecinit.
428 4362 430 4366 ⁴

316 4399 425 4460 lleiore
448 4403 542 4464 adhue
563 4405 688 4466 ludibrio
710 4405 895 4484 probroque,
926 4407 968 4466 uti
998 4408 1092 4485 porgit
1117 4407 1314 4471 Tertullianus
1337 4408 1447 4482 (lib-l.

232 4482 269 4544 ad
289 4483 405 4545 Nation.
428 4503 489 4564 cap.
517 4489 745 4552 10.extib.11.
769 4507 831 4569 cap.
856 4493 927 4566 ta),
954 4509 1068 4571 nosque
1092 4492 1158 4554 alibi
1182 4493 1268 4555 otiam
1290 4494 1445 4554 annotari-

231 4585 297 4632 mus
320 4567 484 4648 (Dissertat.
506 4569 537 4633 in
557 4573 666 4635 drnob.
689 4591 764 4654 cap.¹
777 4578 826 4638 14.
847 4576 911 4666 Art.¹
933 4580 990 4654 1.),
1024 4577 1064 4638 dii
1087 4574 1261 4642 exhibentur
1282 4578 1313 4643 iu
1335 4578 1451 4654 scenis,
