3114 5240
264 372 329 436 '132
363 386 551 432 ulssett'rfflo
566 385 596 428 ltt
611 385 658 436 011.
674 384 757 430 SM·
772 385 857 428 ruoa.
873 383 1065 428 manduculo
1079 383 1302 428 APOLOGBTICU!
1313 383 1399 426 CS'l'T.

263 515 512 636 poetarum'udeos
532 553 593 598 non
612 553 726 600 summa
748 535 812 598 sine
832 535 980 616 impietate
1001 534 1037 596 ob
1059 533 1183 608 ethnicis
1205 533 1261 596 coli
1280 531 1468 596 etrend'tsri

262 641 326 686 non
345 620 523 770 &fficio
543 713 622 768 certe
642 705 786 768 insulsum
806 713 870 766 erat
890 704 1007 767 tertium
1021 703 1144 766 deorum
1158 721 1260 782 genus,
1281 701 1360 781 quod
1371 702 1468 764 Varro

261 793 370 873 gentile
398 811 452 854 seu
477 790 623 871 plebeium
651 809 720 852 csse
747 788 869 852 docebat
900 793 974 869 (cap.
997 790 1050 862 8.).
1091 788 1157 850 Non
1179 787 1226 849 alii
1247 787 1356 866 quippe
1379 795 1470 848 erant

263 879 294 939 bi
321 877 373 950 dii,
401 894 486 955 quam
508 875 548 936 illi
581 893 655 954 quos
676 873 791 954 quidam
813 873 913 953 populi
935 873 971 935 ad
992 873 1143 938 arbitrium
1163 891 1197 933 ac
1216 871 1367 934 libidinem
1387 873 1466 934 ado-

243 969 359 1042 -ptatos
392 961 428 1024 ab
449 959 514 1024 aliis
535 977 589 1022 ncc
609 959 674 1022 visu
705 977 761 1020 nec
792 958 891 1020 auditu
917 977 953 1019 ac
971 975 1009 1020 ne
1030 957 1149 1020 nomino
1171 957 1286 1036 quidem
1308 956 1464 1018 disceme-

167 1103 171 1109 .
261 1047 342 1110 bant
385 1045 471 1108 Tales
494 1043 690 1106 Tertullianus
710 1051 854 1106 memorat
867 1042 1048 1120 Atargartim
1070 1042 1242 1116 Caelestem,
1263 1040 1466 1116 Vorsutinam,

263 1131 406 1203 Obodan,
432 1129 574 1202 llusercn,
601 1128 749 1198 Belenum,
777 1126 989 1200 ltelrentinum,
1021 1126 1210 1199 visidianum,
1242 1125 1465 1200 Numantinum,

259 1214 442 1288 Ancharium,
472 1213 638 1275 Praeverim
666 1220 695 1274 et
720 1212 860 1274 Nortiam.
902 1212 1011 1274 Eadem
1036 1229 1106 1272 rcro
1139 1211 1255 1274 boeotia
1279 1211 1387 1272 lartum
1415 1210 1466 1272 ille

259 1307 352 1380 pout,
380 1307 414 1360 ut
434 1297 573 1378 Aegyptii,
602 1296 651 1376 qui
671 1296 780 1359 bestias
801 1296 944 1370 colebant,
972 1295 1163 1376 patriarcham
1183 1294 1291 1376 loseph
1312 1294 1466 1375 Serapidis

258 1384 381 1448 nomine
414 1383 498 1446 deum
519 1381 675 1445 habuerint
695 1390 724 1442 et
743 1382 960 1443 honoraverint.
1002 1380 1092 1442 llecte
1113 1381 1201 1460 igitur
1221 1399 1258 1440 ex
1278 1379 1363 1442 dictis
1386 1398 1462 1441 con-

259 1469 349 1532 cludit
380 1468 555 1530 lslsissimos
582 1486 649 1528 esse
677 1466 741 1528 illos
779 1466 954 1547 populorum
992 1464 1082 1538 deos;
1114 1465 1349 1545 quandoquidem
1377 1463 1465 1526 solus

259 1572 346 1616 verus
366 1553 445 1615 licus
467 1551 574 1631 ubique
595 1569 735 1632 praeseus
757 1560 788 1613 et
809 1551 938 1613 omnium
959 1549 1096 1612 dominus
1123 1550 1160 1612 ab
1192 1549 1327 1611 omnibus
1347 1549 1464 1628 pariter

262 1638 402 1700 colendm
425 1645 455 1698 ot
475 1637 639 1698 adurendus
660 1643 716 1697 est
923 1654 925 1667 ¹

159 1731 163 1740 '
342 1720 477 1783 &canda
496 1721 584 1782 buius
604 1720 671 1783 libri
691 1727 772 1800 parte
793 1720 992 1780 Romanorum
1013 1720 1084 1782 deos
1112 1717 1160 1779 ille
1182 1717 1329 1797 speciatim
1350 1716 1458 1794 explo-

259 1805 303 1868 dit
323 1813 353 1867 et
372 1805 475 1868 cvertb
495 1808 569 1884 (cap.
582 1807 625 1880 9.)
652 1803 712 1866 Eos
733 1812 829 1865 autern
850 1805 941 1864 Varro
962 1811 1151 1883 praepostere
1172 1801 1270 1864 divisit
1290 1801 1319 1862 io
1340 1800 1459 1874 dubios,

259 1898 357 1952 certos
379 1888 547 1951 etelectus.
589 1889 661 1950 Nam
682 1888 758 1967 quis,
781 1888 875 1966 inquit
888 1887 995 1950 Auctor
1015 1897 1128 1960 noster,
1150 1886 1207 1948 nisi
1225 1905 1336 1958 amens,
1357 1886 1461 1948 incer·

256 1982 321 2038 turn
340 1974 518 2052 dubiumque
539 1973 626 2035 deum
647 1971 782 2035 honorat.
826 1972 930 2032 Certos
951 1991 1021 2034 sero
1043 1973 1115 2034 deos
1137 1981 1166 2034 et
1188 1971 1313 2032 selectos
1335 1969 1386 2050 qui
1402 1969 1461 2032 ba-

258 2058 310 2120 bet
335 2078 369 2120 ac
395 2067 557 2130 veneratur,
587 2058 612 2118 is
640 2057 714 2118 alios
745 2058 876 2136 prolecto
904 2056 1016 2135 spernit
1041 2075 1074 2118 oc
1101 2055 1248 2135 reprobat.
1290 2056 1393 2134 lncpta
1414 2064 1465 2116 est

257 2143 345 2222 igilur
367 2143 413 2206 illa
433 2143 537 2205 divisio
559 2143 690 2213 (leonum,
712 2141 762 2219 qui
783 2141 868 2219 paulo
890 2141 995 2202 melius
1017 2140 1154 2220 distingtui
1175 2148 1309 2219 poterant
1328 2140 1359 2200 in
1373 2159 1462 2202 com-

256 2245 364 2306 munes,
383 2235 412 2290 et
431 2227 579 2306 proprios.
621 2227 643 2286 V
662 2243 727 2286 rum
757 2225 844 2304 primi
866 2225 927 2286 sive
948 2243 1117 2288 communes
1139 2225 1227 2286 iidem
1248 2233 1316 2286 sunt
1338 2243 1372 2286 ac
1398 2243 1458 2303 pu-

256 2311 324 2376 blici
346 2319 375 2374 ct
395 2311 553 2385 adventitii,
575 2311 624 2391 qui
636 2247 731 2389 {aulo
752 2318 819 2371 ante
841 2319 1001 2372 memorato
1023 2309 1147 2372 anobis
1170 2319 1199 2371 et
1218 2311 1366 2372 confutato
1382 2309 1461 2372 deo·

256 2415 322 2460 rum
350 2396 469 2476 physico
496 2396 541 2458 vel
562 2395 687 2475 mythico
709 2411 814 2473 genere
835 2394 1130 2473 comprehenduntur.
1175 2393 1339 2473 Supersunt
1358 2394 1459 2473 itaque

256 2489 368 2542 tantum
395 2480 506 2560 proprii
528 2481 725 2541 Romanorum
753 2479 802 2553 dii,
832 2479 881 2557 qui
909 2478 953 2540 vel
976 2495 1010 2540 ex
1031 2479 1150 2542 devictis
1172 2477 1306 2540 hostibus
1328 2479 1407 2558 rapti
1430 2488 1461 2541 et

254 2565 379 2628 Romam
397 2565 535 2645 asportati
558 2575 650 2638 mant,
672 2564 716 2625 vel
729 2564 854 2624 Penates
877 2563 1016 2636 ethres,
1038 2581 1113 2642 quos
1129 2563 1330 2642 aemulusque
1345 2563 1458 2643 privata

255 2649 286 2712 iu
308 2650 395 2712 domo
417 2667 470 2712 sua
489 2649 683 2728 peculiarique
705 2649 764 2710 ritu
785 2647 906 2710 colebat.
938 2650 975 2709 At
996 2648 1025 2710 bi
1047 2667 1150 2710 omnes
1171 2647 1306 2713 homines
1327 2649 1458 2723 fuerumt,

255 2733 305 2812 qui
334 2734 371 2796 ob
401 2733 514 2814 egregia
540 2733 680 2812 quaedam
701 2733 829 2794 facinora
850 2732 889 2794 dii
911 2741 980 2812 post
1001 2742 1123 2795 mortem
1141 2732 1252 2794 insulsa
1275 2733 1360 2812 plane
1380 2752 1456 2794 con-

256 2819 418 2882 secratione
449 2819 515 2880 iacti
545 2826 624 2880 sunt.
666 2819 704 2879 At
734 2835 885 2896 quinetiam,
919 2817 959 2878 ait
986 2817 1191 2891 Tertullianus,
1222 2817 1309 2879 unius
1337 2837 1373 2878 ex
1400 2817 1455 2890 eis,

254 2903 335 2965 uerbi
363 2903 452 2983 gratia
473 2904 595 2976 Aeneae,
618 2910 701 2964 erant
721 2901 846 2964 merita?
888 2901 964 2964 Num
992 2903 1084 2981 pietas
1106 2903 1136 2965 in
1157 2911 1269 2981 patrem
1290 2909 1320 2962 et
1339 2901 1457 2964 lilium?

253 2987 313 3049 Sed
339 2988 366 3050 is
393 2988 438 3050 rel
469 3007 561 3061 suam,
594 2987 668 3048 sicut
688 2988 828 3059 Antenor,
859 2987 989 3066 prodidit
1013 2987 1145 3067 patriam,
1177 2987 1223 3048 vel
1256 3005 1318 3048 eam
1349 2987 1456 3048 relicto

252 3071 369 3138 Priamo
397 3079 427 3134 et
446 3072 616 3152 Astyanacte
642 3073 808 3150 flagrantem
832 3072 996 3133 deserendo
1024 3091 1082 3133 non
1116 3071 1244 3134 imitatus
1276 3078 1322 3132 est
1342 3071 1451 3132 locuti-

253 3175 321 3218 umn
340 3156 488 3228 Punicam,
521 3175 594 3236 quae
626 3175 659 3216 se
691 3175 757 3218 cum
788 3155 855 3216 liliis
887 3156 918 3216 in
945 3156 1073 3218 ardentis
1100 3157 1211 3236 patriae
1239 3156 1321 3234 ignes
1342 3155 1471 3234 iniecit„

169 3307 173 3320 ³
253 3239 397 3318 Numquid
424 3239 527 3302 melior
554 3239 704 3312 llomauis,
731 3240 779 3318 qui
807 3259 861 3318 pro
884 3241 976 3302 salute
996 3240 1159 3321 principum
1182 3241 1321 3303 adversus
1343 3239 1456 3302 lilaeros

253 3333 282 3384 et
303 3324 441 3403 coniuges
462 3321 619 3386 iurabant?
661 3324 692 3384 Si
720 3323 789 3402 quid
818 3343 908 3404 porro
930 3333 1041 3404 patrem
1064 3325 1193 3386 humeris
1215 3325 1355 3404 gestando
1377 3345 1454 3404 pro·

252 3407 367 3480 monuit,
388 3427 486 3469 nonne
507 3407 602 3487 Argivi
624 3409 743 3469 iuvenes
763 3417 883 3469 matrem
906 3429 998 3484 suam,
1019 3427 1057 3472 no
1078 3411 1108 3470 in
1129 3410 1221 3472 sacris
1242 3409 1385 3489 piaculruu
1408 3411 1454 3471 la-

251 3499 340 3566 ceret,
372 3501 505 3570 tanquam
531 3491 641 3571 iugales
667 3491 830 3554 vexerunt?
874 3493 906 3554 Si
931 3513 1014 3556 suum
1037 3493 1084 3556 ille
1105 3503 1216 3574 patrem
1239 3494 1317 3567 aluit,
1351 3511 1455 3558 nonno

250 3575 308 3638 lilio
328 3577 469 3656 quaedam
490 3577 593 3639 maiori
607 3576 714 3656 pietate
728 3577 803 3657 patri
818 3596 873 3638 suo
888 3578 918 3639 in
933 3597 1047 3640 carcere
1062 3580 1157 3658 posito
1181 3579 1310 3640 admovit
1335 3578 1454 3641 rubera?

250 3661 340 3741 Magis
369 3679 440 3742 crgo
467 3661 506 3723 illi
529 3661 633 3724 divinis
655 3661 817 3723 bonoribus
840 3662 919 3742 digni
941 3671 1031 3736 erant,
1059 3683 1144 3742 quant
1166 3665 1294 3743 ignarus,
1310 3663 1454 3726 timidus-

251 3766 307 3826 que
321 3747 443 3822 Aeueas,
464 3747 514 3826 qui
534 3753 604 3825 post
622 3746 762 3826 praelium
776 3747 984 3810 Laurentinum
1003 3767 1144 3827 nusquam
1159 3749 1328 3827 comparuit
1354 3747 1454 3810 llum-

250 3832 319 3910 quid
339 3833 426 3894 ctiam
448 3830 602 3892 divinitatis
623 3831 764 3892 bonorem
785 3831 893 3893 meruit
913 3832 1066 3906 Romulus,
1094 3833 1145 3912 qui
1165 3833 1309 3894 interfecit
1329 3833 1453 3895 fratrem

250 3934 335 3978 suum
363 3917 529 3995 alienasque
555 3915 651 3994 rapuit
678 3914 831 3995 virgines?
872 3916 1017 3996 Numquid
1038 3916 1177 3979 llercules
1198 3927 1320 3998 propter
1338 3917 1453 3996 Augias

249 3999 349 4062 limum
371 4001 502 4075 eiectum,
525 4000 670 4079 Penelope
691 4009 813 4081 propter
833 4001 1005 4074 castitatem,
1028 4001 1150 4064 Sancus
1171 4011 1291 4082 propter
1311 4001 1452 4080 bospite-

248 4083 360 4230 {affl
383 4085 446 4230 ipro
466 4085 620 4147 divnitatis
642 4085 749 4163 potius,
777 4104 862 4164 quarn
883 4086 1050 4160 Sterculus,
1077 4105 1164 4167 quam
1185 4087 1282 4148 Ulixes
1305 4087 1454 4166 eoumqui

270 4186 323 4228 ee
360 4175 393 4230 nt

334 4252 410 4326 Quid
431 4273 500 4316 vero
528 4255 564 4316 de
585 4253 650 4316 aliis
670 4253 756 4332 longe
779 4253 957 4334 turpioribus
979 4255 1036 4316 diis
1058 4254 1235 4318 dicendum?
1279 4255 1365 4328 Quid,
1388 4255 1452 4318 ob-

248 4347 394 4415 secrote,
416 4337 571 4400 divinitatis
592 4347 640 4400 est
660 4337 689 4400 in
710 4337 865 4402 Larentina
885 4341 1039 4401 meretrice
1065 4341 1179 4420 publica
1200 4348 1230 4402 et
1249 4340 1365 4402 Romuli
1386 4359 1449 4402 nn-

247 4421 345 4484 trice?
389 4420 464 4493 Qtrid
497 4423 633 4496 foemina,
666 4441 739 4502 quae
761 4423 796 4484 ab
824 4423 956 4486 Herculis
984 4425 1099 4488 aedituo
1126 4434 1196 4504 post
1222 4425 1374 4487 ridiculum
1396 4425 1449 4486 lu-

247 4505 316 4568 dum
345 4505 443 4568 vitiata
475 4506 540 4586 ipso
568 4508 692 4570 Hercule
723 4508 781 4570 iani
801 4517 916 4572 mortuo
945 4527 979 4570 sc
1001 4528 1199 4591 compressam
1220 4511 1312 4572 luisse
1332 4509 1449 4588 gloria·

245 4590 355 4654 babuci
398 4589 471 4665 Quis
493 4591 635 4671 patienter
655 4595 728 4655 terat
749 4594 885 4658 infamem
904 4593 1063 4657 Antinoum
1083 4613 1101 4658 a
1121 4594 1258 4658 llomanis
1280 4595 1366 4658 deum
1388 4595 1449 4656 ba-
