<?xml version="1.0" encoding="UTF-8"?>
<!DOCTYPE html PUBLIC "-//W3C//DTD XHTML 1.0 Transitional//EN"
    "http://www.w3.org/TR/xhtml1/DTD/xhtml1-transitional.dtd">
<html xmlns="http://www.w3.org/1999/xhtml" xml:lang="en" lang="en">
 <head>
  <title>
</title>
<meta http-equiv="Content-Type" content="text/html;charset=utf-8" />
  <meta name='ocr-system' content='tesseract 3.04.00' />
  <meta name='ocr-capabilities' content='ocr_page ocr_carea ocr_par ocr_line ocrx_word'/>
</head>
<body>
  <div class='ocr_page' id='page_1' title='image "./quaesupersuntom01oehlgoog_0582.png"; bbox 0 0 3082 5238; ppageno 0'>
   <div class='ocr_carea' id='block_1_1' title="bbox 446 373 1290 438">
    <p class='ocr_par' dir='ltr' id='par_1_1' title="bbox 446 373 1290 438">
     <span class='ocr_line' id='line_1_1' title="bbox 446 373 1290 438; baseline 0.009 -10"><span class='ocrx_word' id='word_1_1' title='bbox 446 383 581 430; x_wconf 72' lang='lat' dir='ltr'><strong>nomon</strong></span> <span class='ocrx_word' id='word_1_2' title='bbox 602 384 643 426; x_wconf 82' lang='lat' dir='ltr'><strong>ro,</strong></span> <span class='ocrx_word' id='word_1_3' title='bbox 666 385 733 428; x_wconf 82' lang='lat' dir='ltr'><strong>aua.</strong></span> <span class='ocrx_word' id='word_1_4' title='bbox 756 383 921 430; x_wconf 76' lang='lat' dir='ltr'><strong>nonssaar.</strong></span> <span class='ocrx_word' id='word_1_5' title='bbox 1227 373 1290 438; x_wconf 72' lang='lat' dir='ltr'><strong>ott</strong></span> 
     </span>
    </p>
   </div>
   <div class='ocr_carea' id='block_1_2' title="bbox 65 503 1291 843">
    <p class='ocr_par' dir='ltr' id='par_1_2' title="bbox 65 503 1291 843">
     <span class='ocr_line' id='line_1_2' title="bbox 67 503 1291 612; baseline 0.006 -21"><span class='ocrx_word' id='word_1_6' title='bbox 67 531 299 610; x_wconf 65' lang='grc' dir='ltr'>ιιιιιιιιιιιιοιιιιιι</span> <span class='ocrx_word' id='word_1_7' title='bbox 321 531 447 594; x_wconf 86' lang='lat' dir='ltr'><strong>dicimus</strong></span> <span class='ocrx_word' id='word_1_8' title='bbox 468 531 595 594; x_wconf 81' lang='lat' dir='ltr'><strong>maxime</strong></span> <span class='ocrx_word' id='word_1_9' title='bbox 615 541 783 612; x_wconf 87' lang='lat' dir='ltr'><strong>propterea,</strong></span> <span class='ocrx_word' id='word_1_10' title='bbox 813 533 893 611; x_wconf 86' lang='lat' dir='ltr'><strong>quod</strong></span> <span class='ocrx_word' id='word_1_11' title='bbox 915 549 994 596; x_wconf 85' lang='grc' dir='ltr'>ιιιιιο</span> <span class='ocrx_word' id='word_1_12' title='bbox 1016 532 1174 612; x_wconf 77' lang='lat' dir='ltr'><strong>incipiente</strong></span> <span class='ocrx_word' id='word_1_13' title='bbox 1197 503 1291 600; x_wconf 73' lang='lat' dir='ltr'><strong>Sars·</strong></span> 
     </span>
     <span class='ocr_line' id='line_1_3' title="bbox 65 615 1290 694; baseline 0.006 -18"><span class='ocrx_word' id='word_1_14' title='bbox 65 633 121 676; x_wconf 81' lang='lat' dir='ltr'><strong>rrae</strong></span> <span class='ocrx_word' id='word_1_15' title='bbox 148 615 244 676; x_wconf 80' lang='lat' dir='ltr'><strong>adbuc</strong></span> <span class='ocrx_word' id='word_1_16' title='bbox 270 615 360 676; x_wconf 89' lang='lat' dir='ltr'><strong>luerit</strong></span> <span class='ocrx_word' id='word_1_17' title='bbox 387 616 417 676; x_wconf 91' lang='lat' dir='ltr'><strong>in</strong></span> <span class='ocrx_word' id='word_1_18' title='bbox 441 615 525 694; x_wconf 78' lang='lat' dir='ltr'><strong>Spin</strong></span> <span class='ocrx_word' id='word_1_19' title='bbox 554 624 706 688; x_wconf 62' lang='lat' dir='ltr'><strong>versatum</strong></span> <span class='ocrx_word' id='word_1_20' title='bbox 744 617 822 678; x_wconf 87' lang='lat' dir='ltr'><strong>unde</strong></span> <span class='ocrx_word' id='word_1_21' title='bbox 850 615 977 678; x_wconf 76' lang='lat' dir='ltr'><strong>vindici</strong></span> <span class='ocrx_word' id='word_1_22' title='bbox 1006 624 1194 694; x_wconf 88' lang='lat' dir='ltr'><strong>potestante</strong></span> <span class='ocrx_word' id='word_1_23' title='bbox 1215 638 1290 682; x_wconf 91' lang='lat' dir='ltr'><strong>con·</strong></span> 
     </span>
     <span class='ocr_line' id='line_1_4' title="bbox 65 699 1290 843; baseline 0.006 -84"><span class='ocrx_word' id='word_1_24' title='bbox 65 700 182 843; x_wconf 46' lang='lat' dir='ltr'><strong>{iffi</strong></span> <span class='ocrx_word' id='word_1_25' title='bbox 202 699 330 804; x_wconf 74' lang='lat' dir='ltr'><strong>medum</strong></span> <span class='ocrx_word' id='word_1_26' title='bbox 359 699 436 761; x_wconf 88' lang='lat' dir='ltr'><strong>eius.</strong></span> <span class='ocrx_word' id='word_1_27' title='bbox 456 699 525 762; x_wconf 79' lang='lat' dir='ltr'><strong>anni</strong></span> <span class='ocrx_word' id='word_1_28' title='bbox 551 707 666 778; x_wconf 85' lang='lat' dir='ltr'><strong>partem</strong></span> <span class='ocrx_word' id='word_1_29' title='bbox 694 719 778 762; x_wconf 88' lang='lat' dir='ltr'><strong>suam</strong></span> <span class='ocrx_word' id='word_1_30' title='bbox 811 700 954 762; x_wconf 86' lang='lat' dir='ltr'><strong>adversus</strong></span> <span class='ocrx_word' id='word_1_31' title='bbox 983 700 1167 762; x_wconf 84' lang='lat' dir='ltr'><strong>Christianos</strong></span> <span class='ocrx_word' id='word_1_32' title='bbox 1195 702 1290 781; x_wconf 78' lang='lat' dir='ltr'><strong>legem</strong></span> 
     </span>
    </p>
   </div>
   <div class='ocr_carea' id='block_1_3' title="bbox 604 915 756 992">
    <p class='ocr_par' dir='ltr' id='par_1_3' title="bbox 604 915 756 992">
     <span class='ocr_line' id='line_1_5' title="bbox 604 915 756 992; baseline -0.013 -14"><span class='ocrx_word' id='word_1_33' title='bbox 604 919 634 992; x_wconf 66' lang='grc' dir='ltr'><strong>ξ.</strong></span> <span class='ocrx_word' id='word_1_34' title='bbox 656 915 756 978; x_wconf 77' lang='lat' dir='ltr'><strong>xxvi.</strong></span> 
     </span>
    </p>
   </div>
   <div class='ocr_carea' id='block_1_4' title="bbox 21 1031 1364 4624">
    <p class='ocr_par' dir='ltr' id='par_1_4' title="bbox 21 1031 1364 4624">
     <span class='ocr_line' id='line_1_6' title="bbox 152 1031 1291 1112; baseline 0.005 -20"><span class='ocrx_word' id='word_1_35' title='bbox 152 1031 237 1092; x_wconf 88' lang='lat' dir='ltr'><strong>Nunc</strong></span> <span class='ocrx_word' id='word_1_36' title='bbox 258 1031 423 1094; x_wconf 80' lang='lat' dir='ltr'><strong>acredinem</strong></span> <span class='ocrx_word' id='word_1_37' title='bbox 451 1031 488 1092; x_wconf 90' lang='lat' dir='ltr'><strong>ad</strong></span> <span class='ocrx_word' id='word_1_38' title='bbox 511 1031 683 1094; x_wconf 74' lang='lat' dir='ltr'><strong>Tertulliani</strong></span> <span class='ocrx_word' id='word_1_39' title='bbox 712 1031 907 1111; x_wconf 87' lang='lat' dir='ltr'><strong>Scorpiacen,</strong></span> <span class='ocrx_word' id='word_1_40' title='bbox 943 1051 1030 1112; x_wconf 86' lang='lat' dir='ltr'><strong>quam</strong></span> <span class='ocrx_word' id='word_1_41' title='bbox 1062 1033 1181 1112; x_wconf 83' lang='lat' dir='ltr'><strong>qrridem</strong></span> <span class='ocrx_word' id='word_1_42' title='bbox 1212 1054 1291 1098; x_wconf 88' lang='lat' dir='ltr'><strong>anno</strong></span> 
     </span>
     <span class='ocr_line' id='line_1_7' title="bbox 64 1113 1291 1194; baseline 0.006 -20"><span class='ocrx_word' id='word_1_43' title='bbox 64 1113 162 1176; x_wconf 82' lang='lat' dir='ltr'><strong>cclv.</strong></span> <span class='ocrx_word' id='word_1_44' title='bbox 186 1133 322 1178; x_wconf 78' lang='lat' dir='ltr'><strong>asserere</strong></span> <span class='ocrx_word' id='word_1_45' title='bbox 344 1116 467 1194; x_wconf 85' lang='lat' dir='ltr'><strong>eiusque</strong></span> <span class='ocrx_word' id='word_1_46' title='bbox 488 1116 653 1176; x_wconf 88' lang='lat' dir='ltr'><strong>sententiae</strong></span> <span class='ocrx_word' id='word_1_47' title='bbox 674 1115 821 1178; x_wconf 83' lang='grc' dir='ltr'>ιιιιοιιιιιι</span> <span class='ocrx_word' id='word_1_48' title='bbox 836 1116 961 1178; x_wconf 81' lang='lat' dir='ltr'><strong>reddere</strong></span> <span class='ocrx_word' id='word_1_49' title='bbox 976 1116 1171 1180; x_wconf 75' lang='lat' dir='ltr'><strong>decrevimus.</strong></span> <span class='ocrx_word' id='word_1_50' title='bbox 1202 1119 1291 1190; x_wconf 86' lang='lat' dir='ltr'><strong>Quod</strong></span> 
     </span>
     <span class='ocr_line' id='line_1_8' title="bbox 64 1198 1289 1279; baseline 0.005 -21"><span class='ocrx_word' id='word_1_51' title='bbox 64 1217 145 1279; x_wconf 87' lang='lat' dir='ltr'><strong>opus</strong></span> <span class='ocrx_word' id='word_1_52' title='bbox 167 1217 233 1260; x_wconf 86' lang='lat' dir='ltr'><strong>urm</strong></span> <span class='ocrx_word' id='word_1_53' title='bbox 255 1199 469 1278; x_wconf 79' lang='lat' dir='ltr'><strong>aggrediamur,</strong></span> <span class='ocrx_word' id='word_1_54' title='bbox 493 1217 554 1260; x_wconf 91' lang='lat' dir='ltr'><strong>non</strong></span> <span class='ocrx_word' id='word_1_55' title='bbox 576 1198 744 1262; x_wconf 87' lang='lat' dir='ltr'><strong>dubitamus</strong></span> <span class='ocrx_word' id='word_1_56' title='bbox 766 1201 830 1262; x_wconf 90' lang='lat' dir='ltr'><strong>lore</strong></span> <span class='ocrx_word' id='word_1_57' title='bbox 852 1199 1020 1278; x_wconf 87' lang='lat' dir='ltr'><strong>plerosque,</strong></span> <span class='ocrx_word' id='word_1_58' title='bbox 1044 1202 1094 1279; x_wconf 89' lang='lat' dir='ltr'><strong>qui</strong></span> <span class='ocrx_word' id='word_1_59' title='bbox 1116 1201 1200 1264; x_wconf 90' lang='lat' dir='ltr'><strong>istam</strong></span> <span class='ocrx_word' id='word_1_60' title='bbox 1217 1221 1289 1264; x_wconf 88' lang='lat' dir='ltr'><strong>sen-</strong></span> 
     </span>
     <span class='ocr_line' id='line_1_9' title="bbox 64 1283 1291 1350; baseline 0.004 -6"><span class='ocrx_word' id='word_1_61' title='bbox 64 1284 189 1344; x_wconf 85' lang='lat' dir='ltr'><strong>tentiam</strong></span> <span class='ocrx_word' id='word_1_62' title='bbox 224 1291 356 1344; x_wconf 91' lang='lat' dir='ltr'><strong>nostram</strong></span> <span class='ocrx_word' id='word_1_63' title='bbox 390 1283 511 1344; x_wconf 87' lang='lat' dir='ltr'><strong>minime</strong></span> <span class='ocrx_word' id='word_1_64' title='bbox 544 1283 718 1344; x_wconf 89' lang='lat' dir='ltr'><strong>audiendam</strong></span> <span class='ocrx_word' id='word_1_65' title='bbox 750 1302 817 1346; x_wconf 89' lang='lat' dir='ltr'><strong>esse</strong></span> <span class='ocrx_word' id='word_1_66' title='bbox 845 1284 951 1345; x_wconf 87' lang='lat' dir='ltr'><strong>dicant</strong></span> <span class='ocrx_word' id='word_1_67' title='bbox 995 1285 1112 1346; x_wconf 81' lang='lat' dir='ltr'><strong>Etenim</strong></span> <span class='ocrx_word' id='word_1_68' title='bbox 1141 1293 1201 1347; x_wconf 85' lang='lat' dir='ltr'><strong>stat</strong></span> <span class='ocrx_word' id='word_1_69' title='bbox 1228 1287 1291 1350; x_wconf 89' lang='lat' dir='ltr'><strong>lere</strong></span> 
     </span>
     <span class='ocr_line' id='line_1_10' title="bbox 65 1366 1290 1446; baseline 0.004 -19"><span class='ocrx_word' id='word_1_70' title='bbox 65 1367 218 1439; x_wconf 88' lang='lat' dir='ltr'><strong>omnibus,</strong></span> <span class='ocrx_word' id='word_1_71' title='bbox 247 1385 324 1445; x_wconf 90' lang='lat' dir='ltr'><strong>quos</strong></span> <span class='ocrx_word' id='word_1_72' title='bbox 347 1367 404 1428; x_wconf 85' lang='lat' dir='ltr'><strong>ista</strong></span> <span class='ocrx_word' id='word_1_73' title='bbox 424 1367 461 1429; x_wconf 91' lang='lat' dir='ltr'><strong>de</strong></span> <span class='ocrx_word' id='word_1_74' title='bbox 483 1385 517 1428; x_wconf 88' lang='lat' dir='ltr'><strong>ra</strong></span> <span class='ocrx_word' id='word_1_75' title='bbox 538 1366 675 1428; x_wconf 84' lang='lat' dir='ltr'><strong>norimus</strong></span> <span class='ocrx_word' id='word_1_76' title='bbox 697 1367 892 1446; x_wconf 88' lang='lat' dir='ltr'><strong>disputantes,</strong></span> <span class='ocrx_word' id='word_1_77' title='bbox 917 1368 1095 1445; x_wconf 87' lang='lat' dir='ltr'><strong>Scorpiaoen</strong></span> <span class='ocrx_word' id='word_1_78' title='bbox 1118 1369 1290 1432; x_wconf 79' lang='lat' dir='ltr'><strong>Tertulliani</strong></span> 
     </span>
     <span class='ocr_line' id='line_1_11' title="bbox 64 1449 1289 1530; baseline 0.004 -19"><span class='ocrx_word' id='word_1_79' title='bbox 64 1469 136 1511; x_wconf 88' lang='lat' dir='ltr'><strong>esse</strong></span> <span class='ocrx_word' id='word_1_80' title='bbox 158 1451 354 1529; x_wconf 87' lang='lat' dir='ltr'><strong>perscriptam</strong></span> <span class='ocrx_word' id='word_1_81' title='bbox 376 1459 446 1530; x_wconf 92' lang='lat' dir='ltr'><strong>post</strong></span> <span class='ocrx_word' id='word_1_82' title='bbox 467 1449 564 1512; x_wconf 90' lang='lat' dir='ltr'><strong>editos</strong></span> <span class='ocrx_word' id='word_1_83' title='bbox 586 1451 705 1512; x_wconf 91' lang='lat' dir='ltr'><strong>demum</strong></span> <span class='ocrx_word' id='word_1_84' title='bbox 721 1449 834 1523; x_wconf 92' lang='lat' dir='ltr'><strong>libros,</strong></span> <span class='ocrx_word' id='word_1_85' title='bbox 866 1451 915 1528; x_wconf 85' lang='lat' dir='ltr'><strong>qui</strong></span> <span class='ocrx_word' id='word_1_86' title='bbox 943 1451 1086 1512; x_wconf 87' lang='lat' dir='ltr'><strong>adversus</strong></span> <span class='ocrx_word' id='word_1_87' title='bbox 1109 1452 1289 1516; x_wconf 78' lang='lat' dir='ltr'><strong>Marcionem</strong></span> 
     </span>
     <span class='ocr_line' id='line_1_12' title="bbox 63 1533 1289 1616; baseline 0.003 -22"><span class='ocrx_word' id='word_1_88' title='bbox 63 1543 171 1596; x_wconf 91' lang='lat' dir='ltr'><strong>nostro</strong></span> <span class='ocrx_word' id='word_1_89' title='bbox 194 1533 290 1595; x_wconf 90' lang='lat' dir='ltr'><strong>adbuc</strong></span> <span class='ocrx_word' id='word_1_90' title='bbox 312 1543 445 1613; x_wconf 89' lang='lat' dir='ltr'><strong>tempore</strong></span> <span class='ocrx_word' id='word_1_91' title='bbox 466 1533 624 1595; x_wconf 89' lang='lat' dir='ltr'><strong>habentur.</strong></span> <span class='ocrx_word' id='word_1_92' title='bbox 667 1533 759 1612; x_wconf 80' lang='lat' dir='ltr'><strong>idque</strong></span> <span class='ocrx_word' id='word_1_93' title='bbox 781 1534 917 1596; x_wconf 81' lang='lat' dir='ltr'><strong>videntur</strong></span> <span class='ocrx_word' id='word_1_94' title='bbox 939 1535 997 1596; x_wconf 90' lang='lat' dir='ltr'><strong>sibi</strong></span> <span class='ocrx_word' id='word_1_95' title='bbox 1019 1543 1052 1598; x_wconf 92' lang='lat' dir='ltr'><strong>ut</strong></span> <span class='ocrx_word' id='word_1_96' title='bbox 1072 1537 1289 1616; x_wconf 86' lang='lat' dir='ltr'><strong>praescriptum</strong></span> 
     </span>
     <span class='ocr_line' id='line_1_13' title="bbox 65 1617 1289 1697; baseline 0.002 -19"><span class='ocrx_word' id='word_1_97' title='bbox 65 1626 97 1678; x_wconf 90' lang='lat' dir='ltr'><strong>et</strong></span> <span class='ocrx_word' id='word_1_98' title='bbox 118 1617 202 1696; x_wconf 87' lang='lat' dir='ltr'><strong>quasi</strong></span> <span class='ocrx_word' id='word_1_99' title='bbox 224 1618 399 1697; x_wconf 89' lang='lat' dir='ltr'><strong>imperatum</strong></span> <span class='ocrx_word' id='word_1_100' title='bbox 421 1617 581 1680; x_wconf 77' lang='lat' dir='ltr'><strong>defendere</strong></span> <span class='ocrx_word' id='word_1_101' title='bbox 603 1635 667 1678; x_wconf 90' lang='lat' dir='ltr'><strong>eam</strong></span> <span class='ocrx_word' id='word_1_102' title='bbox 690 1618 728 1678; x_wconf 94' lang='lat' dir='ltr'><strong>ob</strong></span> <span class='ocrx_word' id='word_1_103' title='bbox 751 1637 885 1690; x_wconf 88' lang='lat' dir='ltr'><strong>cansam,</strong></span> <span class='ocrx_word' id='word_1_104' title='bbox 915 1619 995 1696; x_wconf 86' lang='lat' dir='ltr'><strong>quod</strong></span> <span class='ocrx_word' id='word_1_105' title='bbox 1016 1619 1048 1680; x_wconf 91' lang='lat' dir='ltr'><strong>in</strong></span> <span class='ocrx_word' id='word_1_106' title='bbox 1071 1620 1171 1697; x_wconf 85' lang='lat' dir='ltr'><strong>quinta</strong></span> <span class='ocrx_word' id='word_1_107' title='bbox 1195 1619 1289 1680; x_wconf 90' lang='lat' dir='ltr'><strong>Scor-</strong></span> 
     </span>
     <span class='ocr_line' id='line_1_14' title="bbox 62 1701 1288 1780; baseline 0.002 -18"><span class='ocrx_word' id='word_1_108' title='bbox 62 1703 166 1780; x_wconf 90' lang='lat' dir='ltr'><strong>piacea</strong></span> <span class='ocrx_word' id='word_1_109' title='bbox 190 1703 329 1763; x_wconf 90' lang='lat' dir='ltr'><strong>sectione.</strong></span> <span class='ocrx_word' id='word_1_110' title='bbox 337 1701 525 1762; x_wconf 87' lang='lat' dir='ltr'><strong>Marcionitas</strong></span> <span class='ocrx_word' id='word_1_111' title='bbox 548 1701 589 1762; x_wconf 96' lang='grc' dir='ltr'><strong>ιιι</strong></span> <span class='ocrx_word' id='word_1_112' title='bbox 609 1701 749 1763; x_wconf 79' lang='lat' dir='ltr'><strong>didicisse</strong></span> <span class='ocrx_word' id='word_1_113' title='bbox 771 1721 788 1762; x_wconf 90' lang='lat' dir='ltr'><strong>a</strong></span> <span class='ocrx_word' id='word_1_114' title='bbox 810 1721 854 1774; x_wconf 88' lang='lat' dir='ltr'><strong>se,</strong></span> <span class='ocrx_word' id='word_1_115' title='bbox 876 1703 965 1764; x_wconf 87' lang='lat' dir='ltr'><strong>deum</strong></span> <span class='ocrx_word' id='word_1_116' title='bbox 981 1721 1068 1764; x_wconf 90' lang='lat' dir='ltr'><strong>suum</strong></span> <span class='ocrx_word' id='word_1_117' title='bbox 1083 1703 1288 1777; x_wconf 85' lang='lat' dir='ltr'><strong>essebonum,</strong></span> 
     </span>
     <span class='ocr_line' id='line_1_15' title="bbox 64 1785 1288 1864; baseline 0.002 -18"><span class='ocrx_word' id='word_1_118' title='bbox 64 1803 155 1864; x_wconf 88' lang='lat' dir='ltr'><strong>quam</strong></span> <span class='ocrx_word' id='word_1_119' title='bbox 177 1803 241 1846; x_wconf 92' lang='lat' dir='ltr'><strong>rem</strong></span> <span class='ocrx_word' id='word_1_120' title='bbox 263 1793 342 1846; x_wconf 89' lang='lat' dir='ltr'><strong>certe</strong></span> <span class='ocrx_word' id='word_1_121' title='bbox 364 1785 394 1845; x_wconf 93' lang='lat' dir='ltr'><strong>in</strong></span> <span class='ocrx_word' id='word_1_122' title='bbox 416 1785 513 1864; x_wconf 92' lang='lat' dir='ltr'><strong>primo</strong></span> <span class='ocrx_word' id='word_1_123' title='bbox 536 1785 689 1864; x_wconf 89' lang='lat' dir='ltr'><strong>alteroque</strong></span> <span class='ocrx_word' id='word_1_124' title='bbox 717 1793 819 1846; x_wconf 87' lang='lat' dir='ltr'><strong>eontra</strong></span> <span class='ocrx_word' id='word_1_125' title='bbox 841 1786 1021 1848; x_wconf 81' lang='lat' dir='ltr'><strong>Marcionem</strong></span> <span class='ocrx_word' id='word_1_126' title='bbox 1043 1786 1121 1847; x_wconf 92' lang='lat' dir='ltr'><strong>libro</strong></span> <span class='ocrx_word' id='word_1_127' title='bbox 1143 1806 1178 1848; x_wconf 86' lang='lat' dir='ltr'><strong>ex</strong></span> <span class='ocrx_word' id='word_1_128' title='bbox 1199 1787 1288 1848; x_wconf 88' lang='lat' dir='ltr'><strong>insti-</strong></span> 
     </span>
     <span class='ocr_line' id='line_1_16' title="bbox 63 1869 1289 1947; baseline 0.003 -19"><span class='ocrx_word' id='word_1_129' title='bbox 63 1877 131 1929; x_wconf 88' lang='lat' dir='ltr'><strong>tuto</strong></span> <span class='ocrx_word' id='word_1_130' title='bbox 155 1869 322 1947; x_wconf 83' lang='lat' dir='ltr'><strong>disputarit.</strong></span> <span class='ocrx_word' id='word_1_131' title='bbox 364 1869 459 1947; x_wconf 89' lang='lat' dir='ltr'><strong>lltque</strong></span> <span class='ocrx_word' id='word_1_132' title='bbox 487 1886 542 1947; x_wconf 81' lang='lat' dir='ltr'><strong>ego</strong></span> <span class='ocrx_word' id='word_1_133' title='bbox 571 1887 633 1930; x_wconf 93' lang='lat' dir='ltr'><strong>non</strong></span> <span class='ocrx_word' id='word_1_134' title='bbox 662 1869 785 1946; x_wconf 82' lang='lat' dir='ltr'><strong>ignoro,</strong></span> <span class='ocrx_word' id='word_1_135' title='bbox 818 1869 913 1931; x_wconf 92' lang='lat' dir='ltr'><strong>libros</strong></span> <span class='ocrx_word' id='word_1_136' title='bbox 935 1870 1078 1932; x_wconf 84' lang='lat' dir='ltr'><strong>adversus</strong></span> <span class='ocrx_word' id='word_1_137' title='bbox 1100 1870 1289 1940; x_wconf 85' lang='lat' dir='ltr'><strong>Marcionem,</strong></span> 
     </span>
     <span class='ocr_line' id='line_1_17' title="bbox 63 1952 1289 2030; baseline 0.003 -18"><span class='ocrx_word' id='word_1_138' title='bbox 63 1953 195 2030; x_wconf 91' lang='lat' dir='ltr'><strong>primum</strong></span> <span class='ocrx_word' id='word_1_139' title='bbox 228 1953 339 2024; x_wconf 87' lang='lat' dir='ltr'><strong>sabim,</strong></span> <span class='ocrx_word' id='word_1_140' title='bbox 376 1972 402 2013; x_wconf 90' lang='lat' dir='ltr'><strong>a.</strong></span> <span class='ocrx_word' id='word_1_141' title='bbox 435 1952 542 2014; x_wconf 75' lang='lat' dir='ltr'><strong>cavit.</strong></span> <span class='ocrx_word' id='word_1_142' title='bbox 572 1960 622 2014; x_wconf 86' lang='lat' dir='ltr'><strong>aut</strong></span> <span class='ocrx_word' id='word_1_143' title='bbox 650 1953 770 2014; x_wconf 83' lang='lat' dir='ltr'><strong>CCVlll.</strong></span> <span class='ocrx_word' id='word_1_144' title='bbox 795 1953 905 2014; x_wconf 90' lang='lat' dir='ltr'><strong>editum</strong></span> <span class='ocrx_word' id='word_1_145' title='bbox 932 1972 948 2014; x_wconf 92' lang='grc' dir='ltr'><strong>ι</strong></span> <span class='ocrx_word' id='word_1_146' title='bbox 972 1954 1154 2016; x_wconf 81' lang='lat' dir='ltr'><strong>Tertulliano</strong></span> <span class='ocrx_word' id='word_1_147' title='bbox 1186 1955 1289 2028; x_wconf 86' lang='lat' dir='ltr'><strong>luisse,</strong></span> 
     </span>
     <span class='ocr_line' id='line_1_18' title="bbox 21 2036 1288 2116; baseline 0.002 -21"><span class='ocrx_word' id='word_1_148' title='bbox 21 2109 26 2116; x_wconf 26' lang='grc' dir='ltr'>ι</span> <span class='ocrx_word' id='word_1_149' title='bbox 63 2036 196 2115; x_wconf 90' lang='lat' dir='ltr'><strong>ideoque</strong></span> <span class='ocrx_word' id='word_1_150' title='bbox 218 2045 248 2096; x_wconf 89' lang='lat' dir='ltr'><strong>et</strong></span> <span class='ocrx_word' id='word_1_151' title='bbox 268 2036 385 2097; x_wconf 78' lang='lat' dir='ltr'><strong>veritati</strong></span> <span class='ocrx_word' id='word_1_152' title='bbox 407 2045 638 2098; x_wconf 89' lang='lat' dir='ltr'><strong>consentaneum</strong></span> <span class='ocrx_word' id='word_1_153' title='bbox 668 2037 760 2098; x_wconf 87' lang='lat' dir='ltr'><strong>videri</strong></span> <span class='ocrx_word' id='word_1_154' title='bbox 782 2036 870 2110; x_wconf 92' lang='lat' dir='ltr'><strong>illud,</strong></span> <span class='ocrx_word' id='word_1_155' title='bbox 904 2037 984 2115; x_wconf 85' lang='lat' dir='ltr'><strong>quod</strong></span> <span class='ocrx_word' id='word_1_156' title='bbox 1007 2037 1186 2116; x_wconf 89' lang='lat' dir='ltr'><strong>Scorpiacon</strong></span> <span class='ocrx_word' id='word_1_157' title='bbox 1210 2057 1288 2099; x_wconf 89' lang='lat' dir='ltr'><strong>anno</strong></span> 
     </span>
     <span class='ocr_line' id='line_1_19' title="bbox 65 2119 1288 2200; baseline 0.002 -20"><span class='ocrx_word' id='word_1_158' title='bbox 65 2120 186 2180; x_wconf 90' lang='lat' dir='ltr'><strong>demum</strong></span> <span class='ocrx_word' id='word_1_159' title='bbox 203 2119 323 2181; x_wconf 85' lang='lat' dir='ltr'><strong>ccvlu.</strong></span> <span class='ocrx_word' id='word_1_160' title='bbox 347 2127 397 2182; x_wconf 89' lang='lat' dir='ltr'><strong>aut</strong></span> <span class='ocrx_word' id='word_1_161' title='bbox 416 2128 522 2198; x_wconf 88' lang='lat' dir='ltr'><strong>postea</strong></span> <span class='ocrx_word' id='word_1_162' title='bbox 544 2119 679 2182; x_wconf 91' lang='lat' dir='ltr'><strong>ediderit.</strong></span> <span class='ocrx_word' id='word_1_163' title='bbox 725 2119 784 2181; x_wconf 88' lang='lat' dir='ltr'><strong>Sed</strong></span> <span class='ocrx_word' id='word_1_164' title='bbox 807 2139 874 2182; x_wconf 90' lang='lat' dir='ltr'><strong>cum</strong></span> <span class='ocrx_word' id='word_1_165' title='bbox 896 2139 1014 2199; x_wconf 87' lang='lat' dir='ltr'><strong>semper</strong></span> <span class='ocrx_word' id='word_1_166' title='bbox 1036 2121 1194 2200; x_wconf 89' lang='lat' dir='ltr'><strong>requiram,</strong></span> <span class='ocrx_word' id='word_1_167' title='bbox 1218 2121 1288 2200; x_wconf 88' lang='lat' dir='ltr'><strong>quid</strong></span> 
     </span>
     <span class='ocr_line' id='line_1_20' title="bbox 64 2203 1287 2283; baseline 0.002 -19"><span class='ocrx_word' id='word_1_168' title='bbox 64 2203 106 2264; x_wconf 90' lang='lat' dir='ltr'><strong>sit</strong></span> <span class='ocrx_word' id='word_1_169' title='bbox 127 2203 158 2264; x_wconf 91' lang='lat' dir='ltr'><strong>in</strong></span> <span class='ocrx_word' id='word_1_170' title='bbox 181 2221 350 2282; x_wconf 83' lang='lat' dir='ltr'><strong>quoquere</strong></span> <span class='ocrx_word' id='word_1_171' title='bbox 373 2205 498 2266; x_wconf 82' lang='lat' dir='ltr'><strong>maxime</strong></span> <span class='ocrx_word' id='word_1_172' title='bbox 519 2204 681 2283; x_wconf 79' lang='lat' dir='ltr'><strong>probabile,</strong></span> <span class='ocrx_word' id='word_1_173' title='bbox 710 2204 769 2265; x_wconf 93' lang='lat' dir='ltr'><strong>boc</strong></span> <span class='ocrx_word' id='word_1_174' title='bbox 790 2203 821 2266; x_wconf 91' lang='lat' dir='ltr'><strong>in</strong></span> <span class='ocrx_word' id='word_1_175' title='bbox 844 2214 1017 2283; x_wconf 82' lang='lat' dir='ltr'><strong>argumento</strong></span> <span class='ocrx_word' id='word_1_176' title='bbox 1041 2213 1147 2283; x_wconf 85' lang='lat' dir='ltr'><strong>quante</strong></span> <span class='ocrx_word' id='word_1_177' title='bbox 1170 2205 1215 2266; x_wconf 83' lang='lat' dir='ltr'><strong>ria</strong></span> <span class='ocrx_word' id='word_1_178' title='bbox 1239 2205 1287 2266; x_wconf 91' lang='lat' dir='ltr'><strong>in-</strong></span> 
     </span>
     <span class='ocr_line' id='line_1_21' title="bbox 62 2287 1286 2366; baseline 0.001 -19"><span class='ocrx_word' id='word_1_179' title='bbox 62 2287 113 2357; x_wconf 86' lang='lat' dir='ltr'><strong>sit,</strong></span> <span class='ocrx_word' id='word_1_180' title='bbox 136 2287 231 2366; x_wconf 91' lang='lat' dir='ltr'><strong>plaoet</strong></span> <span class='ocrx_word' id='word_1_181' title='bbox 253 2287 471 2366; x_wconf 88' lang='lat' dir='ltr'><strong>quodammodo</strong></span> <span class='ocrx_word' id='word_1_182' title='bbox 495 2288 671 2365; x_wconf 87' lang='lat' dir='ltr'><strong>expendere.</strong></span> <span class='ocrx_word' id='word_1_183' title='bbox 717 2287 791 2349; x_wconf 87' lang='lat' dir='ltr'><strong>Cum</strong></span> <span class='ocrx_word' id='word_1_184' title='bbox 817 2288 1015 2350; x_wconf 86' lang='lat' dir='ltr'><strong>Tertullianus</strong></span> <span class='ocrx_word' id='word_1_185' title='bbox 1039 2289 1180 2350; x_wconf 84' lang='lat' dir='ltr'><strong>adversus</strong></span> <span class='ocrx_word' id='word_1_186' title='bbox 1208 2289 1286 2350; x_wconf 85' lang='lat' dir='ltr'><strong>Mar-</strong></span> 
     </span>
     <span class='ocr_line' id='line_1_22' title="bbox 63 2370 1289 2452; baseline 0.003 -22"><span class='ocrx_word' id='word_1_187' title='bbox 63 2372 183 2432; x_wconf 87' lang='lat' dir='ltr'><strong>cionem</strong></span> <span class='ocrx_word' id='word_1_188' title='bbox 204 2370 312 2433; x_wconf 91' lang='lat' dir='ltr'><strong>librum</strong></span> <span class='ocrx_word' id='word_1_189' title='bbox 334 2372 473 2451; x_wconf 91' lang='lat' dir='ltr'><strong>primum,</strong></span> <span class='ocrx_word' id='word_1_190' title='bbox 507 2390 594 2451; x_wconf 90' lang='lat' dir='ltr'><strong>quem</strong></span> <span class='ocrx_word' id='word_1_191' title='bbox 617 2372 806 2452; x_wconf 83' lang='lat' dir='ltr'><strong>superstitem</strong></span> <span class='ocrx_word' id='word_1_192' title='bbox 828 2371 981 2445; x_wconf 87' lang='lat' dir='ltr'><strong>babemus,</strong></span> <span class='ocrx_word' id='word_1_193' title='bbox 1005 2382 1206 2450; x_wconf 77' lang='lat' dir='ltr'><strong>componeret,</strong></span> <span class='ocrx_word' id='word_1_194' title='bbox 1229 2373 1289 2434; x_wconf 86' lang='lat' dir='ltr'><strong>iana</strong></span> 
     </span>
     <span class='ocr_line' id='line_1_23' title="bbox 63 2454 1287 2535; baseline 0.002 -21"><span class='ocrx_word' id='word_1_195' title='bbox 63 2454 183 2532; x_wconf 84' lang='lat' dir='ltr'><strong>quidem</strong></span> <span class='ocrx_word' id='word_1_196' title='bbox 206 2455 263 2532; x_wconf 88' lang='lat' dir='ltr'><strong>ipsi</strong></span> <span class='ocrx_word' id='word_1_197' title='bbox 286 2473 318 2516; x_wconf 88' lang='lat' dir='ltr'><strong>se</strong></span> <span class='ocrx_word' id='word_1_198' title='bbox 340 2454 498 2516; x_wconf 89' lang='lat' dir='ltr'><strong>scribendo</strong></span> <span class='ocrx_word' id='word_1_199' title='bbox 520 2455 568 2516; x_wconf 88' lang='lat' dir='ltr'><strong>bis</strong></span> <span class='ocrx_word' id='word_1_200' title='bbox 591 2462 787 2535; x_wconf 89' lang='lat' dir='ltr'><strong>opposuerat,</strong></span> <span class='ocrx_word' id='word_1_201' title='bbox 820 2455 984 2518; x_wconf 86' lang='lat' dir='ltr'><strong>sedunam</strong></span> <span class='ocrx_word' id='word_1_202' title='bbox 1007 2456 1111 2517; x_wconf 89' lang='lat' dir='ltr'><strong>barum</strong></span> <span class='ocrx_word' id='word_1_203' title='bbox 1133 2473 1287 2516; x_wconf 89' lang='lat' dir='ltr'><strong>commen-</strong></span> 
     </span>
     <span class='ocr_line' id='line_1_24' title="bbox 67 2537 1287 2618; baseline 0 -20"><span class='ocrx_word' id='word_1_204' title='bbox 67 2538 228 2613; x_wconf 90' lang='lat' dir='ltr'><strong>tationum,</strong></span> <span class='ocrx_word' id='word_1_205' title='bbox 260 2557 325 2599; x_wconf 90' lang='lat' dir='ltr'><strong>cum</strong></span> <span class='ocrx_word' id='word_1_206' title='bbox 355 2547 457 2617; x_wconf 89' lang='lat' dir='ltr'><strong>postea</strong></span> <span class='ocrx_word' id='word_1_207' title='bbox 481 2539 644 2617; x_wconf 90' lang='lat' dir='ltr'><strong>pleniorem</strong></span> <span class='ocrx_word' id='word_1_208' title='bbox 674 2539 710 2600; x_wconf 91' lang='lat' dir='ltr'><strong>de</strong></span> <span class='ocrx_word' id='word_1_209' title='bbox 734 2557 766 2599; x_wconf 87' lang='lat' dir='ltr'><strong>aa</strong></span> <span class='ocrx_word' id='word_1_210' title='bbox 789 2559 822 2600; x_wconf 91' lang='lat' dir='ltr'><strong>re</strong></span> <span class='ocrx_word' id='word_1_211' title='bbox 844 2539 1074 2618; x_wconf 88' lang='lat' dir='ltr'><strong>disputationem</strong></span> <span class='ocrx_word' id='word_1_212' title='bbox 1097 2537 1287 2606; x_wconf 89' lang='lat' dir='ltr'><strong>instituisset,</strong></span> 
     </span>
     <span class='ocr_line' id='line_1_25' title="bbox 62 2621 1287 2700; baseline 0 -18"><span class='ocrx_word' id='word_1_213' title='bbox 62 2622 196 2695; x_wconf 85' lang='lat' dir='ltr'><strong>rescidit,</strong></span> <span class='ocrx_word' id='word_1_214' title='bbox 218 2621 339 2683; x_wconf 89' lang='lat' dir='ltr'><strong>alteram</strong></span> <span class='ocrx_word' id='word_1_215' title='bbox 362 2623 460 2684; x_wconf 87' lang='lat' dir='ltr'><strong>amisit</strong></span> <span class='ocrx_word' id='word_1_216' title='bbox 482 2622 583 2684; x_wconf 82' lang='lat' dir='ltr'><strong>fraude</strong></span> <span class='ocrx_word' id='word_1_217' title='bbox 605 2623 767 2694; x_wconf 89' lang='lat' dir='ltr'><strong>cuiusdam,</strong></span> <span class='ocrx_word' id='word_1_218' title='bbox 790 2622 840 2700; x_wconf 88' lang='lat' dir='ltr'><strong>qui</strong></span> <span class='ocrx_word' id='word_1_219' title='bbox 856 2641 919 2682; x_wconf 88' lang='lat' dir='ltr'><strong>eam</strong></span> <span class='ocrx_word' id='word_1_220' title='bbox 935 2623 1113 2700; x_wconf 88' lang='lat' dir='ltr'><strong>descriptam</strong></span> <span class='ocrx_word' id='word_1_221' title='bbox 1135 2641 1199 2682; x_wconf 92' lang='lat' dir='ltr'><strong>curn</strong></span> <span class='ocrx_word' id='word_1_222' title='bbox 1223 2622 1287 2682; x_wconf 89' lang='lat' dir='ltr'><strong>aliis</strong></span> 
     </span>
     <span class='ocr_line' id='line_1_26' title="bbox 63 2704 1288 2774; baseline -0.002 -8"><span class='ocrx_word' id='word_1_223' title='bbox 63 2705 340 2768; x_wconf 85' lang='lat' dir='ltr'><strong>communicaverat</strong></span> <span class='ocrx_word' id='word_1_224' title='bbox 384 2706 480 2768; x_wconf 89' lang='lat' dir='ltr'><strong>lluius</strong></span> <span class='ocrx_word' id='word_1_225' title='bbox 508 2705 606 2774; x_wconf 85' lang='lat' dir='ltr'><strong>damni</strong></span> <span class='ocrx_word' id='word_1_226' title='bbox 634 2705 816 2767; x_wconf 90' lang='lat' dir='ltr'><strong>resarciendi</strong></span> <span class='ocrx_word' id='word_1_227' title='bbox 844 2723 932 2766; x_wconf 89' lang='lat' dir='ltr'><strong>causa</strong></span> <span class='ocrx_word' id='word_1_228' title='bbox 961 2723 1013 2766; x_wconf 90' lang='lat' dir='ltr'><strong>eos</strong></span> <span class='ocrx_word' id='word_1_229' title='bbox 1045 2723 1124 2766; x_wconf 91' lang='lat' dir='ltr'><strong>nunc</strong></span> <span class='ocrx_word' id='word_1_230' title='bbox 1145 2704 1288 2766; x_wconf 81' lang='lat' dir='ltr'><strong>adversus</strong></span> 
     </span>
     <span class='ocr_line' id='line_1_27' title="bbox 63 2787 1286 2870; baseline -0.002 -20"><span class='ocrx_word' id='word_1_231' title='bbox 63 2790 242 2850; x_wconf 83' lang='lat' dir='ltr'><strong>Marcionem</strong></span> <span class='ocrx_word' id='word_1_232' title='bbox 265 2789 357 2850; x_wconf 90' lang='lat' dir='ltr'><strong>libros</strong></span> <span class='ocrx_word' id='word_1_233' title='bbox 378 2789 558 2870; x_wconf 81' lang='lat' dir='ltr'><strong>superstites</strong></span> <span class='ocrx_word' id='word_1_234' title='bbox 581 2788 741 2850; x_wconf 90' lang='lat' dir='ltr'><strong>elaboravit</strong></span> <span class='ocrx_word' id='word_1_235' title='bbox 762 2798 791 2848; x_wconf 88' lang='lat' dir='ltr'><strong>et</strong></span> <span class='ocrx_word' id='word_1_236' title='bbox 810 2789 941 2865; x_wconf 90' lang='lat' dir='ltr'><strong>primum</strong></span> <span class='ocrx_word' id='word_1_237' title='bbox 954 2788 1073 2865; x_wconf 86' lang='lat' dir='ltr'><strong>quidem</strong></span> <span class='ocrx_word' id='word_1_238' title='bbox 1089 2807 1166 2848; x_wconf 88' lang='lat' dir='ltr'><strong>anno</strong></span> <span class='ocrx_word' id='word_1_239' title='bbox 1184 2787 1286 2848; x_wconf 85' lang='lat' dir='ltr'><strong>Severi</strong></span> 
     </span>
     <span class='ocr_line' id='line_1_28' title="bbox 63 2870 1325 2952; baseline -0.003 -18"><span class='ocrx_word' id='word_1_240' title='bbox 63 2873 136 2952; x_wconf 87' lang='lat' dir='ltr'><strong>imp.</strong></span> <span class='ocrx_word' id='word_1_241' title='bbox 160 2873 229 2947; x_wconf 73' lang='lat' dir='ltr'><strong>XV,</strong></span> <span class='ocrx_word' id='word_1_242' title='bbox 268 2883 300 2934; x_wconf 90' lang='lat' dir='ltr'><strong>ut</strong></span> <span class='ocrx_word' id='word_1_243' title='bbox 326 2873 390 2951; x_wconf 89' lang='lat' dir='ltr'><strong>ipse</strong></span> <span class='ocrx_word' id='word_1_244' title='bbox 418 2875 526 2934; x_wconf 87' lang='lat' dir='ltr'><strong>latetur</strong></span> <span class='ocrx_word' id='word_1_245' title='bbox 552 2872 583 2932; x_wconf 92' lang='lat' dir='ltr'><strong>in</strong></span> <span class='ocrx_word' id='word_1_246' title='bbox 612 2891 648 2933; x_wconf 92' lang='lat' dir='ltr'><strong>eo</strong></span> <span class='ocrx_word' id='word_1_247' title='bbox 674 2871 812 2945; x_wconf 77' lang='lat' dir='ltr'><strong>librato.</strong></span> <span class='ocrx_word' id='word_1_248' title='bbox 838 2871 958 2946; x_wconf 84' lang='grc' dir='ltr'>15.),ιιι</span> <span class='ocrx_word' id='word_1_249' title='bbox 983 2870 1175 2948; x_wconf 75' lang='lat' dir='ltr'><strong>cumdeda,</strong></span> <span class='ocrx_word' id='word_1_250' title='bbox 1213 2889 1288 2948; x_wconf 90' lang='lat' dir='ltr'><strong>quae</strong></span> <span class='ocrx_word' id='word_1_251' title='bbox 1322 2945 1325 2952; x_wconf 87' lang='lat'><em>.</em></span> 
     </span>
     <span class='ocr_line' id='line_1_29' title="bbox 63 2953 1286 3034; baseline -0.003 -16"><span class='ocrx_word' id='word_1_252' title='bbox 63 2958 154 3018; x_wconf 89' lang='lat' dir='ltr'><strong>modo</strong></span> <span class='ocrx_word' id='word_1_253' title='bbox 177 2957 321 3029; x_wconf 88' lang='lat' dir='ltr'><strong>diximus,</strong></span> <span class='ocrx_word' id='word_1_254' title='bbox 354 2957 492 3034; x_wconf 83' lang='lat' dir='ltr'><strong>exposuit</strong></span> <span class='ocrx_word' id='word_1_255' title='bbox 514 2957 551 3026; x_wconf 80' lang='lat' dir='ltr'><strong>le.</strong></span> <span class='ocrx_word' id='word_1_256' title='bbox 577 2959 629 3030; x_wconf 88' lang='lat' dir='ltr'><strong>l.).</strong></span> <span class='ocrx_word' id='word_1_257' title='bbox 675 2956 757 3028; x_wconf 85' lang='lat' dir='ltr'><strong>Quae</strong></span> <span class='ocrx_word' id='word_1_258' title='bbox 779 2973 845 3014; x_wconf 91' lang='lat' dir='ltr'><strong>eum</strong></span> <span class='ocrx_word' id='word_1_259' title='bbox 868 2954 967 3016; x_wconf 91' lang='lat' dir='ltr'><strong>animo</strong></span> <span class='ocrx_word' id='word_1_260' title='bbox 991 2953 1135 3031; x_wconf 81' lang='lat' dir='ltr'><strong>cogitem,</strong></span> <span class='ocrx_word' id='word_1_261' title='bbox 1165 2953 1286 3015; x_wconf 93' lang='lat' dir='ltr'><strong>dubium</strong></span> 
     </span>
     <span class='ocr_line' id='line_1_30' title="bbox 62 3036 1286 3120; baseline -0.004 -19"><span class='ocrx_word' id='word_1_262' title='bbox 62 3043 197 3120; x_wconf 87' lang='lat' dir='ltr'><strong>prolecto</strong></span> <span class='ocrx_word' id='word_1_263' title='bbox 219 3041 345 3112; x_wconf 88' lang='lat' dir='ltr'><strong>videtur,</strong></span> <span class='ocrx_word' id='word_1_264' title='bbox 367 3051 467 3100; x_wconf 91' lang='lat' dir='ltr'><strong>utrum</strong></span> <span class='ocrx_word' id='word_1_265' title='bbox 489 3038 688 3100; x_wconf 90' lang='lat' dir='ltr'><strong>TertuMianus</strong></span> <span class='ocrx_word' id='word_1_266' title='bbox 710 3039 741 3099; x_wconf 93' lang='lat' dir='ltr'><strong>in</strong></span> <span class='ocrx_word' id='word_1_267' title='bbox 764 3036 850 3112; x_wconf 92' lang='lat' dir='ltr'><strong>libro,</strong></span> <span class='ocrx_word' id='word_1_268' title='bbox 873 3057 961 3116; x_wconf 77' lang='grc' dir='ltr'>ιῃιιιιι</span> <span class='ocrx_word' id='word_1_269' title='bbox 983 3037 1160 3116; x_wconf 87' lang='lat' dir='ltr'><strong>Scorpiacen</strong></span> <span class='ocrx_word' id='word_1_270' title='bbox 1183 3037 1286 3116; x_wconf 87' lang='lat' dir='ltr'><strong>appel·</strong></span> 
     </span>
     <span class='ocr_line' id='line_1_31' title="bbox 63 3122 1287 3202; baseline -0.002 -18"><span class='ocrx_word' id='word_1_271' title='bbox 63 3125 143 3197; x_wconf 85' lang='lat' dir='ltr'><strong>lavit,</strong></span> <span class='ocrx_word' id='word_1_272' title='bbox 166 3143 220 3185; x_wconf 88' lang='lat' dir='ltr'><strong>eos</strong></span> <span class='ocrx_word' id='word_1_273' title='bbox 242 3123 409 3202; x_wconf 83' lang='lat' dir='ltr'><strong>respexerit</strong></span> <span class='ocrx_word' id='word_1_274' title='bbox 430 3122 572 3184; x_wconf 89' lang='lat' dir='ltr'><strong>adversus</strong></span> <span class='ocrx_word' id='word_1_275' title='bbox 595 3141 662 3184; x_wconf 89' lang='lat' dir='ltr'><strong>eum</strong></span> <span class='ocrx_word' id='word_1_276' title='bbox 684 3122 788 3194; x_wconf 90' lang='lat' dir='ltr'><strong>libros,</strong></span> <span class='ocrx_word' id='word_1_277' title='bbox 812 3122 862 3200; x_wconf 88' lang='lat' dir='ltr'><strong>qui</strong></span> <span class='ocrx_word' id='word_1_278' title='bbox 884 3122 920 3182; x_wconf 94' lang='lat' dir='ltr'><strong>ad</strong></span> <span class='ocrx_word' id='word_1_279' title='bbox 936 3129 1059 3182; x_wconf 89' lang='lat' dir='ltr'><strong>aetatem</strong></span> <span class='ocrx_word' id='word_1_280' title='bbox 1075 3129 1287 3182; x_wconf 82' lang='lat' dir='ltr'><strong>nostrumnon</strong></span> 
     </span>
     <span class='ocr_line' id='line_1_32' title="bbox 61 3203 1285 3289; baseline -0.003 -19"><span class='ocrx_word' id='word_1_281' title='bbox 61 3216 272 3289; x_wconf 81' lang='lat' dir='ltr'><strong>pervenerunt,</strong></span> <span class='ocrx_word' id='word_1_282' title='bbox 296 3226 332 3268; x_wconf 92' lang='lat' dir='ltr'><strong>an</strong></span> <span class='ocrx_word' id='word_1_283' title='bbox 355 3225 409 3268; x_wconf 89' lang='lat' dir='ltr'><strong>eos</strong></span> <span class='ocrx_word' id='word_1_284' title='bbox 430 3206 542 3285; x_wconf 90' lang='lat' dir='ltr'><strong>potins,</strong></span> <span class='ocrx_word' id='word_1_285' title='bbox 564 3226 639 3286; x_wconf 86' lang='lat' dir='ltr'><strong>quos</strong></span> <span class='ocrx_word' id='word_1_286' title='bbox 663 3206 836 3287; x_wconf 89' lang='lat' dir='ltr'><strong>superstites</strong></span> <span class='ocrx_word' id='word_1_287' title='bbox 852 3223 920 3266; x_wconf 90' lang='lat' dir='ltr'><strong>esse</strong></span> <span class='ocrx_word' id='word_1_288' title='bbox 935 3203 1089 3278; x_wconf 87' lang='lat' dir='ltr'><strong>novimus;</strong></span> <span class='ocrx_word' id='word_1_289' title='bbox 1111 3215 1193 3266; x_wconf 91' lang='lat' dir='ltr'><strong>erant</strong></span> <span class='ocrx_word' id='word_1_290' title='bbox 1207 3204 1285 3266; x_wconf 89' lang='lat' dir='ltr'><strong>anim</strong></span> 
     </span>
     <span class='ocr_line' id='line_1_33' title="bbox 62 3288 1285 3370; baseline -0.005 -16"><span class='ocrx_word' id='word_1_291' title='bbox 62 3293 104 3354; x_wconf 94' lang='lat' dir='ltr'><strong>illi</strong></span> <span class='ocrx_word' id='word_1_292' title='bbox 127 3293 260 3354; x_wconf 90' lang='lat' dir='ltr'><strong>eiusdem</strong></span> <span class='ocrx_word' id='word_1_293' title='bbox 283 3293 456 3370; x_wconf 80' lang='lat' dir='ltr'><strong>argumenti.</strong></span> <span class='ocrx_word' id='word_1_294' title='bbox 499 3291 561 3352; x_wconf 87' lang='lat' dir='ltr'><strong>lam</strong></span> <span class='ocrx_word' id='word_1_295' title='bbox 584 3309 638 3369; x_wconf 83' lang='lat' dir='ltr'><strong>ego</strong></span> <span class='ocrx_word' id='word_1_296' title='bbox 661 3308 722 3352; x_wconf 92' lang='lat' dir='ltr'><strong>non</strong></span> <span class='ocrx_word' id='word_1_297' title='bbox 745 3290 875 3368; x_wconf 89' lang='lat' dir='ltr'><strong>disputo,</strong></span> <span class='ocrx_word' id='word_1_298' title='bbox 895 3289 965 3368; x_wconf 88' lang='lat' dir='ltr'><strong>quid</strong></span> <span class='ocrx_word' id='word_1_299' title='bbox 987 3288 1025 3349; x_wconf 87' lang='lat' dir='ltr'><strong>sit</strong></span> <span class='ocrx_word' id='word_1_300' title='bbox 1046 3307 1083 3349; x_wconf 86' lang='lat' dir='ltr'><strong>ex</strong></span> <span class='ocrx_word' id='word_1_301' title='bbox 1103 3288 1151 3350; x_wconf 87' lang='lat' dir='ltr'><strong>bis</strong></span> <span class='ocrx_word' id='word_1_302' title='bbox 1173 3288 1285 3366; x_wconf 79' lang='lat' dir='ltr'><strong>eligen-</strong></span> 
     </span>
     <span class='ocr_line' id='line_1_34' title="bbox 62 3372 1284 3456; baseline -0.003 -18"><span class='ocrx_word' id='word_1_303' title='bbox 62 3379 153 3448; x_wconf 77' lang='lat' dir='ltr'><strong>dum3</strong></span> <span class='ocrx_word' id='word_1_304' title='bbox 186 3377 265 3455; x_wconf 91' lang='lat' dir='ltr'><strong>quod</strong></span> <span class='ocrx_word' id='word_1_305' title='bbox 288 3375 441 3454; x_wconf 86' lang='lat' dir='ltr'><strong>apparebit</strong></span> <span class='ocrx_word' id='word_1_306' title='bbox 463 3393 519 3436; x_wconf 90' lang='lat' dir='ltr'><strong>suo</strong></span> <span class='ocrx_word' id='word_1_307' title='bbox 540 3374 626 3446; x_wconf 87' lang='lat' dir='ltr'><strong>looo;</strong></span> <span class='ocrx_word' id='word_1_308' title='bbox 650 3375 703 3436; x_wconf 90' lang='lat' dir='ltr'><strong>sed</strong></span> <span class='ocrx_word' id='word_1_309' title='bbox 726 3373 753 3434; x_wconf 90' lang='lat' dir='ltr'><strong>id</strong></span> <span class='ocrx_word' id='word_1_310' title='bbox 776 3373 893 3452; x_wconf 89' lang='lat' dir='ltr'><strong>quidem</strong></span> <span class='ocrx_word' id='word_1_311' title='bbox 915 3372 1104 3434; x_wconf 77' lang='lat' dir='ltr'><strong>manifestum</strong></span> <span class='ocrx_word' id='word_1_312' title='bbox 1126 3391 1195 3456; x_wconf 80' lang='lat' dir='ltr'><strong>esse</strong></span> <span class='ocrx_word' id='word_1_313' title='bbox 1218 3391 1284 3434; x_wconf 92' lang='lat' dir='ltr'><strong>om-</strong></span> 
     </span>
     <span class='ocr_line' id='line_1_35' title="bbox 62 3456 1285 3538; baseline -0.002 -17"><span class='ocrx_word' id='word_1_314' title='bbox 62 3481 117 3522; x_wconf 91' lang='lat' dir='ltr'><strong>nes</strong></span> <span class='ocrx_word' id='word_1_315' title='bbox 139 3460 254 3532; x_wconf 88' lang='lat' dir='ltr'><strong>vident,</strong></span> <span class='ocrx_word' id='word_1_316' title='bbox 273 3460 361 3538; x_wconf 90' lang='lat' dir='ltr'><strong>·quod</strong></span> <span class='ocrx_word' id='word_1_317' title='bbox 384 3457 472 3519; x_wconf 91' lang='lat' dir='ltr'><strong>dubia</strong></span> <span class='ocrx_word' id='word_1_318' title='bbox 494 3459 535 3520; x_wconf 90' lang='lat' dir='ltr'><strong>sit</strong></span> <span class='ocrx_word' id='word_1_319' title='bbox 557 3459 613 3520; x_wconf 87' lang='lat' dir='ltr'><strong>ista</strong></span> <span class='ocrx_word' id='word_1_320' title='bbox 635 3457 857 3538; x_wconf 78' lang='lat' dir='ltr'><strong>argumentandi</strong></span> <span class='ocrx_word' id='word_1_321' title='bbox 878 3457 953 3518; x_wconf 88' lang='lat' dir='ltr'><strong>ratio</strong></span> <span class='ocrx_word' id='word_1_322' title='bbox 977 3474 1097 3530; x_wconf 88' lang='lat' dir='ltr'><strong>eorum,</strong></span> <span class='ocrx_word' id='word_1_323' title='bbox 1125 3456 1175 3535; x_wconf 89' lang='lat' dir='ltr'><strong>qui</strong></span> <span class='ocrx_word' id='word_1_324' title='bbox 1198 3473 1285 3518; x_wconf 89' lang='lat' dir='ltr'><strong>secus</strong></span> 
     </span>
     <span class='ocr_line' id='line_1_36' title="bbox 60 3541 1285 3622; baseline -0.005 -16"><span class='ocrx_word' id='word_1_325' title='bbox 60 3545 195 3606; x_wconf 88' lang='lat' dir='ltr'><strong>sentiunt</strong></span> <span class='ocrx_word' id='word_1_326' title='bbox 216 3552 245 3605; x_wconf 88' lang='lat' dir='ltr'><strong>et</strong></span> <span class='ocrx_word' id='word_1_327' title='bbox 266 3561 371 3622; x_wconf 90' lang='lat' dir='ltr'><strong>parum</strong></span> <span class='ocrx_word' id='word_1_328' title='bbox 391 3542 533 3622; x_wconf 88' lang='lat' dir='ltr'><strong>praesidii</strong></span> <span class='ocrx_word' id='word_1_329' title='bbox 555 3543 686 3604; x_wconf 87' lang='lat' dir='ltr'><strong>inveniat</strong></span> <span class='ocrx_word' id='word_1_330' title='bbox 707 3543 737 3603; x_wconf 92' lang='lat' dir='ltr'><strong>in</strong></span> <span class='ocrx_word' id='word_1_331' title='bbox 760 3549 933 3620; x_wconf 79' lang='lat' dir='ltr'><strong>argumento</strong></span> <span class='ocrx_word' id='word_1_332' title='bbox 957 3560 1011 3614; x_wconf 91' lang='lat' dir='ltr'><strong>eo,</strong></span> <span class='ocrx_word' id='word_1_333' title='bbox 1045 3541 1125 3619; x_wconf 84' lang='lat' dir='ltr'><strong>quod</strong></span> <span class='ocrx_word' id='word_1_334' title='bbox 1153 3559 1188 3600; x_wconf 87' lang='lat' dir='ltr'><strong>ex</strong></span> <span class='ocrx_word' id='word_1_335' title='bbox 1210 3541 1285 3600; x_wconf 85' lang='lat' dir='ltr'><strong>lacta</strong></span> 
     </span>
     <span class='ocr_line' id='line_1_37' title="bbox 61 3622 1283 3705; baseline -0.005 -17"><span class='ocrx_word' id='word_1_336' title='bbox 61 3629 119 3688; x_wconf 90' lang='lat' dir='ltr'><strong>ista</strong></span> <span class='ocrx_word' id='word_1_337' title='bbox 141 3627 423 3689; x_wconf 90' lang='lat' dir='ltr'><strong>commemoratione</strong></span> <span class='ocrx_word' id='word_1_338' title='bbox 444 3635 552 3705; x_wconf 87' lang='lat' dir='ltr'><strong>posset</strong></span> <span class='ocrx_word' id='word_1_339' title='bbox 573 3625 609 3686; x_wconf 90' lang='lat' dir='ltr'><strong>ad</strong></span> <span class='ocrx_word' id='word_1_340' title='bbox 631 3626 739 3689; x_wconf 87' lang='lat' dir='ltr'><strong>librum</strong></span> <span class='ocrx_word' id='word_1_341' title='bbox 761 3644 787 3687; x_wconf 91' lang='lat' dir='ltr'><strong>a.</strong></span> <span class='ocrx_word' id='word_1_342' title='bbox 800 3625 921 3688; x_wconf 75' lang='lat' dir='ltr'><strong>ccum.</strong></span> <span class='ocrx_word' id='word_1_343' title='bbox 944 3633 995 3686; x_wconf 91' lang='lat' dir='ltr'><strong>aut</strong></span> <span class='ocrx_word' id='word_1_344' title='bbox 1009 3623 1201 3701; x_wconf 83' lang='lat' dir='ltr'><strong>sequentibus</strong></span> <span class='ocrx_word' id='word_1_345' title='bbox 1218 3622 1283 3682; x_wconf 86' lang='lat' dir='ltr'><strong>viu-</strong></span> 
     </span>
     <span class='ocr_line' id='line_1_38' title="bbox 63 3705 1284 3789; baseline -0.008 -15"><span class='ocrx_word' id='word_1_346' title='bbox 63 3713 220 3774; x_wconf 88' lang='lat' dir='ltr'><strong>dicandum</strong></span> <span class='ocrx_word' id='word_1_347' title='bbox 236 3713 314 3773; x_wconf 89' lang='lat' dir='ltr'><strong>duci.</strong></span> <span class='ocrx_word' id='word_1_348' title='bbox 357 3710 458 3789; x_wconf 87' lang='lat' dir='ltr'><strong>Neque</strong></span> <span class='ocrx_word' id='word_1_349' title='bbox 480 3711 589 3783; x_wconf 88' lang='lat' dir='ltr'><strong>obstat,</strong></span> <span class='ocrx_word' id='word_1_350' title='bbox 610 3729 669 3788; x_wconf 87' lang='lat' dir='ltr'><strong>quo</strong></span> <span class='ocrx_word' id='word_1_351' title='bbox 690 3710 790 3772; x_wconf 89' lang='lat' dir='ltr'><strong>minus</strong></span> <span class='ocrx_word' id='word_1_352' title='bbox 811 3711 868 3770; x_wconf 84' lang='lat' dir='ltr'><strong>ista</strong></span> <span class='ocrx_word' id='word_1_353' title='bbox 883 3710 927 3768; x_wconf 76' lang='lat' dir='ltr'><strong>&#39;de</strong></span> <span class='ocrx_word' id='word_1_354' title='bbox 948 3725 981 3768; x_wconf 91' lang='lat' dir='ltr'><strong>re</strong></span> <span class='ocrx_word' id='word_1_355' title='bbox 997 3707 1175 3776; x_wconf 88' lang='lat' dir='ltr'><strong>dubitemus,</strong></span> <span class='ocrx_word' id='word_1_356' title='bbox 1198 3705 1284 3764; x_wconf 88' lang='lat' dir='ltr'><strong>Moll-</strong></span> 
     </span>
     <span class='ocr_line' id='line_1_39' title="bbox 64 3790 1281 3874; baseline -0.01 -17"><span class='ocrx_word' id='word_1_357' title='bbox 64 3796 164 3858; x_wconf 92' lang='lat' dir='ltr'><strong>manni</strong></span> <span class='ocrx_word' id='word_1_358' title='bbox 193 3794 366 3874; x_wconf 87' lang='lat' dir='ltr'><strong>responsio,</strong></span> <span class='ocrx_word' id='word_1_359' title='bbox 402 3813 459 3873; x_wconf 89' lang='lat' dir='ltr'><strong>qua</strong></span> <span class='ocrx_word' id='word_1_360' title='bbox 487 3793 708 3854; x_wconf 89' lang='lat' dir='ltr'><strong>Tillemontium</strong></span> <span class='ocrx_word' id='word_1_361' title='bbox 738 3792 786 3852; x_wconf 92' lang='lat' dir='ltr'><strong>bio</strong></span> <span class='ocrx_word' id='word_1_362' title='bbox 813 3792 976 3870; x_wconf 88' lang='lat' dir='ltr'><strong>prudenter</strong></span> <span class='ocrx_word' id='word_1_363' title='bbox 1003 3790 1197 3850; x_wconf 88' lang='lat' dir='ltr'><strong>haesitantem</strong></span> <span class='ocrx_word' id='word_1_364' title='bbox 1228 3805 1281 3846; x_wconf 77' lang='lat' dir='ltr'><strong>ex-</strong></span> 
     </span>
     <span class='ocr_line' id='line_1_40' title="bbox 62 3871 1285 3958; baseline -0.011 -17"><span class='ocrx_word' id='word_1_365' title='bbox 62 3880 151 3958; x_wconf 87' lang='lat' dir='ltr'><strong>cepit.</strong></span> <span class='ocrx_word' id='word_1_366' title='bbox 197 3878 364 3952; x_wconf 89' lang='lat' dir='ltr'><strong>„Primum,</strong></span> <span class='ocrx_word' id='word_1_367' title='bbox 398 3877 494 3955; x_wconf 89' lang='lat' dir='ltr'><strong>inquit</strong></span> <span class='ocrx_word' id='word_1_368' title='bbox 521 3877 613 3949; x_wconf 88' lang='lat' dir='ltr'><strong>(lliss.</strong></span> <span class='ocrx_word' id='word_1_369' title='bbox 637 3876 685 3936; x_wconf 88' lang='lat' dir='ltr'><strong>cit.</strong></span> <span class='ocrx_word' id='word_1_370' title='bbox 709 3879 739 3952; x_wconf 65' lang='grc' dir='ltr'><strong>ξ.</strong></span> <span class='ocrx_word' id='word_1_371' title='bbox 762 3875 836 3935; x_wconf 85' lang='lat' dir='ltr'>XIV.</span> <span class='ocrx_word' id='word_1_372' title='bbox 859 3893 888 3953; x_wconf 88' lang='lat' dir='ltr'><strong>p.</strong></span> <span class='ocrx_word' id='word_1_373' title='bbox 918 3879 999 3949; x_wconf 66' lang='lat' dir='ltr'><strong>lb),</strong></span> <span class='ocrx_word' id='word_1_374' title='bbox 1044 3871 1229 3949; x_wconf 88' lang='lat' dir='ltr'><strong>opuseulum</strong></span> <span class='ocrx_word' id='word_1_375' title='bbox 1252 3877 1285 3928; x_wconf 91' lang='lat' dir='ltr'><strong>ut</strong></span> 
     </span>
     <span class='ocr_line' id='line_1_41' title="bbox 62 3953 1285 4046; baseline -0.007 -24"><span class='ocrx_word' id='word_1_376' title='bbox 62 3963 139 4023; x_wconf 70' lang='lat' dir='ltr'><strong>texile</strong></span> <span class='ocrx_word' id='word_1_377' title='bbox 169 3963 234 4042; x_wconf 89' lang='lat' dir='ltr'><strong>ipse</strong></span> <span class='ocrx_word' id='word_1_378' title='bbox 264 3961 450 4041; x_wconf 88' lang='lat' dir='ltr'><strong>suppressit,</strong></span> <span class='ocrx_word' id='word_1_379' title='bbox 484 3961 608 4022; x_wconf 89' lang='lat' dir='ltr'><strong>alterum</strong></span> <span class='ocrx_word' id='word_1_380' title='bbox 636 3958 727 4020; x_wconf 86' lang='lat' dir='ltr'><strong>inrito</strong></span> <span class='ocrx_word' id='word_1_381' title='bbox 750 3957 948 4030; x_wconf 87' lang='lat' dir='ltr'><strong>Tertulliano,</strong></span> <span class='ocrx_word' id='word_1_382' title='bbox 985 3973 1050 4016; x_wconf 88' lang='lat' dir='ltr'><strong>curn</strong></span> <span class='ocrx_word' id='word_1_383' title='bbox 1084 3954 1179 4014; x_wconf 90' lang='lat' dir='ltr'><strong>adbuc</strong></span> <span class='ocrx_word' id='word_1_384' title='bbox 1211 3953 1285 4046; x_wconf 77' lang='lat' dir='ltr'><strong>rude</strong></span> 
     </span>
     <span class='ocr_line' id='line_1_42' title="bbox 62 4035 1284 4118; baseline -0.01 -11"><span class='ocrx_word' id='word_1_385' title='bbox 62 4065 119 4108; x_wconf 91' lang='lat' dir='ltr'><strong>neo</strong></span> <span class='ocrx_word' id='word_1_386' title='bbox 140 4047 213 4107; x_wconf 88' lang='lat' dir='ltr'><strong>satis</strong></span> <span class='ocrx_word' id='word_1_387' title='bbox 236 4047 413 4107; x_wconf 87' lang='lat' dir='ltr'><strong>exasciatum</strong></span> <span class='ocrx_word' id='word_1_388' title='bbox 436 4053 533 4117; x_wconf 88' lang='lat' dir='ltr'><strong>esset,</strong></span> <span class='ocrx_word' id='word_1_389' title='bbox 567 4043 669 4104; x_wconf 87' lang='lat' dir='ltr'><strong>lraude</strong></span> <span class='ocrx_word' id='word_1_390' title='bbox 698 4041 820 4102; x_wconf 85' lang='lat' dir='ltr'><strong>alterius</strong></span> <span class='ocrx_word' id='word_1_391' title='bbox 848 4042 994 4118; x_wconf 78' lang='lat' dir='ltr'><strong>uulgatum</strong></span> <span class='ocrx_word' id='word_1_392' title='bbox 1023 4056 1079 4099; x_wconf 92' lang='lat' dir='ltr'><strong>nec</strong></span> <span class='ocrx_word' id='word_1_393' title='bbox 1099 4056 1117 4097; x_wconf 88' lang='lat' dir='ltr'><strong>a</strong></span> <span class='ocrx_word' id='word_1_394' title='bbox 1139 4035 1284 4114; x_wconf 81' lang='lat' dir='ltr'><strong>Septimio</strong></span> 
     </span>
     <span class='ocr_line' id='line_1_43' title="bbox 64 4119 1282 4209; baseline -0.011 -18"><span class='ocrx_word' id='word_1_395' title='bbox 64 4131 196 4209; x_wconf 83' lang='lat' dir='ltr'><strong>agnitum</strong></span> <span class='ocrx_word' id='word_1_396' title='bbox 219 4138 281 4200; x_wconf 68' lang='lat' dir='ltr'><strong>esta</strong></span> <span class='ocrx_word' id='word_1_397' title='bbox 304 4130 423 4190; x_wconf 88' lang='lat' dir='ltr'><strong>tertium</strong></span> <span class='ocrx_word' id='word_1_398' title='bbox 445 4147 523 4190; x_wconf 91' lang='lat' dir='ltr'><strong>nunc</strong></span> <span class='ocrx_word' id='word_1_399' title='bbox 545 4135 631 4190; x_wconf 83' lang='lat' dir='ltr'><strong>extat</strong></span> <span class='ocrx_word' id='word_1_400' title='bbox 675 4126 736 4186; x_wconf 91' lang='lat' dir='ltr'><strong>lam</strong></span> <span class='ocrx_word' id='word_1_401' title='bbox 760 4143 826 4186; x_wconf 90' lang='lat' dir='ltr'><strong>curn</strong></span> <span class='ocrx_word' id='word_1_402' title='bbox 848 4123 894 4184; x_wconf 87' lang='lat' dir='ltr'><strong>rix</strong></span> <span class='ocrx_word' id='word_1_403' title='bbox 916 4120 1078 4184; x_wconf 82' lang='lat' dir='ltr'><strong>verisimile</strong></span> <span class='ocrx_word' id='word_1_404' title='bbox 1100 4119 1148 4189; x_wconf 88' lang='lat' dir='ltr'><strong>sit,</strong></span> <span class='ocrx_word' id='word_1_405' title='bbox 1173 4137 1282 4196; x_wconf 87' lang='lat' dir='ltr'><strong>proro-</strong></span> 
     </span>
     <span class='ocr_line' id='line_1_44' title="bbox 63 4203 1284 4278; baseline -0.01 -2"><span class='ocrx_word' id='word_1_406' title='bbox 63 4233 149 4278; x_wconf 86' lang='lat' dir='ltr'><strong>casse</strong></span> <span class='ocrx_word' id='word_1_407' title='bbox 178 4213 390 4274; x_wconf 87' lang='lat' dir='ltr'><strong>Tertullianum</strong></span> <span class='ocrx_word' id='word_1_408' title='bbox 420 4213 456 4274; x_wconf 89' lang='lat' dir='ltr'><strong>ad</strong></span> <span class='ocrx_word' id='word_1_409' title='bbox 485 4231 548 4273; x_wconf 90' lang='lat' dir='ltr'><strong>earn</strong></span> <span class='ocrx_word' id='word_1_410' title='bbox 577 4209 797 4272; x_wconf 87' lang='lat' dir='ltr'><strong>controversiae</strong></span> <span class='ocrx_word' id='word_1_411' title='bbox 825 4206 1041 4270; x_wconf 85' lang='lat' dir='ltr'><strong>Marcioniticae</strong></span> <span class='ocrx_word' id='word_1_412' title='bbox 1071 4203 1284 4274; x_wconf 86' lang='lat' dir='ltr'><strong>tractationem,</strong></span> 
     </span>
     <span class='ocr_line' id='line_1_45' title="bbox 61 4286 1279 4378; baseline -0.012 -18"><span class='ocrx_word' id='word_1_413' title='bbox 61 4317 149 4378; x_wconf 88' lang='lat' dir='ltr'><strong>quarn</strong></span> <span class='ocrx_word' id='word_1_414' title='bbox 172 4299 237 4376; x_wconf 89' lang='lat' dir='ltr'><strong>ipse</strong></span> <span class='ocrx_word' id='word_1_415' title='bbox 258 4297 424 4376; x_wconf 91' lang='lat' dir='ltr'><strong>suppressit</strong></span> <span class='ocrx_word' id='word_1_416' title='bbox 445 4295 490 4356; x_wconf 86' lang='lat' dir='ltr'><strong>rel</strong></span> <span class='ocrx_word' id='word_1_417' title='bbox 511 4313 661 4374; x_wconf 90' lang='lat' dir='ltr'><strong>nunquam</strong></span> <span class='ocrx_word' id='word_1_418' title='bbox 690 4291 825 4370; x_wconf 78' lang='lat' dir='ltr'><strong>agnovit,</strong></span> <span class='ocrx_word' id='word_1_419' title='bbox 859 4296 998 4369; x_wconf 87' lang='lat' dir='ltr'><strong>superest</strong></span> <span class='ocrx_word' id='word_1_420' title='bbox 1027 4295 1060 4349; x_wconf 93' lang='lat' dir='ltr'><strong>ut</strong></span> <span class='ocrx_word' id='word_1_421' title='bbox 1086 4286 1279 4364; x_wconf 78' lang='lat' dir='ltr'><strong>intelligantur</strong></span> 
     </span>
     <span class='ocr_line' id='line_1_46' title="bbox 61 4370 1283 4462; baseline -0.011 -18"><span class='ocrx_word' id='word_1_422' title='bbox 61 4385 129 4445; x_wconf 89' lang='lat' dir='ltr'><strong>libri</strong></span> <span class='ocrx_word' id='word_1_423' title='bbox 164 4382 212 4462; x_wconf 91' lang='lat' dir='ltr'><strong>qui</strong></span> <span class='ocrx_word' id='word_1_424' title='bbox 235 4400 314 4442; x_wconf 92' lang='lat' dir='ltr'><strong>nunc</strong></span> <span class='ocrx_word' id='word_1_425' title='bbox 334 4382 365 4441; x_wconf 93' lang='lat' dir='ltr'><strong>in</strong></span> <span class='ocrx_word' id='word_1_426' title='bbox 388 4379 524 4441; x_wconf 90' lang='lat' dir='ltr'><strong>manibus</strong></span> <span class='ocrx_word' id='word_1_427' title='bbox 546 4377 659 4440; x_wconf 84' lang='lat' dir='ltr'><strong>nostris</strong></span> <span class='ocrx_word' id='word_1_428' title='bbox 682 4380 785 4438; x_wconf 81' lang='lat' dir='ltr'><strong>sunt⁴‘</strong></span> <span class='ocrx_word' id='word_1_429' title='bbox 826 4375 923 4452; x_wconf 80' lang='lat' dir='ltr'><strong>Atque</strong></span> <span class='ocrx_word' id='word_1_430' title='bbox 943 4372 991 4434; x_wconf 91' lang='lat' dir='ltr'><strong>bic</strong></span> <span class='ocrx_word' id='word_1_431' title='bbox 1012 4370 1130 4450; x_wconf 89' lang='lat' dir='ltr'><strong>quidem</strong></span> <span class='ocrx_word' id='word_1_432' title='bbox 1153 4389 1211 4431; x_wconf 90' lang='lat' dir='ltr'><strong>non</strong></span> <span class='ocrx_word' id='word_1_433' title='bbox 1234 4370 1283 4432; x_wconf 92' lang='lat' dir='ltr'><strong>lu-</strong></span> 
     </span>
     <span class='ocr_line' id='line_1_47' title="bbox 62 4453 1283 4542; baseline -0.012 -14"><span class='ocrx_word' id='word_1_434' title='bbox 62 4469 113 4528; x_wconf 89' lang='lat' dir='ltr'><strong>bet</strong></span> <span class='ocrx_word' id='word_1_435' title='bbox 135 4466 235 4529; x_wconf 88' lang='lat' dir='ltr'><strong>multis</strong></span> <span class='ocrx_word' id='word_1_436' title='bbox 258 4472 363 4526; x_wconf 90' lang='lat' dir='ltr'><strong>nutare</strong></span> <span class='ocrx_word' id='word_1_437' title='bbox 386 4483 438 4536; x_wconf 88' lang='lat' dir='ltr'><strong>ea,</strong></span> <span class='ocrx_word' id='word_1_438' title='bbox 473 4481 547 4542; x_wconf 90' lang='lat' dir='ltr'><strong>quae</strong></span> <span class='ocrx_word' id='word_1_439' title='bbox 569 4463 606 4523; x_wconf 90' lang='lat' dir='ltr'><strong>de</strong></span> <span class='ocrx_word' id='word_1_440' title='bbox 629 4460 720 4523; x_wconf 90' lang='lat' dir='ltr'><strong>altera</strong></span> <span class='ocrx_word' id='word_1_441' title='bbox 742 4457 829 4518; x_wconf 85' lang='lat' dir='ltr'><strong>istius</strong></span> <span class='ocrx_word' id='word_1_442' title='bbox 853 4456 1014 4536; x_wconf 82' lang='lat' dir='ltr'><strong>argumenti</strong></span> <span class='ocrx_word' id='word_1_443' title='bbox 1037 4453 1283 4517; x_wconf 90' lang='lat' dir='ltr'><strong>commentatione</strong></span> 
     </span>
     <span class='ocr_line' id='line_1_48' title="bbox 63 4540 1364 4624; baseline -0.011 -11"><span class='ocrx_word' id='word_1_444' title='bbox 63 4553 260 4613; x_wconf 78' lang='lat' dir='ltr'><strong>Hoffmannus</strong></span> <span class='ocrx_word' id='word_1_445' title='bbox 283 4566 344 4610; x_wconf 92' lang='lat' dir='ltr'><strong>non</strong></span> <span class='ocrx_word' id='word_1_446' title='bbox 366 4547 439 4609; x_wconf 89' lang='lat' dir='ltr'><strong>satis</strong></span> <span class='ocrx_word' id='word_1_447' title='bbox 462 4553 597 4608; x_wconf 88' lang='lat' dir='ltr'><strong>accurate</strong></span> <span class='ocrx_word' id='word_1_448' title='bbox 619 4545 759 4624; x_wconf 87' lang='lat' dir='ltr'><strong>disputat,</strong></span> <span class='ocrx_word' id='word_1_449' title='bbox 788 4541 938 4620; x_wconf 70' lang='lat' dir='ltr'><strong>quasise,</strong></span> <span class='ocrx_word' id='word_1_450' title='bbox 969 4559 1035 4604; x_wconf 92' lang='lat' dir='ltr'><strong>cum</strong></span> <span class='ocrx_word' id='word_1_451' title='bbox 1057 4540 1205 4612; x_wconf 89' lang='lat' dir='ltr'><strong>ederetur,</strong></span> <span class='ocrx_word' id='word_1_452' title='bbox 1228 4554 1285 4601; x_wconf 89' lang='lat' dir='ltr'><strong>nco</strong></span> <span class='ocrx_word' id='word_1_453' title='bbox 1358 4575 1364 4586; x_wconf 91' lang='lat'><em>·</em></span> 
     </span>
    </p>
   </div>
   <div class='ocr_carea' id='block_1_5' title="bbox 97 4641 1079 4699">
    <p class='ocr_par' dir='ltr' id='par_1_5' title="bbox 97 4641 1079 4699">
     <span class='ocr_line' id='line_1_49' title="bbox 97 4641 1079 4699; baseline -0.013 0"><span class='ocrx_word' id='word_1_454' title='bbox 97 4655 256 4699; x_wconf 81' lang='lat' dir='ltr'><strong>anossnuu</strong></span> <span class='ocrx_word' id='word_1_455' title='bbox 270 4665 322 4698; x_wconf 81' lang='grc' dir='ltr'>ιιι.</span> <span class='ocrx_word' id='word_1_456' title='bbox 333 4663 371 4696; x_wconf 83' lang='grc' dir='ltr'><strong>ιι.</strong></span> <span class='ocrx_word' id='word_1_457' title='bbox 384 4662 483 4697; x_wconf 77' lang='lat' dir='ltr'><strong>osanna.</strong></span> <span class='ocrx_word' id='word_1_458' title='bbox 511 4650 573 4695; x_wconf 80' lang='lat' dir='ltr'><strong>Toni.</strong></span> <span class='ocrx_word' id='word_1_459' title='bbox 587 4649 625 4693; x_wconf 82' lang='grc' dir='ltr'>ιιι.</span> <span class='ocrx_word' id='word_1_460' title='bbox 1047 4641 1079 4693; x_wconf 76' lang='grc'><strong>37</strong></span> 
     </span>
    </p>
   </div>
   <div class='ocr_carea' id='block_1_6' title="bbox 0 0 1546 5238">
    <p class='ocr_par' dir='ltr' id='par_1_6' title="bbox 0 0 1546 5238">
     <span class='ocr_line' id='line_1_50' title="bbox 0 0 1546 5238; baseline 0 1"><span class='ocrx_word' id='word_1_461' title='bbox 0 0 1546 5238; x_wconf 95' lang='lat' dir='ltr'><strong> </strong></span> 
     </span>
    </p>
   </div>
  </div>
 </body>
</html>
