3196 5250
496 357 630 428 lucrose
652 341 712 426 irre.
735 382 772 428 aa
792 379 921 450 sennar.
1256 359 1318 426 409

109 577 116 595 .
188 532 276 610 Urget
296 531 509 594 Tertullianus:
542 532 574 594 Si
600 551 675 612 quae
702 531 800 596 cordis
821 531 968 610 animique
989 529 1109 592 humaui
1130 529 1259 590 fenestra
1280 527 1317 592 ed

111 617 275 680 scrutandos
298 635 407 678 seusus
430 617 494 678 eius
516 617 638 680 intimos
652 625 777 697 pateret,
798 627 868 679 tuuc
882 625 960 680 certe
976 632 1204 694 agnosceremus
1220 631 1316 692 quan·
1411 651 1417 658 ·

111 704 145 766 tis
166 719 266 764 omnes
288 701 365 764 rotis
388 700 527 782 optabant
548 707 623 766 aovi
642 722 678 764 or
698 707 774 766 acci
795 703 933 766 Caesaris
956 716 1085 772 scenam,
1106 699 1166 786 boc
1186 706 1234 758 est
1254 698 1315 760 lre-

111 795 239 868 quentem
267 784 400 848 Caesaris
428 795 554 848 mortem
582 795 612 848 et
640 787 813 850 electionem
834 785 954 848 alterius
978 787 1130 866 coagimio
1153 783 1315 846 dividundo

107 871 300 954 praesideatis
327 871 510 943 (Tertullian.
532 871 684 952 Apologet.
706 890 769 951 cap.
785 874 860 948 35.).
904 869 1029 944 Quidam
1051 875 1147 930 autem
1173 865 1231 948 legi
1252 866 1315 930 vel-

108 957 164 1018 lent
180 956 431 1037 procsr'dcrunta‘s,
453 957 507 1018 sed
527 955 584 1017 levi
607 956 773 1018 coniectura
794 965 825 1017 et
846 963 947 1018 contra
969 952 1103 1016 codicum
1117 951 1215 1013 lidem.
1239 952 1315 1013 Ter-

109 1040 236 1136 tullianus
253 1040 337 1136 ‚enim
361 1040 505 1136 siguificat
526 1041 661 1136 ethnicos
682 1059 800 1120 semper
815 1036 1154 1136 optasseuscenamluori
1169 1035 1317 1134 Caesaris,

106 1142 431 1289 tbittatlttetb
444 1144 569 1272 titt*
583 1121 1317 1288 ,elutdtttltttu¹³¹lt.²tt.¹,3¹,3l‘¹l¹¹.t

106 1293 275 1355 Caesaribus
296 1312 401 1356 recens
424 1294 525 1356 electis
548 1303 597 1356 aut
618 1303 651 1356 ut
672 1295 739 1374 eligi
761 1302 896 1375 possent,
918 1291 1089 1355 huiusmodi
1110 1309 1232 1355 munera
1257 1311 1316 1372 po-

105 1379 167 1458 pulo
197 1377 309 1459 largiri.
352 1378 439 1440 Plura
468 1388 565 1441 autern
597 1379 686 1442 buius
717 1379 879 1458 largitionis
910 1377 1041 1458 exempla
1068 1377 1145 1456 apud
1167 1375 1317 1440 Romanae

106 1463 237 1526 historiae
269 1463 431 1544 scriptores
458 1463 571 1544 passim
598 1463 729 1544 reperire
752 1473 808 1527 est.
852 1463 883 1524 Si
905 1463 971 1542 qrris
994 1471 1093 1522 tamen
1114 1459 1209 1540 aliqua
1231 1461 1314 1524 desi-

105 1547 188 1622 derat,
211 1568 246 1610 er
271 1547 317 1610 bis
339 1566 432 1628 pauca
454 1548 623 1627 seligemus.
653 1549 791 1610 Claudius
813 1555 936 1626 postero
952 1547 1010 1620 die,
1032 1563 1091 1626 quo
1107 1546 1143 1608 ad
1158 1545 1315 1629 imperium

102 1633 278 1695 amilitibus
306 1642 407 1712 raptus
436 1633 536 1712 potius
565 1652 651 1712 quam
680 1633 788 1694 electus
816 1633 871 1694 luit
902 1644 1046 1702 amotos,
1080 1629 1120 1694 ait
1141 1631 1314 1706 Suetonius,

99 1735 153 1796 pro
175 1722 319 1781 concione
341 1722 447 1779 iurare
468 1722 501 1780 a'n
522 1737 630 1781 acmen
651 1737 739 1781 suum
756 1736 870 1798 passus
892 1727 937 1780 cst
967 1719 1165 1798 promisitque
1186 1715 1314 1798 siugulis

100 1805 265 1882 gortimerus
294 1805 448 1875 sestertio,
474 1807 594 1883 pra'mus
625 1803 788 1864 Cossorum
813 1803 902 1883 fidem
928 1800 1033 1863 militis
1062 1803 1151 1865 etiam
1175 1805 1314 1881 praemio

98 1891 276 2036 elutis
295 1886 699 2035 ‘succubuisti
717 1885 1040 2042 talitatis
1063 1893 1316 2050 {tibuit-t

100 2062 221 2136 tempori
238 2057 407 2139 praefatus
427 2061 581 2136 promisso
604 2057 744 2120 donatiuo
766 2058 806 2119 cd
826 2055 994 2135 coemptum
1012 2066 1159 2135 paterere
1177 2055 1316 2136 largitio-

102 2144 145 2202 nis
165 2146 335 2222 imperator
358 2140 570 2205 consuleretur
592 2141 695 2214 (Tacit.
719 2140 750 2202 in
770 2141 828 2202 line
848 2141 898 2202 lib.
916 2140 978 2201 Xll.
1000 2139 1129 2217 linat).
1159 2140 1315 2203 Testatum

101 2241 163 2286 roro
186 2225 362 2305 Spartianus
391 2225 459 2288 iacit
480 2225 516 2286 ab
536 2225 664 2288 Adriano
687 2227 786 2287 datum
807 2225 948 2286 militibus
971 2223 1115 2305 duplicem
1138 2226 1176 2286 ob
1198 2223 1315 2305 imperii

100 2309 222 2389 auspicia
243 2309 431 2388 largitionem
449 2308 606 2389 (Spartian.
630 2311 661 2372 in
683 2311 747 2372 Vita
768 2309 887 2372 Adriani
908 2317 988 2390 post.
1010 2309 1098 2390 init),
1126 2318 1156 2372 et
1176 2310 1313 2392 Lampri-

101 2393 160 2454 dius
187 2395 260 2458 alias
284 2395 322 2456 ab
343 2395 482 2466 Macrino,
511 2413 577 2456 cum
598 2395 777 2458 Antoninum
798 2395 1010 2456 Diadumenum
1033 2394 1241 2478 imperatorem
1262 2417 1313 2458 re-

100 2479 234 2541 nuntiavit
257 2479 422 2558 (Lamprid.
443 2479 506 2540 init.
530 2479 611 2542 Vitae
633 2481 739 2541 loton.
762 2479 920 2556 Diadum).
950 2479 1004 2540 Cui
1026 2485 1125 2543 autem
1147 2481 1219 2544 baec
1241 2482 1313 2544 satis

99 2579 153 2624 non
175 2574 273 2640 erunt,
304 2564 353 2626 bic
374 2565 460 2626 adeat
480 2563 682 2626 llobertellum
709 2564 842 2634 tllobert.
865 2565 901 2625 de
924 2563 1078 2626 Commod.
1100 2565 1215 2629 Praem.
1238 2567 1313 2629 Don.

100 2646 198 2726 llilit.),
219 2648 411 2712 Paucirelum
433 2649 588 2721 (Pancirol.
604 2649 634 2709 in
649 2649 739 2712 Notit.
756 2648 861 2727 lrnper.
878 2647 992 2709 Oriens.
1014 2667 1078 2728 cap.
1092 2655 1154 2727 tl.)
1178 2661 1207 2712 et
1228 2651 1313 2714 alios.

99 2730 221 2797 Gentiles
252 2734 346 2814 igitur
371 2733 453 2795 lucro
482 2752 601 2812 semper
627 2732 716 2807 ducti,
744 2743 777 2794 ut
804 2732 973 2793 donativum
996 2733 1114 2814 saepius
1137 2736 1313 2814 acciperent,

97 2820 240 2895 regnantis
279 2818 416 2880 Caesaris
452 2827 578 2880 mortem
613 2837 646 2880 ao
678 2817 758 2890 nori,
796 2817 854 2878 cito
881 2825 979 2878 umen
1012 2819 1158 2893 morituri,
1194 2838 1313 2906 scenam

98 2903 240 2980 optabant.
1290 2950 1292 2958 ,

174 2989 267 3068 Urget
290 2987 506 3049 adbucluctor
527 2994 631 3047 noster
653 3005 688 3046 eo
711 2993 844 3064 tempore
867 2984 989 3063 ipsaque
1014 2984 1088 3047 bora
1103 2987 1179 3048 banc
1193 3007 1315 3052 scenam

76 3063 279 3217 'mefitemque
312 3071 448 3134 Caesaris
479 3070 515 3131 ab
549 3069 606 3132 illis
644 3069 778 3150 cupidius
812 3068 984 3147 expetitam,
1021 3089 1087 3132 cum
1123 3072 1181 3152 ipsi
1216 3073 1312 3136 acola-

96 3173 137 3218 ma
157 3167 219 3220 aut:

242 3243 290 3304 De
315 3245 431 3304 nostris
453 3244 542 3304 roais
564 3241 619 3302 tibi
639 3239 778 3320 Iuppiter
800 3248 907 3318 augeat
928 3257 1034 3301 canos.

97 3322 151 3386 Sed
178 3327 210 3390 in
232 3325 352 3390 nostris
375 3323 525 3388 codicibus
548 3332 578 3387 et
599 3323 686 3385 editis
717 3321 932 3386 vetustioribus
959 3323 1084 3402 legimus
1113 3336 1197 3406 rupta
1225 3329 1313 3390 metri

97 3407 197 3472 ruma:
234 3413 283 3474 De
309 3453 446 3474 .....
476 3422 584 3490 augeat
601 3410 656 3472 tibi
674 3408 813 3491 luppiter
835 3427 932 3470 uanos
956 3409 1137 3484 (Tertullian.
1159 3413 1312 3494 Apologet.

96 3511 152 3572 cap.
168 3499 245 3574 35.).
291 3496 331 3556 rlt
351 3512 469 3574 quoquo
492 3495 580 3555 mirdo
602 3493 723 3573 legatur,
735 3494 789 3566 ,ibi
811 3492 1009 3555 Tertullianus
1032 3495 1127 3557 innuit
1147 3497 1313 3572 simulatam

96 3577 233 3660 planeque
255 3573 431 3642 mendaeem
454 3579 545 3640 luisse
568 3579 643 3642 banc
657 3578 893 3642 acclamationem
909 3578 1071 3658 gentilium,
1094 3581 1143 3659 qui
1158 3590 1220 3644 tum
1235 3582 1311 3644 Cae-

96 3663 164 3725 saris
187 3674 323 3728 mortem
344 3671 407 3725 toto
430 3663 528 3724 animo
550 3663 735 3742 appetebant.
778 3664 839 3725 Nec
860 3663 936 3726 ullus
958 3665 1125 3743 ambigendi
1145 3665 1228 3726 locus
1244 3684 1313 3728 esse

95 3746 212 3824 videtum,
236 3749 313 3829 quur
335 3746 425 3810 simili
446 3749 598 3810 mendacio
615 3747 736 3808 Ovidius
750 3749 883 3827 Augusto
899 3747 1017 3811 Caesari
1040 3750 1240 3812 acclamaverit
1254 3750 1313 3814 boc

95 3848 232 3898 carmine:

244 3920 366 3998 Augeat
387 3920 546 3997 imperium
567 3920 668 3980 nostri
687 3917 781 3987 decis,
803 3928 910 3996 augeat
931 3937 1038 3981 uanos.

738 3999 836 4074 (Ouid.
858 4000 907 4062 lib.
930 4003 953 4064 l.
976 4003 1089 4064 Pastor.
1112 4020 1138 4062 r.
1163 4003 1247 4077 611.)

97 4081 197 4150 lenum
220 4087 248 4149 si
272 4085 348 4148 haec
369 4084 519 4164 gentilium
541 4083 706 4146 acclamatio
730 4083 863 4146 simulata
885 4085 971 4165 plane
991 4085 1055 4159 luit,
1078 4093 1193 4148 constat
1212 4085 1313 4148 since-

95 4166 245 4234 rissimum
268 4170 367 4232 lmese
388 4169 459 4234 illud
472 4169 620 4232 Ambrosii
642 4188 696 4250 pro
712 4169 913 4232 Valentiniano
934 4171 1123 4249 imperatore,
1144 4169 1212 4232 licet
1225 4189 1310 4234 mor·

95 4257 150 4328 tuo,
178 4265 303 4320 votum:
341 4253 401 4318 Nec
429 4274 481 4337 ego
509 4255 608 4318 abnuo
636 4259 799 4319 clamatura
821 4256 927 4318 obiisse
947 4264 1052 4326 aetate,
1081 4273 1164 4334 qaam
1184 4266 1312 4322 nostrus

95 4341 166 4402 vitoe
189 4337 381 4423 temporibus
402 4341 515 4420 fulcire
537 4358 718 4420 cuperemus,
747 4349 781 4401 ut
807 4340 842 4402 de
864 4344 979 4402 nostris
1001 4343 1089 4402 curris
1122 4345 1234 4403 eiceret
1260 4345 1315 4423 gur·

93 4421 178 4504 [sapt
198 4445 265 4490 aon
286 4429 390 4506 potuit
411 4430 474 4488 suis
503 4425 651 4498 (umbros.
673 4424 710 4485 de
733 4423 822 4486 Obitu
843 4423 954 4484 Valent
977 4426 1005 4499 g.
1028 4426 1079 4488 43.
1101 4443 1167 4504 pag.
1193 4427 1309 4501 libb).

95 4503 149 4568 Nos
178 4530 249 4574 vero
281 4508 355 4572 olim
382 4509 600 4572 observavimus
628 4509 671 4571 ibi
690 4507 878 4570 Ambrosium
904 4507 951 4569 bis
979 4507 1076 4570 verbis
1104 4509 1243 4572 allusisse
1271 4510 1310 4572 ad

95 4601 224 4658 notatum
246 4615 265 4658 a
290 4593 470 4658 'Tertulliano
498 4595 661 4658 solemnem
688 4592 864 4658 acclamandi
885 4592 1048 4664 sormidam.
1091 4594 1195 4658 Plures
1217 4613 1311 4675 porro
