3122 5250
259 369 333 433 uuo
365 385 558 429 nissenrarro
572 385 603 428 ur
618 384 665 436 ou.
681 383 765 428 sarr.
779 384 866 454 raon.
880 383 1075 428 rauracorum
1087 383 1307 428 uonoenriemr
1319 383 1394 426 csrr.

259 535 381 608 'tientin
409 534 572 598 consentia
600 543 686 614 atqm
712 534 864 596 lortiurdo.
909 534 1024 608 Quanto
1051 534 1129 598 enim
1159 534 1261 596 maiori
1287 533 1398 596 ethnicis
1423 531 1454 592 ob

272 627 387 700 spretas
408 619 653 700 labefactatasque
676 637 779 682 eorum
801 619 959 700 religiones
975 619 1044 682 odio
1060 627 1152 694 eraut,
1174 628 1255 682 tanto
1270 615 1456 680 crudelioribus

261 713 302 768 et
318 723 338 765 -a
359 705 477 766 nemine
497 705 639 767 hactenus
661 704 832 784 excogitatis
852 704 1055 766 rexahonibus
1077 723 1111 766 ac
1125 703 1278 766 tormentis
1293 701 1455 764 ercarnilica·

269 789 377 852 bantur
397 797 427 852 et
446 789 635 852 necabantur.
678 789 766 851 Plura
793 797 890 850 autem
911 789 1028 850 illorum
1051 789 1194 870 supplicia
1215 787 1398 851 Tertullianus
1416 803 1456 846 re·

270 881 381 947 censet,
405 892 479 953 quae
502 874 567 936 sine
589 874 683 953 aliqua
705 873 911 935 observatione
933 891 950 936 a
972 873 1058 936 nohis
1080 873 1272 954 praetermitti
1288 891 1344 934 non
1358 870 1456 932 dehent.
1531 877 1532 882 ’

264 959 400 1020 Primum
428 958 540 1040 itaque:
580 959 728 1032 Quotidie,
757 957 860 1038 inquit,
890 959 1067 1030 obsidemur,
1096 961 1227 1041 quotidie
1250 957 1457 1039 predamnatis

267 1047 343 1126 ipsis
362 1044 530 1124 plurimum
552 1044 681 1106 meditus
702 1055 732 1105 et
747 1045 1027 1124 venundationibus
1042 1049 1159 1106 nastris
1175 1045 1366 1124 opprimimur
1384 1039 1457 1115 (l'er·
1532 1065 1533 1088 ι

260 1127 544 1208 millianhpologet.
566 1145 628 1206 cap.
641 1132 694 1204 7.).
723 1127 789 1188 Non
811 1128 896 1208 pauci
917 1146 998 1207 erge,
1023 1128 1076 1189 sed
1097 1127 1225 1208 plurimi,
1247 1144 1306 1188 non
1325 1143 1396 1197 rare,
1415 1119 1458 1182 sed

263 1212 443 1294 receptissimo
473 1213 503 1274 in
526 1213 588 1275 suis
611 1211 744 1274 coetibus
767 1221 797 1274 et
818 1213 886 1274 alibi
908 1213 1159 1293 opprimebantur.
1192 1213 1253 1274 Nec
1271 1211 1372 1273 nahum
1390 1225 1458 1268 sane.

268 1297 342 1360 Nam
373 1297 482 1359 ethnici
514 1297 596 1360 omni
618 1314 743 1376 prorsus
765 1297 945 1358 humanitate
966 1296 1101 1378 deposita
1119 1301 1237 1378 portien
1253 1298 1384 1377 propriis
1402 1295 1459 1353 ane

266 1387 333 1455 attis,
352 1386 468 1462 partim
491 1383 602 1463 habas
626 1382 818 1464 obsequentes
841 1387 873 1444 in
895 1401 945 1444 eos
967 1383 1148 1445 aaeaiebont.
1180 1382 1259 1456 Quin
1279 1380 1378 1442 etiarn:
1398 1393 1460 1458 pso·
1533 1395 1534 1462 y

269 1470 331 1539 ties,
360 1467 401 1528 ait
428 1467 524 1530 adhue
551 1465 759 1539 Tertullianus,
785 1471 963 1547 praeteritis
992 1467 1091 1539 ooba's,
1119 1466 1259 1530 nimirum
1285 1461 1459 1545 praesidibus,
1533 1475 1534 1492 ¹

266 1569 324 1616 sno
355 1555 426 1614 inre
456 1571 513 1614 nos
541 1555 693 1614 inimicans
719 1551 828 1632 culpas
856 1554 973 1614 inuadit
1001 1551 1150 1631 lapidibus
1172 1563 1201 1615 et
1222 1551 1362 1613 incendiis
1390 1543 1460 1617 llbid.

268 1655 331 1716 cap.
355 1639 438 1712 37.),
467 1635 545 1698 nulla
572 1633 704 1698 videhoet
732 1643 879 1716 expectata
909 1635 1036 1697 iudicum
1059 1636 1214 1710 sententia,
1243 1635 1296 1698 sed
1316 1649 1395 1695 meon
1414 1629 1460 1690 in·
1533 1667 1534 1672 κ

267 1731 338 1801 petn
364 1720 471 1799 plebeii
500 1719 622 1800 gentiles
643 1719 772 1800 lapidum
793 1719 900 1782 ictibus
922 1720 1085 1782 obruebant
1106 1720 1291 1783 Christianos
1319 1725 1366 1780 aut
1393 1714 1461 1774 viros

269 1804 440 1868 exurebant.

351 1890 395 1951 hd
418 1889 532 1969 sinprla
554 1896 652 1950 autem
673 1907 776 1950 eorum
799 1888 943 1968 supplicia
957 1899 990 1950 ut
1006 1889 1168 1964 veniamus,
1190 1889 1281 1950 modo
1303 1892 1335 1949 in
1352 1882 1461 1950 insulas,

267 1973 362 2054 inquit
382 1974 491 2036 huetor
512 1981 625 2048 noster,
648 1974 816 2052 relepamur
839 1973 934 2048 [lbid.¹
946 1991 1008 2052 cap.
1027 1975 1107 2050 tte),
1130 1975 1183 2036 sed
1206 1974 1272 2036 aliis
1294 1991 1361 2034 saue
1380 1965 1461 2030 onu-

261 2059 323 2122 bus
344 2059 442 2120 minor
464 2067 527 2120 erat
547 2059 620 2120 haee
641 2057 718 2119 exilii
740 2075 851 2136 poeno:
878 2059 965 2121 neoda
987 2063 1026 2120 aba*
1039 2059 1163 2122 nsetolla
1185 2061 1362 2122 damnamur
1389 2048 1459 2144 (hid.

261 2154 332 2224 esp.
357 2146 436 2219 12),
469 2143 505 2204 od
533 2161 566 2204 ea
595 2143 734 2204 nimirum
763 2143 890 2205 marimo
919 2161 985 2204 eum
1013 2143 1115 2206 labare
1142 2143 1320 2206 effodienda.
1360 2135 1458 2228 Plurima

267 2247 337 2290 noro
359 2226 608 2290 conuudebantur
629 2228 659 2289 in
681 2227 846 2288 horrendos
869 2245 1012 2301 carceres,
1033 2227 1130 2289 inedia
1145 2230 1267 2290 etlame
1283 2217 1458 2289 consonando
1535 2247 1536 2264 ³

267 2312 325 2375 nisi
346 2312 405 2386 alii,
427 2321 570 2391 utsupra
592 2312 729 2386 diunius,
752 2311 909 2374 Christiani
931 2312 975 2374 eis
997 2312 1130 2392 opitulati
1151 2313 1291 2374 iniissent.
1333 2307 1384 2371 Sed
1401 2305 1462 2366 baec

267 2397 465 2459 'l'erurllianns
486 2397 517 2458 in
539 2415 594 2458 suo
615 2397 697 2459 brevi
719 2396 846 2476 quidem,
870 2397 921 2457 sed
945 2397 1097 2458 excellenti
1119 2398 1154 2460 ad
1176 2398 1320 2478 Martyres
1339 2393 1405 2456 libra
1421 2389 1461 2448 lu-

261 2483 330 2544 -eius
351 2482 541 2561 prosequitur
563 2482 655 2554 tldem
676 2480 726 2543 lib.
749 2481 785 2542 ad
807 2481 948 2561 Mamm),
988 2482 1143 2544 Praeterea
1164 2483 1301 2564 capulis,
1322 2481 1361 2542 ait
1389 2477 1462 2539 dero·

267 2568 338 2631 ditis
362 2567 460 2630 latero
483 2567 726 2629 Christianorum
748 2565 840 2638 (Idem
861 2566 1013 2645 Apologet.
1036 2585 1098 2646 cap.
1117 2570 1189 2645 12).
1235 2564 1364 2645 Ungulae
1383 2569 1465 2622 auten
1536 2616 1537 2648 3

267 2654 363 2713 lerrea
390 2659 472 2712 eram
499 2651 703 2724 instrumenta,
732 2657 869 2730 unquam
896 2652 1023 2714 lerarum
1052 2669 1164 2730 ungine
1193 2651 1348 2723 fabricata,
1374 2643 1466 2726 tptibtls

266 2735 374 2800 ethnici
394 2735 485 2798 latera
506 2735 740 2798 Christianorum
762 2735 912 2796 sulcabant
933 2744 963 2796 et
984 2736 1169 2798 dilaniabant.
1216 2735 1410 2810 Quamobrem
1428 2727 1467 2822 ille

261 2829 370 2901 postea
397 2821 483 2882 dixit:
519 2820 583 2884 Nos
611 2821 651 2883 ad
676 2819 772 2883 Deam
799 2819 829 2880 in
857 2819 982 2899 equuleo
1012 2821 1217 2895 hauddubie,
1250 2830 1302 2884 aut
1321 2819 1374 2880 alia
1392 2810 1467 2877 simb

266 2907 410 2980 maehina,
433 2925 585 2988 eapansos
607 2905 738 2984 uapulae
759 2906 879 2985 fodiant
900 2904 986 2980 (lbid.
1008 2924 1070 2986 cap.
1087 2907 1161 2984 30.)
1205 2905 1382 2969 Prudentius
1402 2897 1468 2961 enin

267 2991 403 3054 canebat:

470 3073 615 3136 incensus
638 3073 683 3136 bis
707 3074 894 3154 Asclepiades
915 3077 1052 3136 a'nsaerat

469 3158 706 3221 Eoiscerondnsn
729 3175 847 3238 corpus
874 3158 997 3238 equuleo
1019 3161 1137 3221 eminus

468 3242 603 3305 Pendere
624 3253 654 3305 et
674 3248 760 3306 uncis
781 3243 959 3324 annulisque
982 3261 1125 3304 erescere.
1306 3283 1308 3288 ·

619 3326 770 3401 (Prudent.
793 3327 828 3388 de
851 3327 958 3388 Sancto
980 3327 1114 3388 Romano
1136 3347 1163 3387 r.
1188 3331 1250 3394 107
1273 3337 1304 3389 et
1325 3327 1416 3404 seqq.)

350 3410 543 3489 Prosequitur
563 3411 777 3474 Tertullianus:
815 3413 859 3474 Ad
887 3413 997 3474 bestias
1025 3412 1218 3494 depellimur,
1247 3413 1310 3474 sire
1335 3410 1380 3480 iis,
1407 3419 1472 3486 quae

265 3513 322 3557 nos
344 3494 495 3568 devorent,
525 3495 555 3557 in
583 3495 697 3558 theauo
720 3496 889 3557 obiicimur:
922 3496 952 3556 in
974 3515 1030 3558 nos
1053 3498 1171 3569 bestiae,
1203 3497 1282 3559 sicut
1303 3503 1404 3576 postca
1423 3490 1469 3550 de·

266 3579 395 3660 scripsit,
417 3579 558 3644 insiliunt
579 3581 762 3655 (Tertullian.
783 3581 936 3660 Apologet.
959 3599 1021 3660 sap.
1041 3584 1088 3645 12
1112 3581 1185 3642 lbid.
1209 3599 1273 3661 cap
1290 3583 1365 3658 30.)
1387 3577 1470 3650 llum

263 3667 403 3745 frequens
432 3675 529 3726 autem
557 3666 645 3728 luerit
676 3664 745 3727 illud
774 3663 1008 3726 Christianorum
1041 3667 1217 3746 supplicium
1251 3665 1321 3727 inde
1354 3661 1471 3739 colligas,

264 3751 343 3831 quod
370 3750 402 3812 in
430 3749 511 3811 omni
536 3750 651 3829 publica
673 3749 753 3812 clade
776 3749 874 3812 statim
895 3749 1029 3828 penulas,
1056 3752 1133 3813 sicut
1152 3751 1249 3813 adhuc
1269 3751 1319 3812 ille
1340 3746 1469 3811 testifica-

264 3835 360 3910 batur,
382 3835 559 3896 clamahant:
584 3836 774 3898 Christianos
796 3837 840 3898 dd
855 3834 981 3898 Leonem
1004 3835 1164 3914 (lbidcap.
1177 3840 1253 3912 lta).
1298 3835 1363 3896 Alio
1385 3839 1471 3894 auten

265 3921 296 3983 in
317 3921 404 3993 libro,
432 3919 482 3982 ubi
504 3919 688 3982 ethnicorum
711 3927 873 3983 conventus
897 3920 1022 3998 emgitat
1042 3929 1072 3981 et
1093 3921 1286 3982 condemnat:
1324 3919 1400 3993 illie,
1428 3913 1468 3973 iu·

264 4005 338 4084 quit,
366 4009 401 4065 in
427 4025 483 4067 nos
510 4005 679 4086 quotidiani
705 4004 804 4067 leones
831 4004 1068 4086 eapostolantur
1100 4005 1192 4079 (ldom
1213 4003 1267 4066 lib.
1290 4005 1328 4066 de
1349 4005 1471 4082 Spectac-

266 4107 330 4168 cap.
352 4091 426 4166 27.)
456 4089 576 4150 Rursus*
593 4087 660 4149 alibi
682 4096 832 4150 asseverat
853 4087 962 4150 Christi
984 4089 1087 4150 hostes
1110 4089 1165 4152 sub
1186 4087 1315 4169 pedihus
1337 4088 1399 4150 eius
1420 4084 1469 4144 ian

266 4186 332 4236 esse
353 4173 539 4248 constitutos,
563 4173 642 4236 omni
665 4173 760 4235 adhuc
777 4171 976 4256 popularium
997 4185 1082 4236 coetu
1104 4174 1270 4236 clamante:
1295 4173 1473 4236 Christianos

266 4258 311 4319 rld
332 4256 457 4320 leonem
493 4258 585 4330 ildem
610 4257 661 4318 lib.
689 4256 726 4318 de
747 4258 915 4319 Resurrect.
938 4255 1024 4318 Carn.
1053 4277 1116 4338 cap.
1139 4262 1212 4338 22).
1259 4257 1338 4331 Quid
1373 4245 1472 4335 plura?

263 4341 411 4403 Castitatis
431 4341 568 4404 osoribus
591 4342 743 4404 denuntiat
762 4342 924 4406 timendam
945 4359 1006 4403 non
1030 4361 1108 4418 esse,
1129 4363 1167 4406 ne
1187 4360 1252 4404 non
1274 4347 1337 4406 sint
1358 4343 1409 4421 qui
1426 4353 1472 4398 at·

265 4426 409 4490 cloment:
434 4427 624 4491 Christianos
646 4428 691 4490 ld
712 4427 839 4490 leonem
860 4425 952 4502 (ldem
966 4427 1088 4490 Exhort.
1103 4428 1140 4489 ad
1155 4427 1234 4490 Cast.
1249 4445 1314 4507 cap.
1333 4429 1403 4504 12).
1423 4421 1470 4480 dl·

261 4529 320 4591 que
341 4511 381 4574 ita
402 4511 613 4573 conclamatum
635 4521 682 4574 est
702 4513 843 4574 adversus
857 4510 1059 4592 Polycarpum,
1081 4521 1115 4574 nt
1135 4531 1171 4574 ex
1183 4511 1316 4576 Eusebio
1337 4508 1473 4572 discimus

260 4595 383 4668 (Eoseh
404 4595 455 4657 lib.
476 4594 524 4656 lV.
546 4595 619 4658 llist.
641 4597 753 4660 Cocles.
776 4613 839 4676 cap.
865 4599 913 4662 15.
934 4615 964 4678 p.
987 4599 1061 4678 32).
1105 4597 1268 4680 Cyprianus
1297 4612 1412 4678 meoque
1437 4587 1472 4650 dt>
