3144 5236
501 355 637 401 ancrena
659 357 718 400 mc.
741 357 777 402 as
799 357 927 446 ponens.
1265 343 1329 410 229

118 475 299 568 Termlhanue
322 507 447 586 exphmt
468 506 561 580 (idem
582 506 633 568 lih.
656 508 693 568 de
714 507 806 568 Pallio
830 525 893 586 cap.
909 512 940 570 4.
963 517 993 570 et
1014 509 1052 572 de
1072 510 1176 572 Anima
1197 529 1261 590 cap.
1272 515 1328 588 6.),

118 589 237 652 hemines
267 590 376 652 iniecto
405 591 549 653 laieorum
569 591 694 653 deorum
716 599 830 653 terrere
851 592 888 654 ad
910 592 1122 656 humanitatem
1143 597 1326 675 temperavit,
1417 651 1421 658 .

115 675 159 736 sed
176 675 286 754 petitos
310 683 341 736 et
360 675 492 737 urbanos
513 675 544 736 in
566 675 745 754 agnitionem
768 675 830 736 veri
852 675 905 736 llei
936 678 1079 750 eneleolt,
1109 679 1167 740 hee
1194 687 1243 740 est
1269 679 1327 742 illis

113 759 182 819 dedit
201 760 266 820 reri
287 760 341 820 Ilei
362 759 480 820 ridendi
503 777 557 820 seu
580 759 778 838 cognoscendi
802 759 977 822 laenitatem.
1008 761 1122 824 Eodem
1138 763 1218 824 enim
1234 781 1327 830 sensu
1389 763 1393 780 ⁸
1498 805 1508 816 ·
1557 754 1558 769 ¹

110 842 169 903 alibi
189 843 225 904 de
247 843 411 904 hirundine
432 843 521 904 dixit:
544 843 650 906 Pelles
672 847 759 906 nouit
781 843 905 906 oculere
926 863 1042 908 rorans
1064 846 1099 908 de
1122 866 1179 910 eae
1194 847 1327 910 chelido—
1447 863 1450 868 ·
1557 890 1558 905 .

109 931 155 988 aie
173 927 269 1000 (idem
291 928 342 989 lih.
365 929 402 989 de
423 928 538 988 Peeoit
562 945 626 1005 cap.
642 931 714 1004 12.)
752 927 953 1001 Quamobrem
976 927 1137 1009 limnaeus
1159 949 1228 992 eum
1242 947 1327 994 mera

107 1029 157 1072 aue
181 1011 316 1074 imitatus
345 1011 463 1084 Christi,
493 1012 570 1073 sicut
596 1010 655 1084 ille,
685 1011 847 1090 discipulos
875 1012 942 1072 ideo
969 1031 1023 1090 per
1044 1013 1149 1076 erbeus
1171 1014 1326 1094 disperses

63 1119 68 1126 ·
108 1111 167 1155 ease
195 1095 297 1168 decet,
324 1106 360 1156 ut
391 1115 492 1158 aecem
522 1106 552 1158 et
576 1099 700 1174 terserat
729 1097 769 1157 ed
795 1100 977 1176 epnin'eeem
1004 1101 1143 1160 ueritatis
1167 1099 1327 1162 ocularent

107 1178 196 1257 (Cppr.
218 1179 260 1240 de
281 1179 390 1240 ldoler.
413 1179 508 1242 Venit
531 1198 561 1258 p.
586 1183 660 1254 16.).
705 1179 784 1252 Quin
808 1179 897 1241 etiarn
916 1179 1041 1242 Pontius
1063 1181 1200 1260 Cypriani
1222 1181 1324 1243 diaco-

70 1319 72 1328 ,
106 1281 156 1324 uus
175 1263 206 1323 in
228 1264 296 1324 eius
317 1263 377 1324 rita
398 1283 432 1325 ac
453 1263 489 1324 de
511 1262 561 1324 ille
584 1263 719 1342 scripsit:
753 1263 1038 1327 Neadamseeande
1053 1268 1327 1328 eotieiteseeeum
1458 1343 1466 1350 μ
1557 1245 1558 1312 i

107 1347 244 1410 testeam
267 1347 431 1427 splendere
452 1357 515 1411 tete
537 1348 655 1409 da'eiaee
678 1347 754 1409 luee's
777 1347 955 1410 eminuerat
976 1347 1113 1421 (Pondus
1135 1348 1166 1410 in
1187 1348 1245 1409 vit.
1268 1348 1325 1427 Cp-

107 1429 191 1510 pn'an.
214 1451 246 1510 p.
271 1435 326 1506 2.).
353 1432 445 1504 ·Qnis
468 1437 559 1510 per're
582 1449 618 1493 er
640 1431 697 1504 his,
720 1449 795 1509 quac
815 1432 959 1494 hactenus
981 1431 1129 1509 disputata
1151 1439 1231 1503 sunt,
1263 1447 1326 1494 non

107 1515 222 1595 percipit
244 1534 336 1594 quam
356 1517 463 1577 merito
492 1514 555 1577 iure
577 1515 775 1577 Tertullianus
797 1513 933 1576 conficiat
953 1514 1138 1576 Christianos
1160 1515 1197 1576 ah
1224 1515 1323 1576 ethni·

105 1598 143 1660 cis
162 1608 190 1660 et
210 1599 332 1661 ludaeis
355 1599 540 1679 iniquissime
562 1599 687 1660 cruciari
706 1605 738 1660 et
759 1599 895 1671 interfici,
918 1599 995 1677 quia,
1018 1601 1085 1660 cum
1106 1617 1210 1660 verum
1231 1597 1326 1660 ileum

106 1699 153 1760 per
171 1683 328 1747 Christum
350 1683 540 1764 agnovissent
556 1675 823 1762 eiusque⁸prelessi
838 1682 967 1744 luissent
980 1683 1164 1762 religionem,
1186 1691 1325 1746 neutmm

105 1785 214 1846 negue,
238 1769 334 1830 imme
357 1783 395 1830 ne
417 1767 605 1830 dissimulare
626 1766 744 1846 quidem
758 1764 918 1828 volebant?
940 1793 943 1798 ·

623 1950 744 2012 CAPUT
766 1951 801 2011 x.

524 2071 557 2120 lle
576 2071 672 2134 Angelis
690 2077 713 2118 et
731 2069 901 2121 Daemonihus.

636 2194 775 2208 —-

607 2285 775 2339 Anniculus
796 2284 818 2338 l·

103 2393 229 2450 legatorum
250 2400 271 2436 et
289 2393 425 2436 daemonum
443 2403 523 2435 nomen
542 2392 653 2445 cognitum
672 2391 740 2434 naisso
768 2389 886 2444 gentitibus
914 2387 992 2444 poetis,
1015 2385 1156 2442 philosophis
1180 2383 1325 2430 eonomine:
1425 2394 1429 2404 ·

102 2461 137 2504 dn
152 2461 246 2512 Socrati,
274 2460 362 2504 Platoni
380 2471 422 2502 nee
440 2471 484 2503 nen
502 2459 572 2513 magis
591 2466 613 2502 et
629 2458 695 2512 sutge
713 2459 853 2502 indoctorum
871 2456 992 2503 hominum,
1017 2453 1054 2508 qut
1072 2465 1153 2498 nornen
1171 2452 1286 2496 daemonis
1303 2451 1326 2494 ln
1420 2457 1426 2470 ·

104 2539 162 2572 usum
187 2529 302 2572 maledieti
328 2527 512 2582 trequentnhanta
538 2537 579 2568 cnr
602 2527 655 2570 illud
680 2537 761 2568 nomen
785 2525 841 2568 adae
860 2522 1005 2570 detestabitea
1029 2531 1107 2564 emese
1126 2521 1218 2574 angeles
1237 2525 1327 2562 creatos

102 2608 149 2638 ease
166 2610 178 2639 a
197 2597 246 2640 Dee
265 2597 387 2652 perlectos,
405 2605 483 2650 praees
502 2602 576 2636 autem
594 2599 673 2648 sponte
692 2605 733 2636 sua
752 2597 885 2646 corruptos3
914 2591 941 2632 de
960 2600 1037 2632 eorum
1055 2600 1106 2630 cum
1124 2587 1170 2630 llee
1189 2585 1280 2630 disertio
1299 2597 1326 2628 ac

172 2663 314 2708 matrimonio
334 2675 385 2706 oum
403 2659 490 2704 liliahus
509 2659 630 2712 hominum,
648 2661 706 2702 unde
726 2659 850 2714 corruptior
869 2657 1001 2700 daemonum
1020 2666 1076 2708 gens
1095 2661 1142 2697 orta
1161 2653 1248 2696 dicitur.

181 2778 307 2840 'lhansit
328 2775 526 2837 Tertullianus
558 2775 594 2836 ad
621 2773 699 2836 aliud
728 2773 904 2834 christianae
924 2769 1077 2847 religionis
1099 2767 1136 2827 dc
1156 2765 1275 2844 Angelis
1298 2773 1328 2826 et

104 2860 301 2922 haemonihns
330 2861 540 2921 documentum
568 2857 751 2931 (Tertullian.
773 2855 928 2934 Apeleget.
951 2871 1014 2930 cap.
1038 2854 1113 2925 22.)
1157 2850 1328 2944 Εοαειίιῐιιιιι

105 2946 264 3007 accuratius
287 2944 360 3006 illud
382 2943 526 3022 explicare
548 2942 707 3012 contendit,
739 2959 797 3017 quo
825 2955 1002 3016 persuasum
1025 2935 1118 3011 magis
1141 2933 1249 3026 ethnici
1270 2931 1326 2990 ha-

105 3028 209 3092 hehsnt
230 3031 395 3091 daemones
417 3027 473 3088 suh
495 3025 674 3104 imaginihus
697 3036 726 3084 et
747 3021 917 3083 nominihus
939 3028 1133 3082 mertuorum
1153 3014 1239 3088 (lhrd.
1262 3032 1327 3094 cap.

106 3115 174 3190 23),
203 3115 235 3176 id
259 3122 306 3175 ast
328 3112 470 3174 falsorum
492 3112 626 3180 deorum,
657 3108 863 3168 dehtcscentes
893 3105 982 3164 edere
1015 3101 1109 3179 signa,
1138 3096 1278 3159 miracula
1299 3105 1329 3158 ot

106 3199 229 3270 oracula,
253 3196 362 3276 quihtrs
384 3197 473 3276 fidem
496 3196 663 3256 divinitatis
686 3191 904 3270 eperehentur,
927 3187 985 3247 hee
1006 3191 1052 3246 est
1073 3182 1178 3278 quihus
1204 3181 1327 3242 daemo-

65 3279 67 3282 ’
105 3299 153 3342 aas
179 3283 312 3343 suadere
340 3279 521 3340 conabantur
548 3295 635 3338 veros
664 3293 742 3347 esse,
776 3291 851 3351 quos
880 3270 1016 3332 celebant
1048 3267 1167 3339 ethnici,
1197 3265 1271 3359 deos
1294 3283 1329 3360 ac

105 3367 224 3442 preinde
253 3382 356 3426 veram
387 3381 456 3424 esso
477 3373 589 3424 'eorum
610 3359 795 3438 religionem.
838 3356 899 3419 lant
921 3355 991 3414 rede
1012 3351 1139 3412 vidimus
1162 3369 1178 3411 a
1200 3349 1328 3410 Minucio

105 3435 202 3522 Felice,
225 3447 382 3510 Lactantio
405 3455 436 3508 et
455 3447 520 3507 aliis
543 3445 682 3506 radicitus
705 3441 838 3504 evulsum
859 3440 953 3500 luisse
974 3437 1054 3498 hunc
1075 3433 1262 3528 ethnicorum
1277 3451 1328 3492 er-

105 3549 208 3606 rorem,
233 3552 295 3612 quo
318 3531 474 3610 inprimis
496 3529 644 3590 uitehatur
666 3535 727 3587 teta
742 3525 860 3586 illerum
875 3520 979 3598 religio
1003 3517 1328 3610 (Dissertatrn'hhnu'e.

106 3633 162 3694 rap.
186 3620 237 3681 18.
260 3619 326 3676 Art.
352 3619 378 3678 t.
409 3621 438 3674 et
459 3613 642 3675 inhactant
666 3627 729 3688 cap.
752 3612 804 3671 20.
823 3606 888 3666 Art.
911 3609 963 3680 4.).
1009 3602 1068 3664 Sed
1097 3598 1224 3694 quiahe
1252 3615 1330 3658 scn-

104 3710 201 3776 pteres
225 3701 314 3780 plura
337 3717 373 3760 cx
394 3699 451 3759 hoc
471 3697 609 3758 Auctoris
632 3693 728 3754 nostri
750 3691 825 3753 libre
841 3689 1043 3750 delibavemnt
1064 3680 1245 3776 atque'rnde
1260 3688 1328 3773 tan-

106 3801 187 3859 mam
216 3803 255 3844 ex
285 3801 362 3860 puro
391 3783 472 3843 lente
503 3799 576 3842 sues
606 3778 802 3856 irrigaverunt
828 3771 977 3843 herluine,
1006 3769 1116 3830 idcirce
1140 3781 1204 3824 crus
1228 3779 1330 3838 epmro

105 3865 271 3947 diligentius
296 3865 420 3926 anchis
442 3863 632 3926 examinanda
661 3869 716 3922 cat.
1179 3929 1185 3941 .

182 3953 322 4013 Primum
343 3950 439 4028 itaque
461 3949 548 4010 decet
556 3945 684 4024 Angelos
709 3951 739 4004 at
759 3941 925 4002 Daemones
949 3955 1017 3998 esse
1040 3931 1221 3994 substantias
1237 3945 1329 4004 quas-

104 4033 165 4096 dem
187 4033 353 4114 spiritales,
376 4049 499 4112 quarum
515 4043 630 4092 'nemen
651 4025 809 4107 gentilibus
832 4031 900 4084 tam
913 4020 1011 4098 poetis
1028 4033 1117 4111 mam
1129 4011 1329 4105 philosophis,

106 4117 353 4196 quemadmodum
374 4115 444 4178 alihi
465 4117 560 4176 adhuc
583 4111 778 4180 ostendimus,
800 4124 861 4168 non
884 4105 938 4166 luit
959 4103 1151 4178 incognitum.
1175 4095 1240 4192 ΙΕι
1259 4094 1329 4173 phr-

105 4201 237 4283 lesephis
261 4207 361 4262 autem
384 4199 556 4261 nominatim
579 4195 705 4276 appellat
725 4193 879 4254 Platonem
903 4196 932 4249 et
947 4186 1110 4254 Socratem,
1133 4199 1183 4259 que
1205 4179 1328 4240 daemo-

104 4303 169 4347 nem
191 4287 385 4351 assistentem
406 4282 542 4354 hahehat,
571 4281 822 4346 dehortatorium,
843 4271 957 4350 inquit,
984 4268 1078 4364 plene
1099 4285 1118 4326 e
1140 4265 1217 4326 leae
1240 4261 1329 4337 (Ter-
1454 4321 1458 4324 .

72 4361 76 4367 ’
107 4370 213 4432 tullian.
237 4368 394 4448 Apologet'
416 4385 480 4446 cap.
503 4369 577 4441 22).
620 4363 740 4424 Dixerat
768 4364 866 4419 autem
897 4355 954 4416 alie
983 4371 1013 4412 ιιι
1041 4349 1135 4412 Ιὼιο;
1172 4347 1332 4443 decretam

103 4472 233 4530 puerum
263 4452 361 4514 adhuc
387 4454 517 4532 spiritns
544 4451 735 4511 daemonicus
764 4444 879 4503 invenit
901 4438 993 4533 (idem
1015 4434 1066 4532 lib.
1088 4434 1127 4494 de
1148 4433 1244 4528 Anum,
1267 4444 1329 4505 cap.

103 4537 179 4614 aa).
201 4539 241 4599 At
262 4536 300 4598 tle
321 4535 379 4596 hoc
399 4533 529 4596 Socratis
552 4532 695 4596 daemone
717 4529 749 4590 in
771 4526 858 4586 citata
879 4523 916 4583 de
938 4521 1062 4584 lleuuuo
1079 4519 1199 4582 Octauo
1215 4514 1333 4576 disser-
