3166 5250
514 412 648 458 sacrans
669 415 728 459 ruc.
751 415 787 460 ns
809 415 935 461 sonans.
1269 407 1332 470 tce

115 561 297 641 (Tertullian.
319 563 385 626 loco
408 563 479 642 cit).
509 563 542 626 ln
564 565 781 646 antiquioribus
804 565 889 630 editis
911 567 995 631 libris
1019 568 1124 648 legitur
1145 575 1246 651 cipro
1270 575 1334 636 scf-

116 651 193 722 lr'cet,
216 649 269 710 sed
291 649 396 710 eodem
416 649 502 728 plane
524 667 625 724 sensu,
647 651 795 712 locutione
817 659 915 714 tamur
936 653 1033 716 minus
1058 654 1190 734 eleganti.
1219 656 1331 720 Roma-

115 751 222 796 norum
251 740 349 795 autem
371 733 444 795 deos
464 732 623 798 vilissimos
645 734 789 816 planeque
810 736 934 800 infames
955 738 996 798 ibi
1010 739 1153 818 appellat,
1180 749 1213 803 ut
1233 744 1330 804 aoric-
1433 743 1438 760 “

114 819 197 880 ribus
219 818 332 879 ironiae
353 816 462 880 aculeis
496 818 629 882 ethnicos
658 821 782 882 deorum
808 839 930 884 suorum
951 823 1113 902 potentiam
1133 824 1332 890 insulsissime

112 903 297 965 venditantes
329 910 482 982 pungeret.
537 903 688 966 Sterculus
720 904 799 966 enim
831 925 933 988 agros,
966 907 1043 969 sicut
1069 908 1117 970 ille
1145 910 1213 970 abbi
1235 911 1331 986 docet,

112 989 302 1052 stercoribus
329 989 460 1050 macodo
494 987 618 1068 diligens
645 991 707 1069 suit
737 973 830 1064 (ldcm
851 991 901 1053 lib.
923 990 960 1053 ll.
989 992 1026 1053 ad
1046 993 1163 1055 Nation.
1192 1013 1254 1075 cap.
1276 999 1332 1073 9.).

111 1073 151 1133 At
172 1072 209 1134 de
230 1071 290 1144 illo,
314 1072 391 1134 sicut
411 1079 441 1134 et
462 1073 634 1152 turpissimo
660 1073 771 1136 Mutino
795 1083 824 1136 et
838 1075 986 1150 larentia,
1009 1095 1083 1156 quae
1105 1079 1140 1138 ab
1163 1079 1267 1141 eodem
1283 1081 1330 1142 di·

113 1156 192 1218 citur
217 1157 369 1236 publicum
399 1167 541 1230 scortum,
572 1167 656 1220 antea
684 1166 771 1238 atque
792 1160 822 1220 in
846 1161 1051 1240 superioribus
1074 1162 1332 1227 dissertationibus

110 1240 326 1322 disputavimus
349 1241 455 1320 (Supra
477 1259 540 1322 cap.
562 1245 614 1306 25.
635 1244 697 1304 Art.
721 1245 750 1308 3.
774 1251 804 1304 et
823 1244 950 1306 Dissert
972 1246 1002 1307 in
1023 1246 1130 1308 Minue.
1144 1246 1244 1310 0ctav.
1266 1269 1330 1330 cap.

115 1330 165 1390 17.
188 1326 250 1387 Art.
272 1328 303 1390 2.
327 1334 357 1386 et
376 1325 498 1387 Disscr‘c
520 1327 552 1387 in
573 1328 703 1389 Laetant.
726 1345 789 1408 cap.
812 1331 862 1394 32.
884 1331 946 1390 Art.
971 1335 985 1392 1
1011 1339 1042 1392 et
1062 1334 1116 1408 2.).
1159 1331 1252 1394 Nemo
1275 1353 1332 1396 au-

110 1419 174 1472 tem
196 1409 304 1490 mentis
326 1428 397 1472 suae
419 1429 541 1491 compos
564 1411 643 1473 serio
659 1413 805 1476 affirmare
819 1432 947 1493 unquam
962 1415 1089 1490 audebit,
1112 1416 1148 1477 ab
1163 1417 1331 1480 huiusmodi
1380 1427 1382 1434 ’
1418 1411 1421 1420 ’
1485 1419 1488 1430 “

112 1495 273 1557 infamibus
294 1502 336 1556 ·et
365 1493 528 1557 vernaculis
561 1495 617 1557 diis
650 1504 806 1576 porrectos
834 1498 926 1561 fuisse
947 1499 1071 1562 Romani
1099 1500 1216 1581 imperii
1244 1503 1330 1565 lines.

109 1579 214 1658 Neque
242 1579 330 1641 etiam
359 1578 395 1640 ab
421 1579 485 1642 aliis
517 1579 685 1642 domesticis
717 1590 745 1644 et
773 1583 970 1661 peculiaribus
1000 1583 1057 1646 diis
1090 1586 1164 1646 suis.
1209 1587 1330 1650 Diversa

110 1665 263 1726 enimvero
291 1663 323 1726 in
350 1663 482 1744 pluribus
511 1683 579 1727 esse
600 1665 702 1745 nequit
722 1666 783 1728 veri
804 1667 859 1729 Dei
879 1668 1020 1748 potentia,
1048 1669 1149 1743 virtus,
1179 1672 1330 1745 sanctitas,

111 1748 200 1810 sicuti
228 1767 283 1810 nec
308 1757 420 1810 natura.
464 1747 550 1828 Atqui
577 1767 664 1811 nemo
692 1769 820 1830 unquam
847 1752 920 1814 dixit
947 1753 977 1813 in
1005 1755 1143 1832 praefatis
1171 1755 1331 1818 infamibus
1438 1817 1444 1824 .

113 1841 167 1895 ant
187 1832 252 1893 aliis
272 1833 442 1896 domesticis
463 1833 666 1898 Romanorum
689 1835 746 1896 diis
767 1837 861 1898 fuisse
883 1837 1006 1900 eandem
1028 1845 1115 1918 atque
1138 1839 1168 1899 in
1191 1841 1330 1920 omnipo-

82 1943 88 1952 ·
115 1924 198 1979 tante
224 1915 284 1978 Deo
309 1925 444 1980 naturam
471 1928 501 1980 et
528 1919 785 1998 omnipotentiam,
825 1921 960 1982 virtutem
990 1931 1019 1984 et
1047 1923 1240 1985 sanctitatem.
1284 1925 1332 1986 bii

115 2021 187 2081 ergo
217 2020 276 2062 non
305 2001 374 2064 saint
400 2021 455 2065 nec
481 2013 641 2083 potuerunt
656 2004 762 2068 'ullum
784 2005 901 2086 aliquod
923 2006 1056 2069 Romano
1078 2007 1202 2088 imperio
1225 2011 1332 2072 allcrre

112 2087 337 2148 incrementum.
624 2131 629 2138 -
1163 2109 1169 2124 ¹

199 2171 341 2251 Superest
369 2171 457 2250 igitur
484 2181 516 2233 ut
542 2173 767 2252 peregrinorum
788 2173 912 2236 deorum
934 2175 1041 2237 auxilio
1063 2184 1093 2237 et
1112 2185 1258 2256 potestate
1278 2197 1330 2240 ac-

113 2257 240 2318 creverit
253 2257 378 2318 Romani
400 2256 516 2335 imperii
539 2257 718 2336 magnitudo,
745 2259 832 2339 Atqui
854 2259 955 2338 opinio
977 2259 1025 2320 illa
1045 2279 1107 2320 non
1129 2261 1227 2323 minus
1248 2263 1331 2324 omni

111 2359 235 2420 prorsus
263 2339 513 2402 verisimilitudine
540 2361 627 2420 quam
649 2343 787 2422 superior
808 2351 897 2404 caret.
940 2343 1013 2405 Nam
1034 2351 1153 2423 praeter
1173 2347 1262 2408 modo
1284 2347 1329 2409 al·

113 2425 199 2486 latam
222 2425 382 2486 rationem:
404 2424 587 2503 Peregrinos
612 2429 689 2504 deos,
712 2435 745 2488 ut
765 2435 846 2489 recte
861 2427 1066 2494 Tertullianus.
1081 2429 1130 2503 ait,
1153 2449 1215 2493 uon
1227 2441 1333 2512 putem

114 2521 278 2572 extraneae
300 2514 380 2587 penti
398 2515 491 2590 magis
513 2511 634 2588 [autum
656 2511 788 2574 coluisse
810 2525 840 2576 et
857 2513 1112 2594 patrbsmsolum,
1134 2519 1168 2576 iu
1182 2535 1240 2595 quo
1255 2521 1330 2593 aau',

114 2595 219 2666 adulti,
253 2593 407 2656 nobilitati
436 2595 601 2676 sepultique
631 2607 711 2667 aaut,
746 2598 964 2676 transfretanis
994 2598 1109 2660 dedisse
1146 2597 1329 2671 (Tertullian.
1437 2601 1440 2608 '

112 2678 266 2760 Apologet.
289 2696 352 2757 cap.
368 2682 442 2754 25.),
475 2697 529 2740 seu
557 2679 654 2741 minus
682 2680 788 2740 favisse
815 2681 927 2759 patriae
954 2688 985 2741 et
1011 2681 1104 2742 altrici
1130 2689 1226 2743 terrae
1247 2702 1330 2757 suae,

11 2795 12 2798 ¹
113 2783 201 2844 quam
223 2763 364 2824 Romanis
397 2763 600 2824 transmarinis
635 2771 664 2834 et
695 2764 851 2825 extraneis.
896 2764 962 2837 Quo
997 2765 1077 2826 enim
1106 2765 1210 2844 ingrati
1240 2767 1331 2828 animi

58 2897 59 2900 ,
112 2849 184 2909 uitio
211 2848 338 2928 patrium
365 2847 462 2910 solum
484 2847 624 2908 Romanis
651 2839 823 2910 assandum
845 2857 998 2910 eteorum
1020 2849 1144 2928 imperio
1167 2849 1330 2913 subiicien-

113 2933 184 2994 dum
206 2933 322 2995 madere
338 2931 520 3011 potuerunt?

199 3018 257 3079 Sed
279 3025 310 3078 ut
331 3016 362 3077 id
383 3015 558 3094 quibusdam
580 3015 720 3094 exemplis
741 3015 857 3095 planius
873 3017 972 3077 faciat:
999 3016 1119 3088 Viderit,
1141 3017 1245 3096 inquit,
1272 3019 1330 3098 Cp-

117 3101 188 3174 beie,
217 3101 293 3163 Caeli
319 3109 349 3164 et
375 3100 485 3162 Terrae
514 3100 588 3174 tilia,
617 3099 734 3161 Saturni
765 3117 839 3161 uror
866 3109 896 3161 et
916 3101 1018 3179 Magna
1046 3101 1148 3174 Mater,
1177 3107 1206 3163 sr'
1225 3103 1331 3184 arberte

115 3187 287 3258 liornaucm,
309 3200 344 3250 ut
364 3190 539 3248 memoriam
551 3184 677 3247 Troiani
694 3189 812 3266 generis
834 3186 995 3257 adamavit,
1018 3187 1178 3248 uernacula·
1199 3190 1249 3247 sui
1269 3191 1330 3248 sci-

116 3272 192 3342 licet,
215 3272 359 3334 aduersus
381 3270 561 3333 Achivorum
583 3288 670 3331 arara
688 3273 828 3349 protecti,
852 3273 880 3332 si
900 3271 1076 3333 adulteres
1098 3289 1171 3333 suos
1195 3276 1330 3335 transire

30 3349 34 3356 '
111 3361 282 3437 prospexit,
312 3375 384 3437 quos
413 3356 522 3417 sciebat
549 3355 703 3418 Graeciam
725 3353 874 3434 Pbrygiae
901 3354 1120 3417 debellatricem
1148 3356 1329 3420 subacturos

114 3440 296 3514 (Tertullian.
318 3439 470 3520 Apologet.
493 3458 555 3519 cap.
568 3442 641 3515 25.).
682 3439 733 3500 Vis
756 3447 853 3500 antem
875 3439 996 3500 huiusce
1018 3441 1181 3519 argumenti
1202 3448 1236 3502 ut
1255 3459 1328 3520 per·

113 3525 263 3605 spiciatur,
292 3524 323 3585 in
351 3524 523 3586 memoriam
552 3524 749 3586 revocandum
771 3531 826 3596 est,
856 3523 980 3603 Cybelen
1002 3525 1176 3603 quibusdam
1198 3525 1330 3586 videria

112 3610 220 3690 Cybelo
243 3608 384 3688 Pbrygiae
406 3617 506 3670 monte
528 3609 772 3687 cognominatam.
815 3607 917 3670 Nullus
941 3627 1010 3669 verc
1034 3609 1147 3670 dubitat
1169 3608 1328 3670 celeberri-

112 3699 194 3756 mum
215 3693 403 3768 Pessinunte,
426 3713 501 3773 quae
515 3693 657 3772 Phrygiae
676 3693 747 3754 urbs
770 3701 842 3765 erat,
864 3692 996 3772 positum
1017 3694 1111 3754 luisse
1132 3692 1210 3753 illius
1233 3692 1329 3752 simu-

111 3781 234 3852 lacrum,
266 3778 344 3858 quod
376 3787 479 3858 postea
501 3778 621 3849 Romae,
655 3777 733 3838 sicut
763 3777 831 3838 alibi
853 3777 979 3838 diximus
1012 3775 1148 3853 (Dissert.
1171 3776 1200 3834 in
1222 3774 1330 3836 Minna

112 3883 178 3943 cap.
203 3866 253 3927 19.
275 3865 337 3923 nrt.
361 3867 373 3924 1
402 3871 431 3924 et
450 3865 481 3924 in
502 3861 611 3922 Arnob.
634 3879 696 3939 cap.
719 3863 771 3926 20.
793 3862 854 3922 brt.
878 3865 908 3924 2.
931 3869 962 3922 et
982 3861 1012 3922 iu
1034 3861 1166 3922 Lactant.
1189 3875 1252 3936 cap.
1275 3860 1328 3921 31.

113 3949 177 4008 brt.
201 3950 255 4024 3.)‚
276 3947 401 4008 maxima
422 3965 488 4009 curn
510 3965 617 4025 pompa
638 3945 810 4007 collocatum
833 3954 888 4007 cst.
919 3946 957 4005 st
977 3944 1173 4006 Tertullianus
1195 3941 1263 4002 inde
1286 3941 1331 4004 sic

114 4038 349 4110 argumentatur:
370 4031 517 4112 Numquid
538 4030 643 4110 Cybele
663 4037 786 4108 propter
805 4029 943 4102 Aeneam,
966 4029 1065 4101 Troia,
1086 4026 1207 4104 Prygiae
1228 4025 1329 4087 mino-

114 4117 158 4178 ris
186 4135 221 4176 ex
247 4116 320 4178 urbe
342 4116 507 4188 oriundum,
536 4124 622 4195 atquc
643 4114 752 4175 idcirco
773 4113 960 4184 vernaculmn
981 4129 1079 4183 suum,
1101 4109 1244 4171 adamavit
1264 4110 1331 4172 lio-

14 4203 20 4212 '
85 4219 231 4281 ,manos
254 4201 320 4280 qnia
342 4221 378 4262 ex
398 4201 447 4261 illo
469 4209 625 4282 postquam
648 4217 683 4260 ex
698 4197 826 4260 Troiano
848 4195 983 4258 incendio
1006 4193 1223 4257 etAcbivorum
1238 4195 1329 4257 armis

11 4329 12 4338 ,
114 4293 235 4366 ereptus
262 4285 377 4359 fuisset,
401 4284 543 4364 originem
566 4302 648 4346 suam
670 4280 875 4345 deduxerunt?
910 4268 1063 4359 Numquid*
1077 4297 1148 4340 vero
1170 4279 1217 4340 illa
1240 4299 1328 4360 spre-

99 4371 154 4432 ,νὴ
175 4369 300 4450 patriam
321 4388 404 4432 suam
425 4369 524 4449 illique
545 4369 695 4430 Romanos
715 4366 867 4450 praetulit,
900 4365 967 4444 quia
999 4363 1185 4443 praevidebat
1206 4364 1328 4428 simula-

110 4475 197 4517 crum
219 4475 306 4518 suurn
321 4455 445 4516 Romam
466 4454 703 4515 transferendum
725 4459 755 4513 et
769 4470 785 4512 a
800 4449 942 4512 Romanis
954 4447 1155 4510 debellandam
1166 4447 1327 4521 Graeciam,

113 4535 255 4620 Pbrygiae
281 4539 395 4619 patriae
423 4557 495 4602 suae
520 4534 760 4600 debellatricem?
804 4533 862 4596 Cur
890 4552 960 4612 ergo
988 4551 1078 4613 passa
1099 4541 1146 4594 est
1165 4533 1249 4607 hanc,
1276 4533 1328 4594 ubi

114 4639 232 4689 summo
248 4625 369 4702 ¹bonore
391 4623 550 4700 colebatur,
573 4622 723 4686 aGraeois
745 4617 930 4702 expugnari?
962 4618 1038 4682 Esto
1058 4626 1166 4692 umen,
1187 4617 1330 4698 illudque,
