3166 5250
341 399 404 461 476
437 413 626 456 nissenrnrro
642 411 672 455 ru
688 412 735 463 oo.
751 411 835 456 serr.
850 411 936 456 reon.
952 395 1146 457 rennuentem
1160 411 1368 455 monost-:amor
1379 411 1435 454 een.

342 564 522 642 (Tertulliau.
545 562 696 642 Apologet
719 581 783 644 cap.
805 566 880 642 Th).
923 562 1058 625 [bivero
1080 563 1209 626 alludere
1229 560 1385 623 rideturad
1398 561 1464 628 Tutin,

342 651 418 712 sicut
436 648 504 710 alibi
525 647 782 710 animadvertimus
804 651 887 722 (tom.
903 649 925 710 l.
940 649 1077 728 Apparat.
1098 667 1164 728 pag.
1178 649 1263 723 543.)
1284 653 1313 706 et
1330 645 1423 708 aliorm
1435 665 1464 722 q·-

341 735 470 806 nionem,
500 732 549 812 qui
571 732 685 793 Tuscos
708 733 779 795 artis
801 733 916 812 liglinae
938 733 1218 811 simulacrorumque
1245 749 1281 792 ex
1300 739 1369 792 urta
1384 738 1406 790 et
1419 749 1464 806 aqu

237 875 240 881 .
340 818 544 898 fingendorum
566 816 733 878 inventores
755 817 846 880 hrisse
867 817 1081 880 existimabant
1113 817 1215 896 Neque
1228 815 1464 877 baeetamendmu

341 902 496 966 simulacra
517 903 641 962 Romam
662 909 810 981 asportata
838 911 907 964 sunt
929 903 1027 964 statim
1055 909 1141 982 atque
1162 900 1254 962 Numa
1276 899 1412 979 Pompilius
1429 917 1464 958 m-

335 979 409 1049 luus
432 995 488 1049 est.
532 986 656 1047 Romani
677 987 837 1065 siquidem,
867 994 900 1048 ut
920 987 1054 1049 laudatus
1077 987 1112 1049 ab
1134 985 1295 1064 Augustino
1316 985 1391 1044 Varro
1408 983 1464 1042 ab

280 1077 284 1096 ⁸
340 1091 426 1136 mens
446 1071 659 1132 Alexandrinus
686 1079 846 1145 testantur,
883 1071 956 1134 deos
986 1091 1057 1133 suos
1087 1089 1141 1152 per
1168 1079 1286 1132 centum
1312 1067 1464 1148 sequamur

340 1156 465 1236 amplius
492 1174 586 1216 armos
614 1155 679 1218 sine
707 1155 870 1218 simulacris
898 1156 1065 1218 coluerunt..
1105 1155 1164 1217 Sed
1191 1153 1227 1216 de
1255 1154 1302 1215 his
1328 1153 1464 1213 incitatum

339 1241 503 1321 hppmratus
525 1239 622 1301 nostri
642 1248 723 1301 tomo
745 1240 956 1319 disputavimus
978 1241 1077 1320 ibique
1102 1248 1255 1319 praeterea
1283 1235 1464 1306 ostendinuh]

340 1344 419 1388 mam
440 1326 579 1398 vetuisse,
601 1341 640 1385 ne
660 1325 751 1387 ullum
772 1325 958 1387 simulacrum
980 1325 1074 1387 ullave
1094 1325 1190 1402 imago
1212 1324 1305 1384 lieret.
1463 1381 1464 1384 ,

424 1409 482 1472 Per
502 1417 598 1471 totum
619 1408 716 1489 itaque
737 1401 807 1471 illud
829 1418 956 1489 tempus,
979 1429 1036 1488 quo
1051 1409 1177 1470 Romani
1198 1408 1246 1470 bis
1262 1387 1464 1476 carnerunnlhd

325 1496 383 1558 ‘ait
404 1495 615 1566 Tertullianus,
648 1499 713 1575 ipse
733 1513 881 1576 nusquam
909 1494 1090 1571 (Tertullian.
1112 1493 1266 1572 Apologet.
1289 1510 1349 1570 cap.
1368 1492 1423 1563 Tb]-
1445 1497 1464 1564 q

341 1597 423 1659 ergo,
445 1579 504 1641 nisi
525 1579 593 1658 quia
614 1578 723 1640 ethnici
744 1579 775 1640 in
797 1579 926 1641 animum
948 1579 1121 1641 induxerant
1142 1578 1265 1640 deomm
1286 1574 1417 1637 simulacra
1426 1587 1464 1646 up

341 1683 415 1726 suos
438 1683 506 1726 esse
528 1661 625 1725 deos?
667 1663 704 1724 Et
724 1681 794 1725 vero
817 1663 952 1726 Clemens
973 1662 1196 1734 Alexandrinus,
1227 1681 1243 1722 a
1266 1660 1350 1722 nobis
1369 1659 1464 1718 etiantl

339 1749 474 1812 laudatus
496 1750 579 1823 (tom.
594 1747 617 1808 1.
632 1748 768 1828 Apparet.
789 1766 855 1828 pag.
872 1751 967 1822 734),
989 1748 1067 1810 haud
1088 1746 1256 1810 dubitanter
1276 1751 1408 1807 asseverat
1423 1757 1455 1819 pu

341 1833 472 1894 rioribus
505 1832 562 1894 illis
595 1832 776 1912 temporibus
806 1833 891 1893 fictos
923 1832 959 1893 ab
992 1831 1116 1894 ethnicis
1148 1833 1239 1904 deos,
1277 1847 1348 1910 quos
1375 1827 1416 1888 ado

343 1917 541 1990 Quamobrem
563 1916 760 1978 Tertullianus
787 1916 853 1978 abbi
884 1917 996 1978 dixerat
1022 1917 1094 1978 deos
1122 1915 1158 1978 ab
1187 1915 1293 1977 iisdem
1316 1911 1417 1974 ethnicis
1431 1921 1462 1967 an

340 2003 415 2063 mari
437 2021 454 2063 a
475 2001 599 2081 templis,
629 2001 680 2062 ubi
702 2001 855 2063 simulacra
878 2020 980 2063 eorum
1002 2001 1099 2081 posita
1121 2007 1204 2062 erant
1225 1997 1396 2074 (Tertullian.
1411 1993 1449 2072 lp}

341 2105 405 2165 cap.
430 2090 468 2150 10
491 2094 520 2148 et
541 2105 604 2165 cop.
626 2088 700 2164 25.).
743 2086 817 2148 tlibi
839 2103 909 2147 vero
932 2085 1033 2147 eadem
1055 2086 1178 2147 deorum
1200 2083 1361 2154 simulacra,
1384 2081 1453 2159 qum¹

341 2170 435 2242 mani,
469 2177 502 2231 ut
524 2179 607 2231 antea
634 2171 821 2244 dicebamus,
853 2170 977 2232 Romam
999 2170 1030 2231 in
1052 2169 1192 2250 triumphi
1214 2186 1350 2249 pompam
1369 2162 1457 2226 delenit

343 2255 474 2334 captivos
503 2255 575 2315 deos
605 2255 738 2334 appellat
793 2255 852 2316 Sed
879 2273 1088 2334 supervacuum
1117 2261 1164 2314 est
1190 2254 1248 2314 boc
1275 2251 1396 2334 pruritu
1414 2265 1443 2325 pu

343 2339 422 2417 qnod
444 2339 479 2400 ab
501 2339 550 2400 illo
572 2338 681 2418 ubique
702 2340 813 2419 passim
834 2358 888 2419 pro
912 2347 993 2401 certo
1015 2340 1135 2418 ponitur
1156 2346 1244 2418 atque
1258 2331 1456 2400 mordioenl'st

342 2423 476 2485 nilestius
497 2421 616 2502 patebit.

427 2507 542 2580 Quanta
556 2516 653 2569 autem
674 2506 811 2568 caecitate
838 2507 919 2570 ileus
941 2525 1042 2580 verus,
1066 2506 1160 2585 iuquit
1179 2506 1237 2579 ille,
1261 2505 1298 2568 ab
1320 2502 1420 2566 ethnicis
1433 2511 1456 2574 p!

342 2593 432 2666 nitur,
456 2591 557 2653 eadem
578 2593 710 2671 prolecto
733 2592 856 2652 deorum
879 2603 997 2655 statuae
1020 2591 1192 2655 odorentur
1213 2591 1307 2666 (idem
1317 2588 1455 2669 Apologus

342 2681 417 2755 tlh).
452 2677 529 2749 Quid
551 2676 678 2737 enimin
700 2677 743 2737 eis
766 2677 987 2755 deprehendere
1009 2683 1082 2750 erat,
1103 2681 1166 2738 nisi
1184 2680 1459 2761 matemautensem

341 2761 539 2824 vasculorum
558 2765 887 2841 instrumentorumque
909 2765 1121 2842 communium,
1154 2760 1202 2822 uel
1228 2779 1268 2822 em
1295 2759 1393 2822 eisdem
1409 2763 1464 2830 unt,

341 2858 371 2908 et
402 2850 611 2908 instrumentis
644 2849 732 2926 quusi
761 2847 861 2925 sutum
896 2849 1119 2908 consecratione
1149 2855 1300 2908 mutantes
1330 2843 1457 2904 licentiam

344 2931 585 3012 trunsfipurente
607 2929 692 3006 (ibid.
716 2949 779 3009 cap,
805 2929 891 3007 ¹2·)?
933 2929 1032 2990 Palam
1060 2929 1159 3008 itaque
1187 2928 1357 3008 pronunn'at
1375 2924 1456 3004 simui

341 3033 407 3076 rum
433 3019 593 3086 materies,
631 3014 693 3076 sive
721 3014 789 3094 igne
817 3023 847 3074 et
875 3014 991 3075 metalla
1018 3014 1124 3093 quibus
1152 3012 1200 3074 illa
1223 3013 1459 3090 faenerantem

292 3101 297 3110 ’
342 3100 434 3162 luisse
457 3107 542 3177 atque
564 3098 750 3160 vasculorum
773 3107 803 3159 et
824 3099 1098 3170 instrumentorum,
1121 3116 1196 3176 quae
1211 3096 1356 3159 communi
1370 3098 1458 3168 etun·

343 3201 400 3262 qne
428 3183 570 3244 vilissimo
599 3183 751 3244 hominum
779 3181 846 3242 usui
870 3181 1101 3244 destinabantur.
1144 3182 1247 3242 Fatum
1270 3182 1364 3260 itaque
1381 3182 1459 3239 asora

343 3285 426 3328 suam
448 3274 638 3340 mutaverant,
660 3267 787 3348 primum
810 3266 926 3345 quidem
949 3266 1069 3328 arbitrio
1092 3274 1122 3327 et
1141 3266 1262 3328 libidine
1284 3265 1408 3328 artificum
1421 3267 1459 3326 εἶν’

343 3350 401 3410 bns
424 3351 516 3412 efficta
538 3353 667 3424 buerant,
690 3370 723 3412 ae
745 3351 850 3413 deinde
871 3351 993 3413 ridicula
1015 3350 1255 3420 consecratione,
1285 3369 1339 3430 qna
1359 3347 1456 3426 demant

331 3441 427 3513 ,cepta
449 3444 584 3512 tanquam
606 3435 668 3496 reri
689 3436 730 3496 dii
752 3455 768 3497 a
790 3435 946 3515 gentilibus
969 3435 1148 3508 colebantur.
1194 3435 1254 3496 Sed
1275 3435 1346 3496 haee
1363 3428 1414 3491 olibi
1427 3425 1446 3481 lt-

342 3518 494 3598 prosecuti
523 3537 624 3580 sumus
655 3519 819 3593 (Dissertat.
848 3521 879 3580 in
900 3520 1010 3581 brnob.
1040 3536 1103 3599 cap.
1129 3521 1177 3582 19.
1206 3519 1267 3580 hrt
1296 3523 1337 3596 4.)
1371 3514 1458 3594 planu

342 3603 465 3665 lecimus
487 3621 573 3682 quam
594 3622 700 3665 resana
722 3613 752 3664 el
772 3604 899 3666 absurda
921 3604 961 3665 sit
981 3595 1064 3666 bae'o
1074 3605 1260 3666 ethnicorum
1282 3601 1382 3683 opinio.

429 3687 511 3760 Quae
540 3688 687 3749 enimvero
718 3688 811 3750 maior
837 3687 954 3750 infamia
984 3707 1051 3750 esse
1077 3696 1176 3769 potest
1204 3707 1291 3767 quam
1318 3685 1400 3748 divino
1415 3677 1457 3768 hrt?

340 3772 482 3854 prosequi
505 3771 587 3846 deos,
610 3774 663 3853 qui
680 3773 821 3849 metallis,
844 3773 939 3852 inquit
953 3772 1161 3846 Tertullianus
1185 3783 1345 3835 censentur
1363 3759 1455 3841 (rond

343 3858 497 3939 Apologet.
521 3875 584 3936 cap.
609 3860 684 3935 12.);
718 3857 950 3919 subaudiendum
977 3855 1165 3919 hauddubie
1188 3847 1404 3936 orte'etsucn‘l
1430 3842 1449 3936 lt

342 3944 417 4006 nalis
438 3959 565 4021 namque
587 3941 691 4003 eodem
712 3961 804 4002 sensu
825 3943 884 4008 boc
904 3941 1025 4003 verbum
1047 3946 1167 4004 censeri
1184 3941 1324 4013 adhibuit,
1344 3935 1386 3998 ubi
1398 3932 1455 3993 mu

250 4023 253 4037 '
492 4027 654 4089 Stemmata
675 4027 745 4108 quid
764 4024 908 4106 sonunt?
937 4028 1007 4108 qm'd
1025 4029 1159 4114 prodest,
1183 4026 1319 4096 Pontice,
1334 4023 1404 4100 lones

491 4111 645 4192 Sanquine
666 4110 807 4173 censeri?
827 4143 869 4156 -
890 4143 932 4156 -
953 4143 995 4156 -
1017 4141 1058 4154 -

1005 4195 1144 4269 (luvenal.
1169 4195 1255 4258 Satir.
1278 4193 1346 4255 vm.
1364 4207 1385 4248 t·
1403 4184 1429 4256 ll

424 4277 468 4340 nd
488 4279 561 4342 haee
580 4299 668 4354 vero,
697 4287 731 4340 ut
751 4281 823 4342 haee
844 4281 968 4341 deorum
990 4279 1144 4342 simulacra
1166 4299 1202 4342 er
1222 4278 1340 4341 metallis
1357 4273 1453 4350 dumbs

342 4361 541 4441 imperatoris,
575 4365 625 4444 qui
646 4365 752 4426 horum
775 4371 838 4440 erat
858 4365 1013 4439 dominus,
1045 4363 1191 4444 pendebat
1217 4363 1332 4426 arbitrio
1356 4345 1457 4448 (nunu

340 4446 494 4526 apologet.
516 4467 577 4528 cap.
599 4451 675 4528 Tb).
716 4448 776 4510 Pro
797 4449 876 4512 illius
898 4467 968 4530 ergo
990 4457 1063 4510 nutu
1084 4467 1118 4510 ac
1138 4449 1285 4511 voluntate
1305 4445 1339 4508 dii
1362 4438 1393 4501 illi
1413 4427 1457 4529 belet

341 4531 388 4592 vel
408 4530 624 4595 reiici'ebantur.
669 4534 794 4606 Quantis
816 4535 939 4614 insuper
961 4533 1146 4597 contumeliis
1168 4533 1204 4596 ab
1220 4520 1455 4596 'artificibusfisstll

340 4615 600 4697 lubricantmque?
641 4617 771 4682 Primum
800 4623 898 4695 eruci,
931 4619 973 4684 ait
994 4617 1191 4683 Tertullianus
1213 4619 1296 4699 (bin.
1316 4631 1367 4694 cap·
1385 4601 1458 4677 ppt
