3036 5230
478 421 612 465 sacroru
633 419 696 496 raa.
719 420 805 464 rura.
938 401 942 408 '
968 431 970 440 v
1191 407 1254 472 m

8 577 152 648 ropter
176 571 380 632 auctoritatem
401 569 584 649 Hieronymi.
627 569 706 630 lnlra
723 568 807 630 lacus
824 568 879 631 crit
893 571 1144 634 commemorandi
1159 573 1254 635 varim

4 655 217 732 conjecturas
246 655 282 716 ab
309 653 368 716 illis
397 654 567 733 propositas
594 653 652 714 lmc
674 653 797 714 consilio
819 663 854 714 ut
875 653 1059 717 adversarios
1081 674 1154 717 suos
1177 656 1254 718 Pro..

9 748 175 800 astantes
198 739 349 819 privarent
370 745 561 816 argumenta,
587 737 666 815 quod
689 737 861 799 Tertulliani
883 737 1050 820 exemplum
1072 739 1102 800 iu
1124 740 1256 801 lavarem

7 823 160 902 oningii
184 823 388 884 sacerdotibus
409 822 544 883 concessi
566 821 744 900 suppeditat.
776 831 781 842 ·

112 907 178 968 utta
200 907 337 985 quaestio
358 913 439 966 muta
460 914 507 966 est
522 906 558 966 de
573 906 650 976 loca,
674 905 724 965 ubi
740 905 939 969 Tertullianus
952 906 1254 986 presbyteri-munero

10 999 149 1051 unctus
178 991 233 1062 sit3
261 1000 361 1051 utrum
389 989 562 1067 Carthagine
591 1007 628 1050 an
653 989 774 1050 Hamae.
819 989 894 1049 Eum
921 991 1076 1069 aliquando
1104 989 1254 1052 habitasse

8 1075 218 1153 :arthaginn
241 1093 306 1136 cum
331 1093 366 1136 er
387 1073 559 1152 Hieronymi
580 1072 748 1134 narratione
770 1073 866 1152 anigi
889 1083 989 1152 potest
1009 1083 1072 1135 tum
1094 1075 1252 1136 coufirma-

10 1177 69 1219 ur
105 1159 285 1238 quibusdam
311 1155 400 1220 locisi
427 1157 491 1219 cius
513 1157 669 1218 librorum.
712 1155 834 1218 illirius
857 1157 959 1218 statuit
980 1159 1169 1238 opinionem,
1196 1177 1254 1237 qus
1280 1211 1289 1218 .

4 1242 191 1321 .·resbyter.
207 1242 347 1303 ecciesiae
362 1243 512 1302 Homauaa
527 1241 619 1303 luisse
636 1247 765 1319 putatur,
789 1241 933 1319 originem
948 1243 1058 1304 debere
1071 1243 1254 1324 Hieronymo

10 1327 168 1400 radenti,
191 1326 329 1388 iuvidiam
352 1335 382 1386 et
401 1325 690 1388 abusus·clericatus
705 1324 830 1385 Humani
848 1343 914 1386 eum
930 1326 1094 1405 impulisse,
1117 1336 1151 1389 ut
1164 1328 1252 1390 Han·

12 1389 87 1472 affl
118 1419 219 1489 partes
248 1411 483 1489 amplecteretur.
529 1407 676 1488 Optatus*
704 1417 733 1470 et
760 1410 878 1470 auctor¹
908 1405 1038 1472 libri'de
1060 1411 1252 1487 Haeresibus,

10 1513 118 1574 quem
141 1494 319 1556 Sirmoudus
348 1493 403 1555 sub
426 1491 638 1554 Praedestiuati
667 1492 787 1554 numine
809 1493 915 1566 edidit,
944 1513 1012 1555 eum
1035 1496 1147 1558 diserte
1168 1506 1254 1560 vacat

11 1579 234 1657 »resbyterum
264 1578 543 1656 Carthaginiensem.
595 1576 744 1638 semlerus
777 1584 875 1638 umen
904 1578 935 1638 iu
962 1579 1176 1642 Dissertatiaue
1203 1581 1252 1642 iu-

4 1671 108 1724 .erta
133 1662 254 1723 editioni
279 1681 402 1742 operum
425 1661 597 1722 Tertulliani
620 1665 658 1736 (o.
677 1664 720 1735 2.)
742 1662 904 1732 contendit,
928 1681 995 1723 eum
1017 1663 1111 1725 luisse
1126 1665 1253 1746 presby·
1338 1733 1348 1750 κ

17 1765 126 1808 erum
155 1747 297 1808 ecclesiae
319 1747 479 1808 Humanae.
522 1746 552 1806 ls
574 1745 618 1804 sic
641 1753 876 1823 argumentatur:
905 1745 1019 1808 Scimus
1041 1747 1253 1810 Tertullianum

12 1835 156 1893 lamam
177 1831 300 1902 visisse3
328 1830 460 1908 loquitur
480 1829 587 1890 euim¹¹²
614 1829 651 1889 de
673 1829 847 1908 prolusione
869 1849 1051 1907 gemmarum
1074 1841 1102 1892 et
1123 1833 1254 1914 lapidum

14 1915 247 1983 aretiosarom,
276 1933 364 1992 quam
390 1913 432 1975 ibi
460 1913 574 1974 viderit.
617 1913 784 1974 Eusebium
812 1912 899 1974 nubis
921 1923 1037 1988 narrat,
1066 1935 1133 1976 eum
1155 1917 1253 1996 legum

4 2004 230 2072 ¹Romanarum
258 1997 469 2077 peritissimum
497 2006 527 2059 et
547 1997 613 2058 aliis
636 1998 667 2058 in
689 1995 779 2058 rebus
802 1997 951 2058 hominem
972 1999 1118 2061 illustrem
1140 2000 1253 2062 Hamae

4 2084 134 2158 juisse.
182 2083 357 2143 Praeterea⁰
384 2082 534 2162 quamodo
556 2081 687 2143 ,ecclesia
714 2081 845 2144 Romana
879 2082 972 2161 egerit
1004 2081 1144 2145 aduersus
1172 2085 1252 2158 liar,-

4 2171 146 2232 ‚sionem
168 2174 198 2226 et
220 2167 413 2240 Valentinum,
437 2167 486 2246 qui
510 2166 580 2227 olim
603 2166 630 2226 ci
653 2166 760 2227 addicti
782 2167 911 2235 luerunt,
936 2174 993 2226 tam
1016 2175 1150 2228 accurate
1172 2169 1256 2230 norit

11 2271 117 2332 quam
146 2251 191 2311 vix
220 2259 336 2328 poterat
363 2251 406 2323 is,
438 2250 490 2329 qui
512 2269 573 2311 uon
594 2251 660 2329 ipse
682 2250 760 2310 inter
781 2250 844 2310 eius
865 2251 1057 2330 presbyteros
1078 2261 1253 2314 numeratus

9 2338 146 2398 luisset
197 2336 271 2395 Tota
291 2334 365 2396 haec
386 2336 521 2414 quaestio
542 2334 624 2414 parvi
651 2334 793 2395 momenti
816 2344 864 2394 est
884 2353 980 2414 neque
1002 2343 1174 2414 argumenta
1196 2334 1258 2416 pm'

8 2422 168 2484 alterutra
198 2419 337 2496 opinione
365 2419 502 2486 videntur
525 2429 583 2480 tum
607 2418 642 2479 ud
665 2418 903 2497 persuadendum
925 2426 992 2499 apta
1014 2437 1098 2493 esse,
1128 2427 1160 2481 ut
1181 2421 1253 2482 certi

4 2503 188 2585 'quidquam
211 2502 301 2563 statui
323 2511 420 2580 queat.
464 2503 615 2565 Scmlerus
637 2503 765 2574 coniicit,
782 2503 992 2563 Tertullianum
1008 2511 1202 2582 posteaquam
1217 2521 1252 2565 ex

7 2588 153 2652 ecclesia
176 2585 345 2657 secesserit,
368 2585 491 2647 Romam
513 2584 671 2664 reliquisse
693 2595 722 2645 et
745 2585 949 2664 Carthaginem
972 2605 1124 2647 reversum
1146 2606 1224 2648 esse.

116 2671 312 2749 Hieronymus
340 2687 396 2730 uos
424 2688 485 2730 nan
514 2669 602 2729 docet
628 2669 755 2729 tueritne
777 2669 975 2730 Tertullianus
1003 2669 1172 2730 chcistianis
1198 2689 1252 2748 pa-

9 2755 164 2820 rentibus
199 2765 286 2816 uatus
318 2772 354 2814 an
384 2771 546 2814 conversus
573 2753 610 2812 ad
638 2752 725 2812 fidem
754 2753 954 2812 christianam.
1005 2749 1112 2812 Extant
1137 2752 1194 2813 loci
1222 2753 1253 2814 iu

12 2844 95 2905 eius
120 2839 272 2919 scriptrisc
301 2837 351 2916 qui
373 2837 461 2898 fidem
484 2838 579 2897 lacere
600 2835 770 2907 rideantur,
799 2854 865 2896 cum
887 2835 979 2896 luisse
1000 2835 1155 2913 gentilem:
1187 2837 1252 2897 lar-

13 2938 110 2990 tassc
140 2934 235 2985 tamen
262 2941 348 2983 meus
376 2921 440 2982 eius
469 2922 542 2982 haec
565 2929 628 2991 est,
656 2931 689 2979 ut
711 2919 860 2980 describat
879 2937 940 2978 raon
963 2937 1038 2996 quae
1059 2918 1155 2998 ipsius
1178 2937 1252 2980 cou-

13 3009 109 3074 dicia
135 3007 238 3078 luerit,
256 3006 310 3067 sed
332 3024 406 3084 quae
428 3006 459 3066 iu
482 3004 652 3066 uuiversum
677 3002 717 3064 sit
737 3003 888 3082 gentilium
911 3011 977 3064 aute
1000 3021 1104 3064 earum
1127 3018 1253 3064 conver-

14 3097 157 3158 sionem.
199 3090 320 3151 Altinius
343 3099 373 3150 ct
391 3090 528 3169 plerique
549 3095 814 3148 commentatorum
837 3105 891 3151 ens
913 3105 1004 3148 seusu
1024 3087 1142 3148 litterali
1164 3087 1253 3148 intel-

12 3181 141 3257 ligunt,
168 3174 291 3253 perinde
318 3183 405 3253 atque
427 3174 502 3236 alios
524 3172 667 3251 quosdam
689 3170 790 3232 iocosa
823 3171 930 3252 quibus
953 3171 991 3232 de
1011 3171 1074 3232 suis
1095 3169 1252 3232 iufirmita-

15 3265 111 3328 tibus
134 3267 163 3320 et
183 3259 325 3337 pravitate
347 3259 489 3337 loquitur.

118 3342 327 3404 Tertullianum
356 3343 494 3404 floruisse
516 3359 550 3402 ea
572 3347 666 3400 aetate
689 3357 775 3418 quam
798 3338 996 3418 Hiemnymus
1019 3337 1155 3412 denotat,
1183 3337 1202 3398 i.
1225 3357 1252 3400 a.
1342 3360 1346 3368 ‘

18 3426 259 3508 imperatoribus
276 3425 386 3488 Severo
409 3435 439 3488 et
452 3425 602 3487 Antonino
619 3423 763 3486 Caracalla
786 3423 848 3484 sire
870 3423 946 3484 intra
969 3440 1064 3484 annos
1080 3423 1203 3486 exciit.
1224 3431 1256 3484 et

21 3512 162 3584 ccxli,
184 3511 279 3593 ipsius
296 3511 403 3591 scripta
418 3519 582 3582 laetantum
604 3527 702 3588 neque
716 3517 813 3568 umen
829 3507 866 3568 iis
882 3515 1015 3568 uenuste
1030 3508 1190 3570 edocemur
1204 3515 1256 3572 aut

23 3601 72 3663 de
93 3615 167 3658 auno
190 3597 255 3658 aius
278 3596 413 3658 natalicio
435 3604 487 3657 aut
507 3595 545 3656 dc
566 3594 624 3654 ulla
647 3593 783 3671 gravime
796 3593 873 3654 ritae
887 3591 1101 3654 vicissitudine.
1132 3590 1257 3651 Altinius

70 3751 86 3799 i.
104 3749 136 3796 lle
153 3747 227 3796 Pallio
247 3748 302 3796 cl.
321 3747 389 3812 Apol.
409 3746 465 3796 eil.
485 3745 616 3810 Scarpiana
667 3745 759 3808 stipsi
783 3749 844 3794 retra
868 3745 970 3805 suinae,
989 3745 1066 3802 cocci,
1094 3743 1145 3790 sinc
1164 3741 1255 3790 domiai

30 3836 55 3869 c.
71 3815 94 3865 6.
113 3816 145 3862 lle
163 3815 217 3862 Has.
237 3812 421 3862 Carnium-12.
668 3811 762 3870 laniae,
787 3817 871 3859 solaro
897 3816 962 3857 tenos
986 3815 1078 3857 norunt.
1114 3807 1148 3856 lla
1167 3805 1254 3855 Poeni-

69 3899 82 3947 Ι(
109 3897 162 3944 gg„
181 3895 393 3946 pymgnygnumy
425 3895 436 3944 1
668 3877 742 3925 tentio
761 3891 782 3925 c.
802 3877 825 3924 1.
850 3875 921 3926 Nullis
940 3881 1015 3924 autern
1038 3882 1059 3923 et
1082 3877 1255 3925 sinuationem

69 3935 211 4042 l·Csp.2tl.
397 3929 404 3944 ⁸
440 3929 447 3944 ⁶
668 3949 739 4008 patet,
758 3945 784 3992 ia
801 3959 847 4007 qua
865 3949 886 3992 et
903 3943 989 3991 maesti
1008 3956 1095 3992 aanor.
1138 3941 1171 3989 lls
1190 3939 1253 4001 Toga

317 4061 323 4072 ‚
671 4009 695 4058 in
714 4010 808 4060 Perseo.
827 4025 848 4059 e.
867 4008 891 4058 6.
914 4010 942 4058 Bt
959 4010 1074 4068 adiacet,
1097 4009 1159 4073 quad
1175 4021 1254 4056 ramses

70 4079 102 4114 ⁰¹·
120 4063 151 4112 ⁰⁰
169 4063 238 4112 mm
257 4061 409 4110 Femmmm
428 4061 446 4110 ¹·
466 4059 489 4110 7·
516 4060 618 4130 cmm.
668 4093 719 4126 aas.
755 4077 810 4126 tdr.
830 4075 962 4125 Hsrcrlll.
982 4073 1022 4124 at.
1041 4075 1103 4125 Hora
1122 4075 1254 4123 muceri-

30 4147 87 4184 raau
104 4147 191 4195 qaoque
207 4131 352 4180 nobilitatem
369 4129 618 4179 uidimusllomoratc.
669 4145 742 4194 m,
759 4145 901 4208 ,ἥψω
920 4144 949 4191 gg
966 4143 1049 4191 mm}
1066 4143 1160 4206 ΜΝ,
1183 4139 1253 4203 3901,

71 4230 94 4264 n.
111 4213 175 4263 Eccl.
193 4213 252 4262 Hist.
272 4213 301 4263 ll.
320 4211 343 4262 2.
362 4211 414 4263 Hac
431 4219 511 4262 umen
531 4219 617 4262 ootsn-
669 4226 690 4261 r.
702 4211 741 4260 ts.
760 4199 803 4260 His
821 4209 1035 4272 lacisllodgsonns
1050 4209 1116 4258 addit
1132 4210 1254 4271 dsSpact.

34 4285 94 4335 dum
112 4289 154 4338 est,
172 4280 290 4330 valesium
315 4281 425 4344 exemplo
443 4279 521 4330 Rufini
546 4279 616 4328 rerba
668 4293 689 4328 c.
710 4278 750 4328 ta.

32 4348 93 4400 τῶν
113 4341 229 4414 μάλιστα
252 4339 296 4396 tna
310 4339 414 4414 Ῥώμης
429 4342 564 4412 λαμπρῶν
587 4346 618 4395 its
703 4361 727 4410 q.
746 4343 779 4394 ne
797 4343 869 4394 Cultu
886 4343 953 4393 Tem.
972 4342 1001 4392 ll.
1021 4342 1044 4392 l.
1068 4342 1103 4392 lle
1121 4342 1175 4392 ltes.
1193 4341 1254 4391 Car·

35 4417 180 4470 intellexisse
194 4415 371 4476 utsigniliaant,
390 4415 566 4465 Tertullianum
576 4427 618 4463 sx-
669 4414 708 4464 nis
726 4429 747 4462 a.
766 4411 807 4461 59.
831 4413 866 4462 lle
885 4409 1032 4460 Paenitentia
1051 4409 1076 4460 4.
1090 4407 1130 4458 tt.
1155 4409 1190 4458 lla
1208 4408 1255 4458 ee·

35 4486 147 4538 calluisse
164 4484 227 4534 inter
244 4483 377 4546 scriptores
394 4481 500 4531 Latinos.
668 4481 752 4530 tientie
770 4495 791 4530 r.
812 4479 834 4528 t.
858 4478 885 4527 ln
904 4479 967 4527 libro
985 4477 1016 4526 de
1033 4475 1172 4527 idololatris
1190 4491 1211 4526 c.
1228 4473 1254 4524 t.

72 4569 94 4602 a.
112 4549 530 4614 llsPrsescriptianaHaeretiearum
546 4545 617 4598 aaa.
670 4549 700 4599 de
724 4551 803 4596 semet
826 4547 879 4609 ipss
897 4547 943 4596 ait:
971 4545 1001 4594 Et
1018 4545 1075 4609 qaid
1092 4559 1133 4607 epa
1150 4545 1258 4595 maces

70 4635 97 4685 p.
111 4619 535 4682 Pumitentianalsaegeuartomim,
556 4617 619 4680 quad
668 4615 791 4666 menariae
809 4609 898 4664 lanai
988 4611 991 4624 '
