3114 5240
153 334 161 342 .
259 282 320 346 110
352 297 543 341 ntsssnrsrtn
559 297 589 338 tn
604 295 651 347 Qll.
668 293 751 338 SEPT.
766 291 852 337 FLOR.
869 291 1303 337 rnxrvtutstttxnotonsttctnt
1319 293 1404 335 CBTT.

257 453 360 520 edon,
395 447 499 527 inquit,
531 445 668 517 Severus,
699 453 791 526 pater
814 447 965 515 Antonini,
999 443 1243 506 Christianorum
1274 461 1387 506 memor
1408 445 1481 524 fuit

256 533 391 614 (Tertrdl.
422 531 471 595 lib.
501 531 835 610 nuncupatione).
888 529 964 590 Nam
995 541 1025 593 et
1057 527 1222 604 Proculum
1253 527 1476 602 Christianum,

255 622 309 702 pai
331 615 498 699 Torpacion
519 617 792 696 capnoninabatnr,
815 612 969 677 Euchadiae
987 625 1237 694 procuratoren-
1253 618 1306 695 aui
1325 631 1392 675 eum
1411 633 1479 696 per

256 702 355 766 oleum
375 700 538 783 aliqnando
560 712 730 771 curaverat,
754 704 918 780 requisivit,
942 708 970 760 et
990 703 1023 760 in
1042 699 1158 779 palatio
1181 716 1237 761 suo
1260 697 1363 760 babuit
1376 718 1480 782 usque

254 789 294 850 od
315 799 442 850 mortem
463 789 536 862 eius,
559 804 642 866 quem
664 797 692 847 et
714 789 884 847 Antoninus
907 787 1016 863 optime
1036 795 1178 852 noverat,
1202 782 1278 846 lacte
1299 783 1473 846 christiano

255 874 409 936 educatus.
438 871 576 933 &tamur
596 887 712 949 quoqne
734 869 841 931 nullam
863 869 893 929 ia
915 868 1104 946 apologetico
1126 867 1283 948 florilegio
1305 867 1340 928 ab
1363 869 1477 930 eodem

254 957 365 1020 Serere
386 956 418 1016 in
440 955 620 1017 Christianos
643 956 771 1016 sancitae
793 953 982 1016 mentionem.

339 1041 446 1104 Veram
469 1057 528 1101 non
551 1040 619 1101 inde
640 1049 720 1102 certo
743 1040 877 1102 concludi
898 1056 987 1117 posse
1002 1045 1138 1117 putamus
1153 1037 1235 1098 illum
1250 1036 1361 1100 editum
1375 1038 1475 1102 baisse

253 1135 410 1206 postquam
432 1125 576 1187 Caracalla
608 1143 684 1186 anno
707 1125 802 1186 CCXI.
825 1124 906 1184 solus
929 1123 1075 1202 imperare
1097 1123 1263 1202 coepisset,
1292 1129 1377 1202 atque
1400 1125 1473 1186 eth-

253 1211 312 1274 nici
341 1229 377 1272 eo
407 1212 464 1272 iam
491 1219 630 1288 regnante
657 1209 687 1270 in
720 1205 903 1271 Christianos
926 1225 1031 1268 omnes
1053 1207 1255 1269 crudehssime
1277 1207 1414 1296 inurebant
1436 1227 1475 1272 ac

253 1296 477 1358 bacchabantur.
523 1296 632 1356 Tantus
654 1294 762 1374 quippe
784 1305 846 1356 erat
867 1293 1052 1354 ethnicorum
1074 1292 1104 1352 in
1127 1309 1179 1352 eos
1201 1293 1294 1366 furor,
1316 1300 1350 1353 ut
1369 1291 1396 1354 is
1415 1313 1474 1355 so-

252 1381 298 1443 h1s
321 1399 354 1443 ac
375 1399 467 1442 vanus
488 1389 617 1440 veterum
639 1380 735 1460 legum
756 1387 924 1459 praetextus
946 1377 1022 1456 ipsis
1042 1376 1473 1456 adquoslibetnunquamnon

254 1465 464 1528 excruciandos
491 1455 648 1526 suffecerit.
692 1465 792 1544 Neque
822 1464 851 1525 id
879 1483 902 1524 a·
923 1461 1010 1524 nobis
1031 1471 1144 1523 temere
1165 1462 1294 1538 tingitur.
1338 1461 1470 1526 Eosdem

254 1551 403 1612 enimvero
427 1549 549 1628 gentiles
561 1549 759 1611 Tertullianus
780 1557 885 1610 noster
906 1549 952 1610 his
975 1547 1129 1626 compellat
1150 1546 1261 1608 serbis:
1288 1545 1411 1621 Quoties
1434 1553 1468 1611 in

256 1635 447 1698 Christianos
470 1636 635 1706 desaevitis,
655 1641 771 1713 partr'rn
793 1637 899 1696 animis
918 1635 1066 1714 propriis,
1086 1635 1201 1713 partim
1224 1631 1335 1711 lepidus
1353 1633 1466 1696 obtem-

250 1711 416 1801 perantes}
462 1717 585 1792 Quoties
615 1721 717 1789 etiarn
741 1721 918 1800 praeteritis
946 1717 1043 1789 volis,
1073 1735 1128 1778 suo
1151 1721 1218 1778 iure
1241 1735 1296 1780 nos
1316 1721 1470 1779 inimicum

253 1804 363 1883 vulpaus
382 1805 500 1866 invadit
523 1801 670 1883 lapidibus
694 1814 723 1863 et
743 1798 909 1865 incendiis!
951 1801 1031 1881 Ipsis
1046 1801 1279 1863 bacchanalium
1298 1803 1393 1882 furiis
1416 1821 1472 1864 nec

252 1892 383 1950 mortuis
402 1899 535 1970 parerent
552 1887 742 1962 Christianis,
765 1891 836 1969 puin
858 1887 928 1949 iilos
952 1888 986 1948 de
1009 1893 1109 1967 reqvie
1125 1887 1308 1967 sepulturae,
1332 1888 1367 1948 de
1381 1889 1471 1967 asylo
1498 1929 1503 1940 ·

254 1975 380 2056 prodam
400 1975 510 2034 mortis
532 1976 591 2033 iona
612 1972 704 2041 alios,
727 1977 787 2033 ianr
807 1991 860 2034 nea
883 1983 971 2042 totos,
994 1971 1145 2042 avellant,
1169 1972 1328 2044 dissecent,
1353 1973 1474 2034 distra-

254 2059 328 2120 hant
355 2056 536 2130 (Termlfian.
566 2057 716 2136 apologet
746 2075 808 2135 cap.
831 2059 881 2122 36.
910 2071 974 2135 pag.
999 2059 1093 2128 ass-t.
1136 2053 1226 2116 Paulo
1257 2063 1354 2116 autem
1384 2057 1472 2136 prius

128 2205 134 2218 κ
253 2143 301 2205 illc
323 2141 450 2202 dixerat:
475 2141 533 2204 Nec
548 2143 606 2202 ulii
618 2145 712 2220 napis
728 2141 966 2222 depostulatores
983 2140 1234 2212 Christianorum,
1257 2159 1345 2222 quarn
1359 2141 1473 2220 vulpus

255 2227 347 2294 tidem
370 2245 432 2306 cap.
456 2229 506 2291 35.
528 2244 593 2306 pag.
609 2229 704 2298 osto,
726 2243 842 2287 caecum
864 2243 971 2304 nempe
993 2234 1022 2286 et
1043 2243 1194 2298 vesanum,
1217 2225 1295 2305 quod
1318 2243 1371 2286 sna
1392 2245 1470 2307 prn-

255 2311 391 2374 culdubio
414 2310 495 2372 rabie
528 2329 561 2372 ac
582 2310 711 2390 ingenito
734 2311 817 2389 quasi
840 2313 953 2382 furore,
978 2311 1056 2372 nullo
1080 2317 1176 2370 aretem
1199 2311 1295 2388 legum
1316 2313 1470 2455 praesori-

253 2405 303 2476 pto
327 2397 363 2456 n'd
384 2397 532 2457 vexandos
554 2396 760 2474 necandosque
775 2395 955 2457 Christianos
978 2394 1133 2457 ferebatur.
1163 2395 1226 2456 Huc
1248 2413 1314 2456 ame
1334 2395 1368 2468 it,
1388 2397 1472 2476 quod

253 2481 361 2542 ethnici
389 2481 420 2542 in
450 2498 502 2541 eos
529 2480 723 2541 refundebant
751 2480 933 2561 publicarum
963 2480 1092 2540 omnium
1122 2479 1315 2542 calamitatum
1338 2499 1469 2543 causam.

253 2565 308 2627 Ubi
337 2564 425 2644 igitur
453 2565 547 2643 aliqua
574 2563 742 2640 accidisset,
772 2573 832 2626 tum
862 2565 1033 2635 confestim,
1062 2573 1137 2627 teste
1158 2565 1253 2626 adhuc
1274 2563 1469 2641 Tertulliano,

197 2721 200 2726 ¹
254 2650 488 2712 conclamabant:
513 2650 699 2712 Christianos
722 2651 761 2711 ad
784 2651 897 2712 leonern
918 2649 1002 2723 (ibid.
1026 2667 1088 2728 cap.
1112 2652 1185 2724 tn).

338 2735 425 2796 ddirc
445 2743 544 2795 tamen
565 2734 651 2796 nohis
673 2735 807 2796 videmur
828 2734 963 2814 aliquem,
986 2734 1034 2814 qisi
1057 2733 1153 2796 adhuc
1172 2733 1293 2794 instabit
1307 2734 1380 2796 haec
1393 2733 1470 2796 alia-

254 2837 310 2900 que
331 2821 414 2899 plura
436 2820 466 2880 in
489 2819 746 2899 hoohpologetirc
769 2838 828 2879 non
851 2820 984 2898 potuisse
1006 2819 1041 2878 ab
1057 2820 1182 2880 Auctore
1203 2829 1307 2880 nostro
1330 2820 1470 2893 describi,

253 2905 390 2984 quamdin
413 2903 540 2966 Severus
569 2903 727 2983 imperator
755 2904 824 2966 farit
845 2903 1019 2965 Christianis
1047 2923 1102 2965 nec
1135 2903 1221 2965 ullam
1250 2905 1390 2965 adversus
1414 2923 1469 2966 eos

252 2989 347 3067 legem
369 2990 497 3051 dederat.
541 2989 647 3050 Verum
669 2989 694 3050 si
717 2989 825 3051 nullius
848 2989 920 3068 legis
942 2988 978 3049 ab
1001 3007 1036 3049 eo
1060 2987 1133 3050 latae
1153 2990 1264 3052 humor
1284 2997 1384 3050 noster
1397 3007 1466 3049 me-

252 3074 353 3145 minit,
382 3074 410 3133 id
440 3073 500 3133 alii·
515 3073 551 3133 de
580 3073 721 3134 industria
743 3075 849 3136 factum
873 3093 939 3134 esse
961 3073 1136 3152 opinantur,
1165 3091 1203 3136 ne
1225 3075 1316 3151 magis
1338 3073 1470 3136 irritaret

253 3157 379 3218 virentis
408 3165 479 3217 tnnc
506 3157 693 3235 imperatoris
720 3157 865 3229 animum,
895 3158 947 3219 sed
975 3157 1087 3222 facilius
1109 3158 1146 3219 ad
1167 3159 1314 3220 saniorem
1337 3166 1469 3220 mentem

253 3240 334 3302 illurn
355 3258 492 3301 revocare
513 3249 625 3320 posset.
966 3291 975 3300 ,

338 3325 378 3386 Ea
407 3342 496 3404 porro
525 3335 594 3386 sunt
615 3325 757 3386 rationum
779 3336 927 3387 uramenta
949 3327 1054 3406 quibus
1077 3327 1210 3388 diversae
1232 3327 1268 3390 dc
1290 3327 1376 3389 huius
1398 3327 1468 3390 libri

253 3417 347 3472 aetate
369 3409 524 3488 opiniones
545 3409 716 3470 innituntur.
760 3410 795 3470 ht
816 3411 854 3471 iis
878 3411 980 3472 sedulo
1003 3411 1154 3490 expensis,
1177 3412 1203 3473 si
1225 3413 1298 3473 haec
1317 3413 1470 3491 posterior

252 3493 316 3556 aliis
349 3494 556 3576 praeponenda
586 3493 640 3555 tihi
668 3494 815 3568 rideatur,
849 3496 995 3557 fatendum
1025 3505 1070 3557 est
1091 3497 1169 3557 hunc
1189 3496 1295 3559 librum
1317 3495 1468 3576 vulgatum

252 3580 344 3642 fixisse
371 3589 441 3659 post
467 3577 619 3641 excitatam
641 3579 677 3640 ab
700 3579 802 3640 eodem
826 3579 935 3641 Severo
958 3581 1097 3642 adversus
1121 3581 1301 3642 Christianos
1322 3599 1467 3661 persecu-

252 3665 381 3737 tionem,
411 3682 471 3725 non
500 3664 617 3743 quidem
645 3681 722 3740 anna
752 3663 884 3725 cxcvii.
908 3663 1141 3738 retexerat,
1165 3675 1198 3727 ut
1219 3666 1335 3746 quidam
1357 3667 1469 3729 husa-a

253 3751 420 3829 opinantur,
443 3749 494 3811 sed
517 3765 593 3809 anno
610 3747 704 3820 cett,
726 3749 873 3828 quoidam
889 3749 1016 3811 Severus
1039 3751 1118 3829 leges
1140 3750 1170 3810 in
1193 3771 1244 3812 aas
1267 3769 1367 3812 revera
1389 3769 1466 3813 con-

252 3835 326 3896 didit
347 3844 377 3896 et
398 3835 553 3906 decimum,
575 3843 608 3894 nt
629 3833 669 3894 ait
690 3833 849 3907 Eusebius,
881 3834 996 3914 imperii
1018 3834 1064 3896 sui
1087 3853 1196 3896 annum
1218 3836 1321 3915 agebat
1342 3835 1465 3910 (Euseb.
1504 3878 1508 3888 ·

253 3919 302 3979 lib.
325 3919 371 3979 VI.
394 3919 505 3980 Eccles.
527 3919 601 3980 Hist
624 3937 686 3997 cap.
710 3922 739 3982 2.
761 3937 826 3998 pag.
852 3922 921 3982 101.
944 3927 973 3980 et
995 3925 1099 3998 seqq.).

336 4002 373 4063 ht
402 4003 427 4064 si
460 4004 525 4083 quis
553 4001 662 4064 iudicet
688 4021 749 4063 non
778 4003 848 4064 satis
875 4002 967 4064 valida
994 4021 1060 4066 esse
1082 4005 1169 4066 huius
1192 4005 1339 4084 opinionis
1361 4005 1464 4068 firma-

252 4095 361 4161 menta,
383 4086 409 4148 is
432 4097 509 4149 certe
531 4105 592 4149 non
614 4087 784 4149 diffitebitur
806 4107 840 4149 ex
861 4087 924 4160 his,
947 4105 1021 4166 nerse
1042 4087 1128 4168 paulo
1150 4097 1217 4150 ante
1239 4089 1464 4164 annotabamus,

251 4179 332 4233 recte
359 4173 489 4250 profecto
519 4163 614 4252 colligi
641 4191 730 4252 posse
757 4173 836 4234 hunc
856 4171 1024 4234 Tertulliani
1050 4172 1156 4234 librum
1185 4174 1215 4236 in
1237 4175 1330 4236 lucem
1353 4173 1390 4235 ab
1414 4175 1464 4237 illo

253 4256 394 4318 emissum
415 4255 505 4318 baisse
527 4257 623 4337 aliquo
645 4257 818 4336 posthlhini
833 4274 935 4318 necem
950 4265 1091 4336 tempore,
1114 4257 1144 4319 id
1167 4268 1213 4321 est
1234 4266 1303 4338 post
1317 4258 1462 4335 cxcvii,

252 4340 498 4421 quemadmodum
525 4342 760 4416 observavimus,
792 4341 899 4404 Christi
920 4359 1038 4405 annum.
1083 4341 1227 4416 Quoniam
1250 4363 1321 4404 vero
1343 4344 1463 4406 Tertul-

252 4427 347 4488 lianus
377 4425 486 4491 ibidem
508 4426 649 4505 significat
670 4445 824 4508 repressos
846 4427 938 4489 fuisse
959 4427 1087 4489 maiores
1109 4428 1244 4489 lanionis
1265 4427 1343 4491 illius
1365 4428 1464 4508 impe·

252 4519 310 4586 tris,
331 4529 366 4574 ac
386 4509 525 4598 quasdam
546 4518 658 4573 natam
679 4511 860 4592 superfuisse
881 4511 994 4574 illamam
1015 4511 1170 4592 reliquias,
1197 4511 1266 4575 inde
1294 4529 1366 4576 sane
1388 4532 1464 4577 cvn-
