3196 5250
349 489 351 499 Ι
471 417 604 463 aaaron
626 417 684 467 mn
707 417 744 464 aa
766 417 892 466 noant.
1227 401 1299 472 tttb

87 563 229 628 fflllll.
252 585 318 630 ann.
341 568 437 648 bugd.
463 567 530 630 Non
553 571 675 632 omnino
703 515 828 634 tersitan
857 572 949 646 male3
985 591 1051 634 nam
1074 573 1181 636 Strabo
1203 589 1298 636 mem·

88 649 187 711 tionem
214 651 282 713 lacit
308 653 420 717 iosuae
447 654 526 731 Κῶς
547 655 665 730 (Strabo
688 656 738 717 lib.
761 657 798 717 ll.
822 657 928 736 Geogr.
952 675 1017 738 pag.
1043 660 1102 722 tun
1126 666 1156 719 et
1175 657 1233 721 tib„
1250 657 1285 722 X.

87 751 144 812 pag.
166 737 260 814 489),
284 736 360 799 sient
382 739 490 800 etalii.
533 741 641 802 Verum
664 741 781 820 quidam
802 759 859 804 nos
880 750 1058 804 monuerunt
1078 743 1109 804 in
1131 743 1290 808 Eusebiani

88 818 213 881 chronici
241 829 321 883 textu
343 823 485 902 scriptam
512 825 543 886 in
567 826 681 905 cypro,
715 826 803 906 idque
825 827 952 888 Senem
979 825 1150 890 testimonio
1178 829 1289 888 contir-

84 921 158 964 mare
178 905 321 968 nituntur.
351 907 482 987 Denique
504 908 622 988 quidam
644 910 783 991 suspicati
804 919 874 973 sunt
895 911 1107 973 Tertullianum
1129 911 1289 992 scripsisse

87 987 144 1058 Cen,
166 989 297 1071 beneque
320 991 554 1054 emendationem
575 994 696 1074 probari
717 1010 808 1075 posse
829 1005 934 1076 putant
953 996 1001 1059 bis
1014 996 1101 1059 Plinii
1116 996 1228 1058 verbis:
1252 1015 1291 1059 ear

82 1073 176 1134 maele
194 1076 251 1138 Gen
274 1077 403 1156 amplius
427 1083 553 1157 tristata
573 1079 670 1141 attae
689 1099 837 1162 paseaum
858 1082 989 1163 abrupta
1010 1084 1108 1144 sabato
1131 1101 1198 1144 aum
1218 1081 1291 1162 ple-

83 1159 162 1221 rr'au'e
188 1161 364 1224 mortalium
392 1168 497 1242 rapuit
517 1161 603 1238 (Plin.
626 1163 675 1225 lib.
699 1164 735 1225 ll.
757 1163 859 1226 Natur.
882 1165 956 1228 lbet.
979 1185 1042 1245 cap.
1066 1168 1141 1242 92).
1185 1165 1291 1228 Nonne

81 1249 171 1304 antem
192 1245 261 1306 baio
283 1247 467 1309 coniecturae
489 1247 607 1308 roboris
629 1248 737 1328 aliquid
759 1249 827 1310 inde
848 1251 975 1324 accedet,
998 1251 1076 1330 quod
1092 1259 1196 1330 postea
1211 1251 1290 1313 idem

81 1324 184 1389 Plinius
206 1330 346 1392 observat
370 1332 425 1393 Cos
453 1349 470 1392 a
498 1331 637 1412 Staphyla
660 1333 748 1396 Ceam
770 1334 908 1415 appellari
930 1334 1016 1407 (lbid.
1031 1335 1080 1397 lib.
1097 1335 1130 1395 V.
1146 1353 1209 1416 cap.
1226 1334 1290 1412 tbi?

81 1409 134 1471 Sed
155 1414 264 1476 certius
286 1415 480 1494 proculdubio
504 1416 533 1477 id
556 1417 736 1492 stabilietur,
771 1418 797 1480 si
819 1419 939 1498 probari
961 1420 1058 1500 possit
1078 1419 1290 1484 Tertullianum

80 1495 113 1554 ad
132 1496 215 1559 Plinii
238 1501 407 1579 respexisse
428 1500 532 1562 libros.

154 1583 191 1644 tt
219 1593 301 1645 certe
329 1585 367 1646 ad
394 1604 461 1648 eum
484 1585 658 1648 collineasse
680 1587 795 1649 videtur
817 1605 883 1648 eum
905 1586 993 1649 dixit:
1032 1587 1180 1650 Memorat
1202 1587 1289 1651 Plato

77 1669 211 1730 maiorem
233 1671 325 1731 Asiae
352 1671 400 1731 oel
420 1672 543 1749 Africae
572 1683 686 1733 terram
714 1671 864 1735 Atlantico
892 1677 974 1734 mori
992 1683 1125 1752 ereptam
1154 1673 1288 1744 (Tertull.

77 1747 192 1830 Apolog.
215 1773 281 1833 cap.
306 1758 380 1832 40.)
425 1754 463 1816 Et
484 1755 541 1816 alio
563 1773 669 1818 rursus
692 1755 722 1816 in
744 1755 836 1818 libro:
868 1755 957 1818 Plato
979 1769 1125 1819 meeeorot
1145 1762 1290 1820 molerem

78 1837 173 1897 letam
193 1851 250 1902 out
261 1839 400 1917 Africam
421 1843 454 1902 a‘a
468 1839 623 1903 Atlantico.
640 1846 721 1903 mora·
740 1857 871 1903 meream
893 1839 954 1912 (lib.
970 1841 992 1902 1.
1009 1841 1044 1902 ad
1059 1841 1176 1903 Nation.
1192 1860 1217 1902 c.
1233 1843 1305 1927 aa„

78 1916 217 1998 Scriptum
241 1922 391 2002 siquidem
406 1923 442 1984 ab
457 1925 562 1985 eodem
577 1925 671 1986 Plinio
686 1925 829 1986 unimus:
853 1925 891 1987 la
913 1935 1009 1988 totum
1030 1927 1156 1990 obstulit
1178 1938 1288 1998 terroe,

73 2007 198 2080 ammam
221 2012 370 2078 omnium,
393 2009 447 2070 ubl
466 2009 648 2071 Atlanticum
667 2021 832 2080 marceat,
855 2015 885 2072 ea·
903 2009 1027 2073 Platoni
1048 2013 1208 2082 credimur,
1230 2015 1289 2072 im-

75 2104 171 2151 menso
199 2099 302 2173 spatio
325 2091 412 2165 (Ptin.
434 2093 484 2155 lib.
508 2093 543 2154 ll.
566 2094 641 2156 Hist.
664 2093 765 2156 Natur.
788 2113 850 2174 cap.
873 2096 950 2172 90.)
994 2095 1104 2156 Citatus
1133 2113 1223 2174 porro
1252 2095 1289 2157 ab

75 2179 193 2253 utroque
216 2177 353 2239 Platonis
375 2177 459 2238 loeus
481 2178 511 2240 in
534 2177 599 2240 eius
621 2179 742 2240 Timaeo
765 2179 912 2240 inuenitur
934 2167 1288 2253 (primumcum.

74 2273 134 2334 pag.
149 2262 225 2338 25),
241 2261 492 2342 quemadmodum
508 2262 574 2324 alibi
591 2263 810 2327 observavimus
826 2261 991 2335 (dissertet.
1008 2265 1038 2324 in
1054 2262 1162 2324 brnob.
1179 2279 1242 2344 cap.
1256 2267 1286 2328 6.

73 2341 127 2401 brt.
144 2345 197 2422 3.).
231 2347 374 2408 Ceterum
397 2347 454 2408 etsi
477 2346 673 2409 Tertullianus
695 2348 768 2409 nihil
789 2365 919 2428 unquam
941 2348 978 2410 de
999 2348 1094 2410 Plinio
1116 2349 1189 2410 baec
1210 2349 1287 2410 scri·

73 2422 163 2489 beuda
186 2431 368 2510 cogitasset,
396 2449 458 2492 non
480 2432 578 2494 minus
599 2441 697 2509 tamen
719 2433 787 2494 inde
810 2433 1014 2506 confirmatur,
1048 2433 1128 2512 quod
1149 2433 1197 2495 ille
1219 2433 1288 2516 alibi

71 2509 159 2574 adbuc
179 2517 295 2596 repetit
317 2517 347 2576 in
368 2516 510 2577 Atlantico
534 2518 608 2578 meri
630 2518 819 2597 adaequatam
841 2517 961 2597 Lybiam
983 2527 1034 2579 ant
1054 2517 1164 2578 Asiam.
1290 2527 1313 2600 Ἰ

148 2599 208 2662 Sed
233 2617 305 2663 curn
328 2601 422 2662 adbuc
445 2619 620 2681 sequamur,
648 2603 708 2662 nisi
730 2611 771 2662 tot
794 2602 935 2681 exemplis
957 2602 1028 2663 satis
1051 2603 1109 2662 iam
1130 2602 1289 2680 probatum

71 2677 173 2743 dixeris
196 2685 387 2748 Christianos
408 2684 591 2765 publicarum
619 2686 812 2747 calamitatum
840 2703 959 2747 causam
986 2703 1047 2746 non
1081 2687 1173 2748 luisse
1203 2695 1289 2765 teque

69 2763 127 2826 aliis
149 2769 250 2832 adbuc
272 2769 394 2850 probari
416 2789 477 2830 non
498 2771 622 2832 taedeat
665 2770 763 2849 Pergit
785 2778 882 2832 summ
909 2770 957 2831 ille
980 2779 1009 2830 et
1031 2770 1087 2831 ait:
1121 2770 1207 2832 More
1230 2772 1289 2834 Co-

71 2852 213 2916 rinthium
244 2867 351 2918 terroe
378 2865 477 2916 motae
505 2857 593 2917 ebibit
621 2854 804 2928 (Tertullian.
827 2853 878 2915 lib.
900 2855 937 2915 de
959 2853 1029 2914 Pell.
1053 2871 1115 2934 cap.
1139 2857 1182 2931 2.)
1205 2863 1236 2914 ot
1256 2854 1288 2914 in

67 2930 136 2996 libro
159 2941 201 3002 ad
223 2940 391 3002 Nationes:
418 2938 528 3001 Terrae
548 2950 632 3001 motu
654 2955 738 3000 more
761 2939 949 3002 Corinthium
971 2947 1105 3018 ereptum
1127 2950 1181 3000 eet.
1212 2938 1287 3016 Opi-

68 3029 171 3083 nantur
193 3023 337 3086 nonnulli
359 3042 427 3086 eum
453 3023 494 3084 ibi
517 3023 652 3085 allusisse
680 3023 717 3084 ad
738 3021 856 3084 urbium
876 3023 973 3084 Eliees
995 3031 1025 3083 et
1045 3021 1139 3082 Butae
1161 3023 1287 3096 ruinam,

66 3100 230 3186 dequibus
255 3126 378 3171 rursum
400 3107 529 3169 Plinius:
563 3107 678 3170 Pontus
700 3107 826 3170 obstulit
848 3107 951 3169 liticen
973 3118 1002 3168 et
1023 3107 1193 3168 duramen
1218 3111 1287 3169 stau

69 3187 236 3267 causeam,
261 3211 392 3275 quorum
414 3197 446 3254 la
465 3193 532 3256 *olto
553 3196 678 3271 aeettm'a
699 3203 849 3273 appareat
871 3191 957 3264 (Plin.
973 3190 1024 3253 lib.
1040 3191 1075 3252 ll.
1092 3189 1193 3252 Natur.
1208 3191 1286 3254 llist.

65 3287 122 3352 ⁰³1)-
146 3279 225 3356 92.)
275 3278 363 3339 Plura
392 3277 418 3337 si
446 3277 535 3349 velis,
569 3275 692 3338 consule
720 3275 895 3338 Strabonem
924 3275 1032 3347 (Strab.
1061 3275 1110 3336 lib.
1133 3276 1156 3336 l.
1180 3276 1287 3355 Geogr.

65 3371 124 3435 Pag-
148 3366 228 3440 59.),
266 3362 444 3424 Pausaniam
473 3361 610 3434 (Pausan.
632 3361 682 3423 lib.
705 3361 765 3422 vn.
787 3379 852 3440 pag.
876 3364 938 3425 nte
967 3368 997 3421 et
1017 3361 1113 3437 231.),
1146 3361 1288 3423 Senecam

65 3439 176 3514 (Senec.
200 3448 258 3510 lib.
276 3447 323 3508 vt.
346 3446 446 3508 Natur.
471 3446 590 3519 Quaest.
615 3465 677 3526 cap.
700 3448 775 3522 Tm),
798 3465 832 3508 ac
853 3437 955 3508 missis
977 3444 1042 3506 aliis
1065 3445 1211 3520 Ovidium,
1237 3445 1288 3525 qui

63 3530 199 3595 canebat:

216 3617 258 3681 Sa·
280 3633 409 3698 quaeras
431 3614 553 3678 Helicen
575 3625 605 3678 et
625 3615 915 3688 Puromsdcbetdn'e
936 3616 1038 3690 urbes,

215 3703 364 3765 luvem'm
387 3701 443 3762 sub
464 3703 558 3780 naute,
582 3711 612 3762 et
632 3699 729 3761 adbuc
751 3701 906 3762 ostendere
924 3711 1036 3760 nautae

214 3787 377 3849 Inclinato
397 3784 496 3847 soleat
517 3803 583 3846 cam
603 3784 756 3844 moenibus
779 3785 888 3865 oppida
908 3787 1041 3844 summis.

538 3866 635 3939 (ond.
652 3867 845 3947 Metamorpb.
861 3867 912 3929 lib.
928 3867 987 3928 XV.
1004 3885 1030 3926 v.
1047 3867 1109 3930 293
1125 3869 1202 3942 sqq.)

62 3947 96 4008 At
114 3955 207 4029 paulo
232 3963 325 4016 antea
346 3953 395 4014 ille
417 3971 478 4014 non
499 3951 616 4031 quidem
639 3951 676 4012 de
696 3951 829 4025 urbibus,
852 3951 905 4013 scd
920 3951 956 4012 de
971 3949 1068 4024 terris,
1091 3965 1164 4028 quas
1179 3948 1289 4009 ductor

60 4045 161 4099 noster
184 4039 369 4111 nominavit,
392 4038 482 4098 bosce
504 4037 572 4098 feeit
592 4053 714 4098 versus:

221 4124 294 4186 Ve'da'
313 4141 374 4204 ayo,
397 4123 476 4202 qnod
496 4121 602 4200 ficerat
622 4121 772 4202 quondam
794 4117 977 4182 solidissimo
998 4117 1099 4187 tellas,

214 4209 300 4271 Base
321 4210 445 4287 fretam,
468 4207 532 4269 olda·
550 4208 652 4286 sactae
672 4223 710 4267 etc
732 4220 861 4286 aequore
882 4214 993 4274 terras,

215 4293 263 4356 Bt
284 4291 395 4373 procul
416 4311 435 4353 a
454 4291 561 4373 polono
586 4289 713 4353 casalae
735 4293 853 4350 lamere
874 4292 1019 4356 marinae,

213 4377 260 4440 m
284 4389 368 4440 cetus
390 4381 514 4438 inuento
534 4386 579 4438 est
600 4380 632 4436 ia
652 4374 802 4436 montibus
823 4387 939 4432 ancora
960 4373 1091 4432 sumatis.
1112 4441 1114 4446 Ι

59 4453 178 4522 Vidssis
203 4479 290 4541 quae
312 4463 342 4522 in
364 4461 518 4541 superiore
540 4459 748 4522 dissertatione
770 4477 785 4517 a
807 4455 894 4516 nobis
917 4455 947 4514 in
969 4453 1129 4514 brnobiam
1151 4461 1288 4518 annotata

59 4553 127 4604 sunt
156 4547 339 4620 (Dissertat.
362 4545 392 4606 in
414 4544 524 4606 brnob.
547 4563 609 4623 cap.
633 4547 662 4608 6.
686 4543 747 4604 brt.
771 4543 823 4617 3.).
869 4540 927 4600 Sed
954 4547 1057 4618 arguet
1084 4539 1188 4618 aliquis
1216 4540 1289 4602 baec

57 4627 93 4688 ad
115 4629 306 4694 Tertulliani
327 4630 514 4712 propositum
536 4645 597 4690 non
618 4625 762 4701 sulficere,
785 4624 844 4688 nisi
866 4623 981 4686 ratione
1002 4623 1095 4702 abque
1117 4624 1289 4687 ostendatur

146 4719 151 4730 ‘
1032 4719 1088 4775 aa·
