3166 5250
522 387 656 432 nueroua
678 388 737 432 nic.
759 389 797 432 eu
818 389 946 434 norunt.
1279 381 1338 442 471

124 537 311 618 quauttrmris
339 538 480 600 amaverit
501 537 743 618 Chartlragiuem,
777 557 837 601 non
863 539 961 618 potuit
981 547 1080 604 tamen
1101 542 1244 622 impedire
1265 564 1343 625 quo·

125 624 223 686 minus
251 623 431 686 allemanie
460 633 651 686 everteretur.
694 622 771 684 Nihil
798 623 908 703 quippe
936 627 1084 688 adversere
1112 628 1227 690 funesta
1255 631 1343 696 huius

124 707 207 770 urbis
236 709 304 787 soto
330 707 438 771 uoluit.
481 707 542 770 Nec
570 708 600 770 id
627 727 699 770 saue
721 706 900 770 mirandum:
933 709 1000 787 quia
1018 711 1214 790 planescere,
1248 717 1346 796 pergit

121 795 234 856 Auctor
255 801 368 864 noster,
392 805 454 856 etot
467 793 587 872 Iupiter
601 797 666 873 ιριι
688 792 872 868 (Tertullian.
887 792 1041 874 Apologet
1058 814 1120 874 cap.
1138 799 1212 874 25.).
1238 797 1344 864 Nonne

120 897 194 964 vcro
217 878 336 940 ellatum
357 876 427 940 illud
450 877 522 940 satis
544 889 645 956 aperte
667 877 863 940 consumatur
875 878 1019 958 Apollinis
1035 879 1166 960 Delphici
1189 883 1224 942 ad
1241 883 1343 948 Croesi

119 963 245 1024 nuntios
266 979 428 1040 responso,
459 963 537 1042 quod
560 962 607 1022 liis
629 962 810 1040 totidemque
832 963 929 1024 verbis
951 963 1119 1028 Herodotus
1140 967 1256 1040 retulit,
1284 964 1342 1052 τὴν

120 1049 343 1130 πεπρωμένην
365 1038 622 1110 ἀδύνατά’ἕστιν
645 1038 830 1130 ἀποφυγεῖν
853 1047 906 1111 καὶ
928 1049 1018 1132 decii:
1056 1049 1175 1113 Sortem
1200 1054 1267 1132 soto
1291 1055 1342 1116 de·

119 1137 267 1195 structum
293 1133 434 1211 desuoerc
463 1133 515 1194 deo
537 1151 652 1213 quoquc
672 1133 853 1211 impossibile
885 1133 1039 1210 (Herodot.
1061 1134 1112 1196 lib.
1134 1135 1157 1196 l.
1182 1155 1245 1218 cap.
1267 1139 1342 1214 91.)

30 1243 37 1264 ·
118 1215 164 1278 lle
187 1218 254 1296 ipso
276 1225 372 1280 eutem
395 1215 464 1278 love
487 1216 589 1278 Cicero
611 1216 717 1288 (Cicer.
739 1215 788 1278 lib.
802 1218 839 1278 ll.
863 1218 900 1280 de
921 1218 1016 1280 [lirin.
1038 1238 1104 1299 pag·
1117 1223 1189 1284 281.
1212 1221 1263 1282 lin.
1277 1227 1342 1300 44.)

120 1311 152 1364 et
171 1301 320 1362 Homerus
343 1301 475 1374 (Homer.
491 1300 582 1362 llliad.
599 1301 672 1362 xvt.
696 1319 723 1360 r.
739 1305 801 1366 434
825 1309 854 1364 et
876 1303 980 1382 odyss.
996 1303 1047 1366 lll.
1070 1324 1096 1364 ι.
1115 1307 1174 1369 137
1191 1315 1221 1368 et
1235 1297 1341 1386 eloqu),
1374 1323 1379 1338 r

118 1386 158 1448 ab
187 1405 223 1448 eo
251 1385 373 1458 cintus,
401 1387 474 1448 haec
499 1387 706 1465 pronuntiant:
750 1386 900 1478 Nilil'fit
928 1389 1138 1467 corrosorum
1161 1435 1254 1453 .....
1277 1391 1343 1456 1100

121 1476 214 1535 ιιιιιιι
238 1471 404 1542 Homerus,
439 1489 505 1532 curn
539 1484 710 1550 querentem
737 1470 840 1535 locem
866 1474 997 1544 inducit,
1031 1477 1110 1554 quod
1138 1473 1342 1556 Sarpedonem
1436 1515 1445 1524 -

119 1556 218 1636 filrlrrn
239 1575 260 1618 c
279 1567 378 1618 morie
399 1559 517 1635 erepere
538 1575 600 1618 non
618 1570 733 1637 peccet.
777 1556 843 1620 Hoc
863 1559 941 1620 idern
962 1559 1113 1638 eronificot
1133 1577 1259 1638 croceus
1289 1561 1342 1624 iile

119 1645 154 1702 in
176 1659 240 1703 enm
261 1643 440 1704 sententiam
461 1659 589 1702 uersus:

276 1725 365 1798 Quod
385 1725 455 1803 sore
473 1735 620 1805 peretum
641 1735 697 1802 cat,
718 1727 749 1788 id
771 1745 918 1788 rumetum
939 1738 1105 1806 exsuperet
1126 1727 1236 1796 locun.

124 1809 217 1870 Simili
239 1827 354 1890 quoque
377 1809 465 1871 modo
482 1810 611 1872 Senem:
648 1809 799 1890 Quidquid
821 1821 865 1874 est
888 1813 967 1892 quod
987 1830 1043 1874 nor
1066 1817 1226 1876 eieciverr
1241 1818 1340 1886 iussit,

122 1899 166 1956 ric
193 1898 285 1966 orori,
318 1895 419 1956 eodem
446 1899 622 1958 necessitate
655 1905 683 1956 et
711 1896 780 1956 deos
809 1893 923 1974 olliyot.
967 1895 1181 1960 irrevocabilia
1210 1897 1342 1962 lunone
1385 1931 1388 1940 ,

120 1982 239 2058 puriter
259 1997 294 2042 oo
314 1979 418 2041 divino
439 1997 549 2042 ceraue
571 1979 660 2041 veluit.
703 1978 761 2042 llie
782 1983 845 2060 ι’ριι
868 1983 1000 2042 omniunt
1021 1983 1160 2044 conditor
1181 1999 1217 2044 ac
1239 1993 1341 2064 rector

121 2067 245 2142 scripsit
266 2063 380 2142 cuidem
400 2064 478 2143 soto,
501 2064 552 2126 aed
573 2067 726 2143 nequitum
750 2083 866 2144 semper
883 2078 984 2144 peret,
1006 2066 1098 2128 semel
1111 2069 1202 2128 r'uerit
1223 2067 1339 2138 (Senec.

118 2147 170 2208 lib.
194 2147 229 2208 de
249 2147 368 2221 Prorid.
392 2167 455 2228 cap.
478 2152 532 2224 5.).
576 2147 647 2208 lntlc
669 2166 806 2227 graccum
828 2147 899 2210 illud
921 2148 1069 2227 adagium:
1102 2146 1179 2212 Au'
1219 2147 1234 2233 ,⁸
1263 2144 1338 2215 οὐδὲ

120 2230 200 2295 Occi
222 2229 397 2313 μαχόνταιι
427 2232 607 2296 Necesritoti
625 2250 662 2293 ne
685 2233 729 2296 dii
748 2234 863 2314 quidem
884 2238 1044 2296 recinunt.
1088 2235 1204 2298 videsis
1249 2237 1341 2300 rasmi

117 2317 148 2378 in
170 2318 229 2378 hoe
250 2305 384 2396 adagium
406 2324 437 2379 et
457 2317 550 2396 Lipsii
572 2317 710 2378 incitata
732 2317 862 2380 Senecae
885 2317 975 2378 verbe
997 2317 1229 2380 observationes.
1267 2319 1339 2380 Vide

118 2401 207 2463 etiam
229 2401 366 2464 Vossium
389 2403 488 2477 (Voss.
510 2401 561 2462 lib.
586 2400 621 2462 ll.
645 2400 681 2463 de
704 2401 784 2480 Orig.
808 2411 838 2462 et
861 2401 964 2480 Progr.
985 2402 1089 2464 ldnlol.
1111 2421 1174 2482 cap.
1198 2409 1249 2467 44.
1271 2423 1338 2484 pag.

118 2489 234 2550 ato-et
256 2493 364 2566 seqq.)‚
386 2495 416 2548 et
438 2505 482 2560 ea,
506 2487 532 2547 si
554 2486 635 2566 uelis,
657 2486 785 2564 quaein
807 2495 909 2548 nostra
931 2487 961 2547 iu
981 2487 1139 2549 Minucium
1155 2487 1281 2549 Felicem
1303 2490 1339 2550 de

117 2571 176 2631 lato
208 2578 239 2632 et
266 2571 297 2632 in
325 2579 469 2650 sequente
492 2571 527 2632 de
551 2571 619 2630 love
641 2578 671 2631 et
692 2568 805 2631 lunone
827 2571 1084 2634 animadvertimus
1118 2572 1285 2645 (Dissertat.
1308 2573 1338 2634 in

117 2655 225 2716 lliuuc.
249 2655 349 2717 Octav.
373 2675 435 2734 cap.
458 2658 488 2720 6.
510 2657 572 2716 Art,
595 2657 625 2718 3.
649 2663 680 2714 et
700 2654 825 2716 Dissert.
849 2655 878 2716 in
900 2654 1032 2718 Lactant.
1056 2659 1183 2735 canat.
1205 2659 1267 2718 Art
1284 2661 1338 2732 4.).

203 2739 235 2800 Si
265 2738 338 2802 luno
367 2741 453 2819 igitur
480 2748 567 2818 atque
591 2739 655 2816 ipse
678 2739 790 2817 iupiter
810 2739 909 2818 diique
931 2758 1035 2824 omnes
1057 2738 1215 2802 latentibus
1239 2741 1337 2801 ethni-

116 2825 159 2886 cis
186 2826 246 2886 tato
270 2825 330 2886 sint
350 2824 486 2895 obnoxii,
514 2823 628 2884 nullum
649 2822 842 2902 proculdubio
865 2824 997 2884 Romano
1019 2823 1144 2902 imperio
1168 2817 1345 2884 incremenss

115 2917 179 2970 tum
201 2909 270 2970 dare
292 2927 419 2988 unquam
442 2916 612 2988 potuerunt.
656 2907 724 2967 love
747 2909 825 2968 enim
847 2907 963 2985 diisque
985 2907 1122 2968 omnihus
1147 2906 1172 2968 si
1187 2908 1337 2988 potentius

117 2993 158 3054 sit
179 2995 280 3066 murm,
303 2993 410 3056 ethnici
433 2993 511 3066 latis,
534 2991 574 3054 ait
595 2991 799 3062 Tertullianus
816 2991 997 3063 (Tertullien.
1014 2991 1166 3070 apologet
1182 3010 1244 3072 cap.
1261 2995 1337 3068 25.)‚

117 3078 290 3140 dedentibus
318 3080 378 3142 cili
399 3079 610 3156 Gortlrooinern
637 3075 765 3137 maiores
799 3078 931 3156 prolecto
953 3077 1086 3136 honores
1107 3075 1222 3138 deferre
1244 3077 1335 3138 debe·

116 3161 189 3232 bant
208 3179 294 3242 quam
314 3163 422 3225 lunoni
444 3181 478 3224 eo
497 3161 760 3241 prostitutissimae
782 3161 868 3240 lupae
889 3159 1081 3243 Lnenunae,
1111 3158 1147 3221 de
1169 3179 1226 3240 qua
1248 3160 1335 3240 paulo

115 3253 185 3308 ante
213 3247 418 3311 disseruimus.
462 3246 580 3308 Falsum
614 3253 662 3306 est
689 3245 777 3324 igitur
805 3245 955 3308 Romanos
987 3263 1092 3324 magua
1121 3245 1152 3306 iu
1180 3245 1336 3320 lunonem.

114 3331 215 3394 lovem
243 3331 375 3414 alioem
403 3333 476 3394 deos
504 3349 576 3393 suos
607 3338 657 3392 aut
677 3330 848 3392 vernaculos
874 3338 925 3392 aut
944 3329 1109 3412 adscititios
1136 3329 1247 3408 pietate
1268 3349 1334 3394 rue·

113 3416 214 3480 ruisse
235 3417 429 3480 tutius-orbis
450 3426 548 3479 terrae
569 3415 760 3478 dominatum.

612 3647 782 3721 nurnutuu
802 3650 831 3700 u.

111 3760 218 3804 Romeulo
237 3760 311 3804 datram
329 3769 374 3802 uon
392 3758 461 3802 luisse
479 3757 507 3800 ob
525 3767 589 3800 ruam
607 3756 628 3798 ln
646 3755 701 3798 deor
719 3755 822 3810 pietatem
841 3752 964 3808 imperium.
987 3753 1046 3808 quod
1064 3753 1177 3796 tundalum
1196 3753 1275 3802 luerat,
1294 3763 1333 3796 oo·

111 3837 201 3884 tequam
219 3827 289 3872 Numa
306 3827 393 3878 varice.
419 3825 618 3881 qulexplicnutur,
636 3822 727 3865 enodem
745 3823 800 3864 deos
819 3819 905 3864 colendi
924 3819 977 3862 ritun
996 3819 1140 3873 instituisset,
1165 3825 1202 3862 out
1225 3818 1332 3864 truncata

359 3893 452 3938 tuissent
469 3893 560 3935 deorum
579 3889 698 3934 slmulacro
715 3889 820 3942 ullusque
837 3887 920 3932 llornae
941 3893 1001 3930 esset
1019 3887 1083 3929 deus.

198 4007 271 4068 eliis
292 4008 388 4071 adhuc
407 4008 556 4070 rationum
577 4003 735 4068 momentis
758 4001 956 4064 Tertullianus
985 4001 1170 4062 demonstrat
1200 3996 1332 4068 (Tertul-

111 4092 183 4154 lian.
204 4091 356 4172 apologet.
378 4112 441 4173 cap.
465 4093 529 4168 25.)
558 4089 709 4152 Romanos
735 4105 796 4148 non
825 4085 960 4166 potuisse
987 4085 1025 4146 al)
1046 4083 1106 4146 ullo
1127 4099 1252 4162 prorsus
1275 4083 1332 4148 deo

112 4196 170 4240 suo
193 4184 245 4238 aut
265 4177 403 4240 omnihus
425 4176 491 4240 al'u's
512 4175 645 4256 accipere
672 4172 828 4252 imperium
860 4178 910 4232 aut
936 4169 1024 4232 ullam
1045 4167 1148 4230 finium
1171 4166 1234 4230 eius
1256 4187 1332 4248 prn-

107 4261 307 4343 pagationem.
351 4263 472 4326 Certum
498 4269 545 4322 eet
560 4255 651 4322 'cuim
678 4257 778 4338 pines
806 4255 1006 4318 uomnorum
1038 4252 1128 4325 noos,
1160 4251 1332 4334 Saturnum,

107 4347 212 4410 lovem
246 4346 379 4428 fineque
408 4363 554 4410 emmam
581 4350 760 4406 consecutos
788 4339 881 4402 lmese
907 4336 1018 4416 regiam
1049 4343 1234 4416 potestatem.
1277 4337 1332 4400 llio
1398 4412 1401 4420 ,

109 4451 199 4512 ergo,
239 4433 349 4506 sodes,
380 4451 398 4494 a
425 4429 532 4510 quibus
563 4427 628 4492 aliis
656 4427 713 4492 diis
742 4443 818 4504 quoa
850 4421 1003 4484 coluenmt
1035 4421 1112 4484 illam
1141 4420 1332 4502 acceperint?

93 4517 257 4598 *Numquid
280 4517 408 4580 Saturno
430 4516 497 4578 data
518 4521 564 4576 est
584 4533 602 4574 e
622 4511 764 4574 runcino
787 4507 914 4588 quodam
932 4505 1080 4582 Sterculu
1100 4507 1138 4569 de
1157 4525 1217 4588 quo
1239 4507 1330 4586 paula

109 4609 178 4666 aute
199 4600 395 4666 uoeuamust
439 4599 498 4662 Sed
520 4598 545 4662 is
566 4595 638 4660 vixit
657 4605 730 4678 post
750 4595 920 4658 Saturnum.
963 4589 1066 4656 Nullus
1091 4603 1187 4656 mtem
1208 4590 1328 4674 gentili·
