3078 5248
399 377 571 423 scissarum
593 379 721 422 nonore.
744 377 924 424 curramus.
1214 363 1276 426 tls

40 529 148 610 regni
168 528 247 590 mille
268 547 422 600 annorum,
452 529 489 590 de
515 527 676 608 virginibus
697 529 838 602 celandis,
868 530 904 592 de
925 529 1027 592 militia
1048 529 1078 591 iu
1101 529 1277 594 Christianis

40 633 122 676 non
153 613 272 676 terenda
299 623 329 674 et
355 613 392 674 de
414 613 590 693 quibusdam
613 614 785 694 disciplinae
807 614 961 694 capitibus,
989 614 1059 676 alias
1080 613 1110 676 in
1134 615 1276 678 Christia-

43 717 172 760 norum
192 697 326 760 libertate
352 697 460 778 positis
481 699 534 761 sed
555 699 798 762 llontanistarum
820 700 921 768 tetrica
943 698 1098 760 severitate
1119 701 1197 762 velut
1218 701 1275 762 im·
1347 765 1350 770 ,

40 783 147 864 perio
177 782 378 863 praescriptis,
406 783 518 862 passim
540 783 675 844 inlibris
697 784 760 846 suis
782 785 878 846 iactat.
922 784 1005 857 Quae
1026 785 1157 863 quamvis
1178 785 1276 866 plera-

42 887 114 947 que
142 867 322 930 Tertulliano
336 868 409 930 iasn
437 887 490 930 sua
512 877 616 930 natura
638 869 709 930 satis
732 877 849 932 austero
871 867 989 930 nemine
1010 869 1097 932 etiam
1118 879 1277 948 praeeunte

41 953 79 1014 in
108 962 245 1014 mentem
267 952 384 1014 venisse
406 971 439 1014 ac
460 952 519 1032 ipsi
534 953 633 1032 potius
648 953 728 1016 domi
743 963 820 1026 nata,
843 973 929 1033 quam
944 973 961 1015 a
975 953 1161 1016 lloutanistis
1176 973 1276 1016 arces·
1358 997 1364 1008 .

43 1039 113 1100 sita
150 1037 245 1098 rideri
266 1046 405 1117 possent,
431 1045 603 1099 esttamen
631 1039 738 1118 duplex
759 1039 909 1113 iudicium,
942 1057 978 1100 es
998 1057 1056 1118 quo
1078 1039 1276 1118 intelligimus,

42 1121 142 1202 quod
172 1141 208 1184 ex
229 1121 432 1184 Montanistica
460 1131 578 1184 moneta
605 1123 670 1185 siue
698 1122 787 1184 dubio
810 1124 880 1185 sint.
921 1123 1037 1184 Nullum
1061 1124 1139 1185 en'un
1161 1143 1196 1184 ex
1218 1124 1276 1197 bis,

43 1225 136 1286 quae
157 1207 248 1268 modo
275 1207 489 1278 recensuimus,
519 1207 664 1286 capitibus
685 1208 788 1287 tetigit,
817 1209 886 1288 quin
909 1207 953 1270 vel
975 1207 1097 1271 adeius
1119 1210 1276 1270 confirma-

42 1293 175 1354 tionem
203 1291 374 1354 auctoritate
401 1309 544 1352 novorum
571 1291 782 1372 prophetarum
808 1301 906 1354 utatur
929 1292 980 1364 yel
1010 1291 1041 1353 in
1065 1293 1199 1354 eiusdem
1220 1294 1275 1354 de-

43 1376 197 1438 fensioue
218 1375 376 1456 Psychieos
398 1377 538 1456 exagitet,
560 1386 697 1439 neutrum
719 1396 799 1450 vero,
821 1377 879 1438 nisi
902 1377 938 1438 ab
961 1395 1007 1452 eo,
1030 1377 1079 1455 qui
1094 1378 1203 1439 relictis
1219 1378 1275 1439 Ca·
1307 1423 1313 1442 ι

45 1461 180 1523 tltolicis
203 1461 332 1522 llontani
354 1468 448 1522 castra
471 1461 657 1539 sequebatur,
679 1462 743 1523 lieri
764 1463 900 1541 potuisse
920 1461 1074 1524 immotum
1097 1471 1152 1524 est.
1191 1463 1276 1546 Orrod

45 1545 198 1628 pluribus
227 1545 404 1606 testimoniis
432 1565 468 1606 ex
490 1546 625 1626 Septimii
654 1547 793 1625 operibus
816 1547 974 1608 ostendere
996 1553 1053 1607 tarn
1075 1547 1168 1608 lacilis
1190 1567 1276 1627 quam

46 1631 251 1692 exuberantis
268 1630 368 1710 operis
388 1631 474 1692 ioret.
518 1631 590 1691 Nam
619 1639 647 1692 et
674 1631 710 1692 ab
738 1631 802 1693 aliis
832 1631 951 1694 collecta
973 1641 1052 1706 sunt,
1076 1640 1105 1694 et
1125 1631 1275 1711 pleraque,

49 1714 182 1794 quando
204 1733 258 1794 per
279 1715 411 1794 singulos
433 1716 495 1780 eius
510 1714 603 1776 libros
618 1715 803 1777 blontanismi
818 1717 1033 1778 convincendos
1048 1716 1276 1790 ¹circumibimus,

50 1799 274 1895 producentur,
296 1800 428 1879 adeoque
450 1801 630 1880 superlluum
653 1808 744 1874 esset,
766 1801 846 1862 buno
866 1801 953 1861 etiam
973 1801 1071 1863 locum
1094 1801 1277 1862 multitudine
1392 1785 1395 1792 ⁴

52 1883 301 1946 testimoniorum
324 1902 457 1946 onerare.
502 1884 638 1946 Succedit
658 1885 756 1964 igitur,
779 1894 812 1946 ut
837 1884 907 1947 illud
935 1903 1035 1958 uuum,
1064 1885 1143 1974 quod
1165 1885 1281 1966 opellae·

51 1971 149 2030 lrons
170 1969 331 2049 profitetur,
354 1969 492 2031 nimimm
515 1987 628 2043 omnes,
651 1970 701 2048 qui
724 1979 893 2050 supersunt,
917 1969 1085 2032 Tertulliani
1100 1963 1193 2031 libros
1207 1979 1278 2032 tunc

50 2054 191 2126 demum,
219 2063 376 2132 postquam
397 2053 609 2115 Montanisticis
637 2054 788 2116 erroribus
811 2055 935 2116 inlectus
958 2063 1030 2128 erat,
1059 2055 1207 2133 prodiisse
1228 2055 1274 2116 vi·

48 2139 134 2211 deri,
159 2137 321 2200 accuratius
345 2139 552 2214 ostendamus,
579 2138 687 2222 quod'
681 2157 788 2219 ipsum,
811 2138 927 2218 quando
948 2141 1032 2218 prius
1054 2158 1145 2219 pauca
1167 2140 1203 2201 de
1225 2159 1275 2200 ra·

48 2224 153 2296 tione,
176 2241 262 2302 ιιιιιιιιι
284 2223 314 2284 in
338 2223 535 2302 examinandis
551 2223 721 2285 Tertulliani
737 2224 854 2304 scriptis
871 2232 971 2286 tenere
988 2231 1132 2304 oporteat,
1154 2225 1275 2304 praelati

53 2308 186 2380 erimus,
209 2309 389 2386 argumentis
411 2309 487 2370 haud
511 2308 669 2380 fallacibus
692 2317 724 2369 ut
745 2309 862 2388 opinor,
884 2309 1117 2370 demonstratum
1132 2308 1274 2370 dabimus.

639 2489 646 2504 .
672 2444 720 2505 IV.

146 2562 188 2622 Ac
215 2561 342 2639 primum
371 2559 488 2639 quidem
511 2445 663 2623 mounisie
685 2561 866 2635 tacebitne
889 2561 955 2640 quis
977 2581 1029 2622 eos
1051 2570 1162 2624 tantum
1184 2539 1275 2625 libros

50 2667 79 2724 a,
92 2645 279 2708 Tertulliano
294 2645 469 2706 llontauista
485 2645 612 2723 scriptos
625 2663 693 2708 esse
707 2653 799 2724 putet,
822 2663 898 2724 quos
913 2645 1109 2725 Hieronymus
1122 2665 1178 2725 pro
1189 2647 1274 2708 blon-

50 2731 176 2794 tanistis
207 2730 387 2809 compositos
415 2749 482 2790 esse
504 2729 631 2790 retulit‘.
676 2730 734 2803 Qui
755 2729 796 2790 ita
817 2738 1003 2800 censuerunt,
1033 2731 1275 2808 interpretatione
1377 2803 1384 2810 Ι

48 2817 217 2878 verborum
235 2815 404 2894 Hieronymi
431 2814 503 2874 lalsa
533 2813 688 2886 ducuntur,
718 2822 747 2874 et
768 2831 853 2892 quam
875 2831 979 2892 parurn
1001 2815 1031 2875 in
1052 2814 1177 2874 lectione
1199 2815 1274 2875 Ter-

51 2901 172 2962 tulliani
199 2900 320 2960 rolutati
348 2899 408 2961 sint
438 2898 605 2978 prodidere.
661 2898 732 2958 Nam
761 2897 949 2958 manilestum
978 2907 1032 2972 est,
1066 2899 1274 2976 Hieronymum

56 3003 118 3046 non
145 2985 175 3045 id
197 2992 349 3063 agerent
370 2983 463 3044 libros
479 2981 668 3042 orthodoxiae
683 2981 813 3060 prolatae
835 2981 943 3054 abbis,
967 2983 1017 3060 qui
1033 2982 1185 3044 erroribus
1201 2982 1273 3044 bae-

54 3069 159 3130 reticis
189 3069 288 3130 inlecti
316 3076 395 3140 suut,
424 3076 558 3128 accurato
587 3067 758 3129 discrimine
786 3075 919 3144 separet,
949 3066 1001 3127 sed
1023 3075 1056 3128 ut
1076 3085 1129 3131 eos
1152 3074 1274 3142 unium,

56 3172 138 3232 quos
167 3171 201 3214 ex
213 3155 358 3239 professo
381 3160 482 3214 contra
504 3151 656 3212 ecclesiam
690 3151 849 3230 scripserat
869 3159 899 3210 et
919 3151 969 3228 qui
990 3151 1119 3212 Montani
1140 3151 1274 3231 dogmata
1322 3157 1325 3164 ⁴

56 3257 120 3298 non
146 3229 241 3299 solu'm
263 3237 390 3333 sapiunt,
412 3255 512 3297 rerum
536 3236 622 3297 etiam
643 3244 771 3308 tuentur,
793 3235 944 3296 indicaret.
986 3235 1064 3296 Nihil
1086 3236 1165 3298 dubii
1187 3238 1275 3299 verba

57 3323 125 3384 eius
148 3323 325 3403 relinquunt,
348 3322 378 3382 in
401 3321 507 3400 quibus
530 3303 741 3382 commemorat
771 3315 979 3403 plldlooq‘dg
1001 3317 1093 3398 ἰδίως
1114 3317 1197 3384 κατὰ
1217 3321 1275 3408 τῆς

57 3403 231 3492 ἐκκλησίας
267 3402 512 3504 amaygdalae,
553 3405 664 3478 libros,
702 3423 775 3488 quos
814 3409 944 3488 proprie
982 3417 1086 3468 contro
1122 3407 1275 3470 ecclesiam

56 3497 192 3574 scripsit.
238 3493 320 3564 Quae
348 3491 374 3551 si
403 3491 469 3570 quis
497 3491 536 3553 ila
565 3491 834 3570 interpretareturt
862 3509 896 3552 ac
924 3491 950 3551 si
971 3499 1088 3587 praeter
1109 3511 1172 3565 eos,
1200 3511 1274 3572 quos

55 3576 114 3640 hoc
137 3579 203 3639 loco
226 3577 421 3656 Hieronymus
443 3587 587 3648 recenset,
610 3576 774 3637 baereticae
795 3575 869 3638 labis
886 3577 1071 3656 omnespuri
1087 3584 1198 3648 essent,
1221 3595 1274 3638 nae

55 3663 136 3724 ille
128 3681 160 3724 ιιι
182 3662 319 3741 exiguum
347 3679 499 3722 numerum
522 3661 725 3722 Montanistica
747 3660 881 3739 Septimii
904 3661 1012 3740 scripta
1034 3671 1151 3738 cogeret
1173 3670 1256 3721 etar
1223 3679 1273 3720 ar·

55 3756 267 3826 gumentorum
288 3747 319 3806 in
341 3745 516 3806 contrariam
539 3745 708 3823 opinionem
730 3747 861 3806 euntium
884 3745 979 3824 spissa
1002 3744 1079 3805 nube
1093 3747 1141 3805 rel
1127 3744 1185 3804 lelli
1200 3763 1273 3838 pos-

57 3841 115 3892 set
145 3833 272 3892 Interest
293 3849 363 3891 vero
386 3829 519 3902 multum,
544 3837 642 3890 utrum
663 3829 739 3890 liber
761 3829 810 3890 ad
820 3829 1014 3890 excusandam
1037 3837 1067 3889 et
1088 3847 1124 3888 ex
1138 3827 1273 3888 instituto

59 3914 273 3977 detendendam
285 3915 422 3976 haeresin
437 3913 618 3993 compositus
634 3914 682 3985 sit,
699 3931 735 3974 an
750 3921 860 3975 tantum
873 3913 988 3975 indiciis
1000 3911 1183 3996 quibusdam,
1196 3911 1274 3989 quod

60 4008 173 4072 auctor,
185 4019 250 4060 cum
267 4000 303 4062 ad
317 4019 382 4061 eum
396 3999 584 4060 scribendum
599 4017 632 4059 se
647 3998 824 4071 conferret,
817 4017 847 4058 ιιι
862 3998 1053 4078 perversitate
1064 3995 1274 4057 sententiarum

61 4082 177 4145 iamiam
194 4085 331 4156 haeserit,
346 4084 510 4162 legentibus
521 4084 643 4164 prodat,
661 4082 706 4143 vel
718 4045 837 4144 utbirlis
847 4082 946 4145 verbis
961 4080 1005 4140 rei
1022 4079 1179 4140 discrimen
1193 4080 1273 4142 edis-

60 4186 206 4240 seramus,
227 4177 323 4230 utrum
338 4177 396 4248 pro
407 4168 593 4230 Hontamstrs
611 4185 648 4228 an
663 4183 692 4227 m
704 4166 900 4228 Montanrsmo
916 4165 1042 4242 scriptus
1055 4165 1102 4225 ιιι
1125 4164 1204 4226 lllius
1220 4183 1273 4244 ge-

60 4254 142 4314 neris
161 4254 254 4316 libros
273 4255 469 4333 Hieronymus
490 4269 646 4314 recensere
663 4251 764 4324 soluit,
786 4269 842 4312 nos
863 4251 961 4321 buius,
980 4265 1141 4330 parumque
1155 4249 1272 4310 roboris

59 4337 182 4400 baberet
200 4346 414 4418 argumentum,
426 4339 505 4418 quod
518 4355 553 4398 ex
561 4335 736 4420 Hieronymi
752 4335 833 4396 brevi
851 4334 981 4412 catalogo
995 4333 1030 4393 ad
1046 4333 1274 4398 imminuendam
1361 4351 1367 4365 ‘

61 4433 89 4483 et
108 4425 310 4486 coarctandam
330 4423 526 4503 prolixitatem
542 4421 637 4484 nostri
652 4427 882 4482 converteretur
906 4419 939 4480 lu
954 4417 1063 4492 multis,
1079 4426 1108 4480 et
1122 4427 1154 4480 ut
1169 4429 1272 4481 osteu-

95 4542 117 4592 d
135 4545 273 4606 Hieronym.
293 4543 326 4592 lle
345 4542 404 4591 Viris
422 4541 510 4591 lllustr.
530 4557 581 4605 cap.
601 4540 643 4590 5³.
694 4540 824 4600 mittemus,
849 4540 882 4589 lc.
907 4537 1059 4588 Fabricius'
1053 4553 1076 4588 m
1103 4539 1162 4588 Hist.
1182 4537 1272 4588 Biblio-

96 4623 116 4658 ι.
135 4611 168 4660 lta
186 4627 241 4662 sero
260 4613 431 4674 interpretatus
456 4618 507 4671 est,
533 4619 558 4658 ut
580 4609 641 4659 alios
692 4575 971 4666 accessissetis.
992 4605 1108 4671 ttasqq.
