3078 5248
404 425 538 468 aderens
560 427 601 468 ro.
623 425 691 468 aua.
713 427 875 470 sonssntr.
1188 413 1251 474 555

31 573 210 635 lhristiauos
244 574 353 634 lurenti
391 575 568 636 restitisse“.
625 575 711 650 Quod
739 595 806 638 cum
834 577 959 638 Severus
995 595 1055 638 nou
1084 578 1186 639 lecerit
1213 597 1251 640 eo

33 675 169 735 empore,
193 676 251 737 quo
274 658 333 718 iam
355 658 482 720 edictum
506 669 688 738 opposuerat
711 661 848 740 religioni
871 660 1119 735 Christianorum,
1143 681 1249 742 quem

31 741 186 802 admodum
213 741 255 803 ibi
284 742 513 821 disputavimus,
548 743 744 823 assignandus
775 753 822 806 cst
850 745 877 806 ei
900 745 943 806 rei
967 763 1071 818 annus,
1105 763 1164 824 quo
1192 745 1249 807 Se-

31 845 113 886 trarus
141 827 275 887 nondum
302 827 358 888 hac
384 827 448 906 lege
477 827 620 889 molestus
648 830 745 890 luerat
776 829 961 892 Christianis.
1012 830 1113 908 Neque
1141 830 1168 891 is
1200 830 1249 890 tali
1344 844 1350 869 ¹

31 910 116 970 nodo
150 909 323 972 clarissimis
351 911 526 990 quibusdam
556 913 644 974 buius
673 913 799 974 lamiliae
832 913 1003 976 bominibus
1039 923 1102 975 tum
1135 913 1251 975 ridetur

31 995 183 1070 gratificari
204 995 345 1067 voluisse,
379 1015 446 1057 cum
478 996 555 1056 victo
578 996 682 1058 Albino
704 997 813 1059 bellum
836 997 952 1059 Parthis
969 999 1096 1077 aliisque
1119 998 1249 1059 Orientis

31 1079 163 1154 gentihus
186 1079 351 1150 intulisset,
380 1099 396 1140 a
426 1099 485 1158 quo
512 1081 643 1158 perlecto
665 1101 726 1142 non
749 1083 837 1144 rediit
856 1084 951 1161 prius,
984 1099 1071 1162 quam
1093 1083 1150 1143 hoc
1172 1082 1249 1143 idem

31 1163 155 1224 edictum
178 1164 320 1225 adversus
343 1163 527 1226 Christianos
549 1167 778 1245 promulgasset.
821 1167 953 1246 Namque
981 1175 1042 1228 trun
1065 1165 1184 1245 quidem
1206 1173 1251 1226 tot

31 1255 87 1306 nat
110 1246 196 1308 bellis
218 1266 285 1308 cum
308 1248 480 1320 fortissimis
502 1249 672 1312 nationibus
694 1250 868 1330 implicatus,
902 1259 935 1312 ut
961 1251 1041 1313 credi
1066 1251 1112 1311 rix
1140 1251 1249 1329 possit,

31 1350 93 1390 aum
117 1331 154 1392 de
178 1331 344 1393 istiusmodi
364 1332 455 1394 rebus
477 1333 635 1412 cogitasse.
679 1335 738 1395 Sed
759 1336 846 1396 verba
874 1337 962 1396 etiam
984 1334 1157 1396 Tertulliani
1180 1342 1251 1395 sunt

31 1435 68 1485 aa,
93 1424 126 1476 ut
148 1415 231 1476 lacile
253 1425 402 1495 appareat,
425 1415 568 1478 Severum
590 1437 652 1479 non
674 1421 728 1480 has
750 1419 878 1499 quidem,
908 1421 961 1481 sed
989 1419 1060 1480 alias
1083 1428 1180 1480 tamen
1202 1419 1248 1479 le·
1350 1470 1356 1480 .

31 1499 123 1558 ninas
146 1500 285 1579 virosque
309 1501 490 1562 clarissimos
513 1521 549 1564 eo
565 1513 699 1582 tempore
714 1503 847 1577 laesisse,
869 1504 1007 1582 aquibus
1022 1503 1048 1566 is
1065 1503 1250 1564 Christianos

31 1583 165 1662 mpiebat
185 1584 325 1652 discerni.
369 1587 462 1664 Atque
485 1605 539 1662 ego
562 1605 623 1647 non
644 1587 741 1660 video,
770 1589 806 1648 ad
834 1588 918 1666 quale
947 1597 1065 1667 tempus
1087 1588 1184 1665 possit
1204 1587 1249 1648 vis

33 1667 93 1727 stis
121 1667 200 1728 illata
230 1670 345 1741 referri,
381 1669 439 1730 nisi
468 1671 503 1731 ad
532 1670 571 1742 id,
609 1689 667 1750 quo
696 1673 867 1732 interlectos
890 1672 1063 1752 Spartianus
1089 1673 1182 1732 relert
1207 1672 1250 1744 (in
1313 1699 1327 1718 ·

31 1753 95 1812 Seu.
120 1772 145 1812 c.
171 1756 233 1827 tt.)
256 1754 429 1814 innumeros
450 1754 547 1816 Albini
569 1756 698 1835 partium
725 1757 816 1829 viros,
847 1757 924 1817 inter
951 1775 1026 1835 quos
1055 1754 1137 1816 multi
1163 1755 1249 1834 prin-

31 1837 109 1913 :ipes
132 1835 267 1910 civitatis,
290 1838 398 1898 multae
420 1839 544 1930 leminpe
573 1839 702 1900 illustres
732 1843 866 1913 luerunt3
894 1848 1061 1920 propterea,
1091 1840 1170 1917 quod
1192 1840 1250 1900 ista

31 1939 58 1978 n
82 1939 114 1978 re
138 1920 214 1981 inter
236 1922 292 1982 hos
314 1922 476 2000 scriptores
499 1930 545 1984 est
566 1925 613 1985 rel
634 1926 665 1984 in
687 1925 785 1984 verbis
808 1925 949 2002 quaedam
973 1924 1144 1986 similitudo.
1186 1923 1249 2000 Ego

31 2022 99 2064 sero
131 2004 179 2063 vix
207 2005 318 2076 dubito,
352 2007 422 2084 quin
451 2006 580 2069 Severus
609 2009 716 2069 horum
744 2009 978 2070 Christianorum
1014 2009 1097 2086 quasi
1131 2007 1250 2068 tutelam

31 2088 195 2166 susceperit
215 2108 325 2168 eosque
350 2092 498 2151 ornaverit
518 2092 689 2153 testimonio
710 2093 771 2164 tali,
794 2111 853 2172 quo
874 2095 1004 2164 doceret,
1027 2111 1081 2153 eos
1099 2109 1159 2152 non
1182 2109 1250 2152 esse

31 2191 64 2232 ex
92 2173 193 2232 amicis
215 2173 320 2245 Albini,
344 2193 381 2234 nc
407 2175 546 2253 populus,
582 2195 700 2238 causam
730 2177 916 2257 imperatoris
952 2177 1160 2255 praetendens,
1192 2175 1250 2236 hos

31 2256 206 2317 christianae
241 2259 377 2338 religioni
416 2259 549 2322 addictos
588 2261 796 2340 insequeretur
829 2269 1004 2342 raperetque
1037 2260 1066 2320 in
1100 2259 1251 2330 iudicium,

31 2339 146 2417 quibua,
184 2341 240 2402 nisi
278 2345 356 2421 quod
386 2343 544 2404 Christiani
573 2356 683 2415 essent,
707 2345 784 2408 aliud
813 2345 885 2406 nihil
919 2346 990 2408 vitio
1019 2344 1093 2404 verti
1122 2351 1249 2422 poterat.

31 2423 136 2484 l'erum
158 2425 248 2503 igitur
270 2428 309 2486 sit
331 2427 410 2499 illud,
434 2429 530 2488 statim
553 2438 770 2508 postmortem
792 2430 888 2490 Albini
912 2438 940 2490 et
961 2438 1029 2491 ante
1052 2427 1154 2489 Severi
1176 2444 1249 2506 pro-

31 2509 186 2569 iectionem
223 2521 323 2571 contra
350 2511 488 2584 Parthos,
517 2515 546 2574 h.
570 2532 595 2574 e.
626 2533 652 2573 a.
676 2513 820 2586 cxcvii,
843 2514 986 2594 populum
1009 2513 1193 2575 Christianos
1222 2511 1250 2570 ai
1288 2517 1289 2520 ’

31 2611 198 2670 aggressum
220 2594 321 2656 luisse.

507 2881 513 2892 .
579 2802 608 2876 a.
633 2797 696 2860 mr.

114 2931 246 3008 lienique
267 2940 298 2993 et
318 2934 376 2993 hoc
396 2951 456 2992 non
479 2932 542 2992 leve
557 2939 605 2992 est
619 2940 824 3010 argumentum
839 2939 960 2992 nostrae
975 2930 1148 3001 sententiae,
1172 2927 1251 3006 quod

32 3025 181 3092 appareat,
205 3005 426 3096 Apologetictrm
448 3015 621 3077 Tertulliani
649 3034 709 3076 non
739 3033 830 3094 posse
851 3015 957 3076 litteris
979 3013 1148 3074 mandatum
1172 3031 1250 3083 esse,

32 3099 90 3158 nisi
111 3109 178 3160 aute
200 3099 264 3161 illas
288 3101 367 3178 leges
390 3101 507 3171 severis
536 3101 573 3160 de
595 3111 652 3178 qua
673 3118 707 3160 re
728 3117 816 3160 nemo
839 3098 972 3160 dubitare
993 3105 1101 3176 potest,
1125 3096 1174 3176 qui
1197 3113 1250 3156 co-

32 3185 118 3260 gitate
141 3184 219 3245 hunc
240 3184 370 3246 libellum
393 3185 534 3245 humavit.
580 3183 640 3245 Sed
661 3185 773 3263 poterit
794 3203 830 3244 ex
851 3185 899 3256 iis,
923 3201 997 3261 quae
1019 3190 1121 3260 postea
1144 3181 1250 3259 dispu-

32 3266 175 3338 tabimus,
204 3271 284 3329 nullo
308 3269 426 3348 negotio
449 3269 586 3348 intelligi,
616 3270 701 3330 istam
725 3268 927 3330 defensionem
950 3275 1081 3328 veterum
1104 3265 1251 3326 Christia-

32 3369 136 3412 norum
159 3361 254 3414 aetate
275 3355 446 3414 inferiorem
470 3373 537 3414 esse
559 3353 642 3414 libris
670 3354 736 3414 eius
759 3352 795 3412 ad
817 3353 974 3431 Martyres,
1009 3352 1045 3411 de
1068 3349 1251 3430 Spectacuhs

32 3436 125 3513 deque
146 3437 325 3498 idololatria.
371 3437 562 3517 vicissimque
584 3455 631 3499 me
655 3455 745 3518 spero
767 3437 807 3498 ita
838 3437 1029 3508 ellecturum,
1066 3434 1147 3516 quod
1175 3434 1252 3494 istae

32 3520 181 3598 religionis
205 3522 382 3583 christianae
409 3522 553 3585 vindiciae
576 3523 701 3602 scriptae
724 3523 785 3584 sint
807 3520 862 3582 sub
885 3520 999 3582 initium
1023 3539 1049 3581 a.
1073 3518 1196 3590 CXClX,
1219 3527 1254 3578 ut

33 3621 117 3666 tiemo
138 3606 182 3666 vel
205 3606 346 3667 mediocri
369 3607 399 3667 in
422 3607 468 3667 his
491 3606 600 3668 iudicio
622 3607 773 3686 praeditus
794 3607 831 3666 de
854 3605 910 3666 ista
932 3623 964 3664 re
986 3604 1119 3666 dubitare
1141 3601 1250 3692 possit.

33 3691 128 3760 Quare
151 3699 212 3751 tuna
240 3690 407 3769 apparebit,
441 3691 535 3752 libros
558 3690 595 3751 de
616 3691 797 3770 Spectaculis
825 3697 912 3768 atque
935 3689 971 3749 de
992 3683 1251 3778 ldololatriaunulh

33 3773 78 3834 alii
108 3793 186 3834 anno
217 3793 308 3853 posse
336 3774 496 3853 assignari,
529 3774 589 3834 nisi
618 3793 643 3834 a.
673 3773 820 3836 CXCVlll.
864 3771 1022 3832 Enimvero
1051 3765 1251 3848 Tertullianus

33 3865 174 3936 martyres
203 3859 325 3938 proprio
353 3858 452 3920 libello
481 3859 516 3918 ad
546 3859 741 3920 constantiam
770 3855 1017 3934 concordiamque
1046 3855 1181 3913 hortatus
1204 3855 1253 3942 est

33 3942 131 4018 prius,
154 3959 240 4020 quam
261 3961 295 4003 se
318 3944 484 4020 accingeret
506 3943 542 4002 ad
565 3939 740 4002 scribendos
762 3942 818 4000 hos
840 3939 917 4012 duo,
947 3957 1023 4017 quos
1046 3936 1190 4004 diximus,
1213 3931 1252 3990 h-

33 4025 116 4085 bros.
161 4026 262 4105 ltaque
283 4045 408 4088 necesse
430 4035 478 4087 est
500 4026 608 4098 dicere,
630 4024 738 4085 librum
761 4025 797 4086 ad
819 4023 960 4101 Martyres
982 4023 1044 4082 lere
1066 4038 1093 4078 a.
1117 4013 1250 4078 CXCVII.

33 4109 179 4169 inlunem
202 4111 312 4172 editam
334 4112 438 4172 luisse.
483 4109 566 4182 Quae
586 4127 646 4169 una
673 4127 722 4169 res
745 4116 878 4170 nostram
907 4103 1083 4166 sententiam
1105 4101 1142 4161 de
1163 4116 1252 4166 anso.

34 4211 92 4271 quo
115 4194 189 4254 haec
204 4196 346 4284 puperior
367 4195 480 4256 vexatio
504 4192 738 4256 Christianorum
762 4191 886 4270 incepit,
917 4189 1002 4268 ponit
1030 4193 1111 4246 extra
1134 4201 1253 4244 omnem

33 4277 255 4340 dubitationem.
298 4279 429 4357 Namque
451 4279 492 4350 hi,
514 4277 622 4356 quihus
643 4276 750 4336 librum
774 4274 890 4340 obtulit,
913 4274 970 4334 iam
992 4274 1111 4332 luerunt
1131 4275 1254 4356 propter

33 4361 204 4440 religionem
227 4362 417 4424 christianam
446 4364 476 4422 in
498 4361 612 4422 vinmla
634 4359 774 4431 coniecti,
802 4369 1013 4435 naortpresque
1035 4354 1084 4416 isti
1107 4353 1256 4430 desipienti

33 4457 206 4526 argumento
229 4457 315 4521 sunt,
343 4455 405 4507 tum
427 4446 552 4508 deorum
574 4445 703 4506 cultores
725 4443 782 4503 vim
806 4441 980 4500 Christianis
1003 4438 1149 4501 intulisse.
1193 4433 1253 4496 Sed

35 4531 129 4593 obiter
149 4531 223 4592 haec
245 4533 324 4606 lere,
347 4548 427 4591 nunc
446 4531 530 4610 plura
553 4530 589 4591 de
611 4528 695 4590 libris
717 4528 764 4589 his
785 4525 860 4604 ipsis
882 4525 1026 4586 dabimus.
1108 4593 1114 4604 ,
