3078 5248
276 367 339 430 ott
466 380 559 424 oasin
576 379 769 427 raaromuru
783 380 873 424 osan
887 381 918 426 m
932 381 1122 426 nosramsuo
1137 381 1259 426 sennar
1273 381 1370 425 vrnaar

277 551 370 612 prope
392 530 506 592 numeri
528 529 655 610 capitum
676 549 831 606 numerum
853 531 1028 594 indiciorum
1049 531 1235 595 llontanismi
1259 549 1383 611 aequare
1402 531 1471 594 vide·

278 626 373 678 autur.
427 614 461 676 ln
494 613 569 676 libro
603 615 639 677 de
670 615 812 678 Pudicitia
846 616 924 678 idem
956 615 1124 678 dominatur
1154 617 1298 678 adversus
1333 615 1470 695 Psychicos

280 701 404 772 odium',
427 699 529 775 eadem
547 707 653 764 ‚conus
674 700 845 780 discipliuae
866 700 1013 763 laxitatem
1035 699 1208 780 indignatio,
1236 719 1336 780 quarm
1364 720 1424 762 oum
1441 702 1470 762 li-

277 785 384 848 hellum
408 783 606 846 Tertullianus
629 784 785 857 scriberet,
813 785 906 865 magis
929 786 1024 848 adhue
1045 787 1219 848 excitaverat
1239 785 1407 866 episcopus,
1427 786 1470 846 dn·

275 870 356 932 bium
371 869 521 930 Romanus
544 887 581 930 an
596 868 853 948 Carthaginiensis,
876 870 926 949 qui
948 869 1085 932 omnibus
1107 878 1177 950 post
1196 869 1377 950 baptismum
1401 869 1470 930 adul-

277 954 344 1016 terii
366 953 431 1016 laba
452 952 673 1026 contaminatis,
705 955 756 1016 sed
779 954 1018 1033 poenitentibus,
1051 956 1164 1016 reniam
1186 955 1223 1016 ah
1246 954 1371 1016 ecelesia
1393 955 1472 1014 daun

277 1039 313 1100 iri
335 1038 451 1118 publice
472 1037 619 1117 pollicitus
642 1045 714 1100 erat
757 1039 961 1118 Parvulgatum
988 1047 1087 1102 autem
1114 1049 1175 1112 est,
1209 1059 1245 1100 cx
1267 1039 1396 1100 Montani
1416 1057 1471 1099 san·

278 1123 366 1186 tentia
388 1122 519 1196 moechis
542 1141 603 1184 non
629 1122 726 1186 miuus
762 1141 849 1202 quam
887 1123 1050 1186 idololatris
1089 1143 1124 1186 ac
1154 1124 1313 1186 homicidis
1352 1123 1471 1184 ecclesiae

277 1216 394 1289 portam
415 1207 446 1270 iu
467 1215 641 1286 perpetuum
664 1206 858 1270 obserandam
881 1208 1004 1270 luisse‘.
1058 1208 1100 1270 De
1122 1209 1280 1270 iactatione
1302 1207 1434 1269 Paracleti
1451 1217 1472 1268 et

278 1293 315 1354 de
343 1292 552 1371 Psychicorum
584 1291 722 1365 nomine,
758 1293 836 1372 quod
870 1293 900 1354 iu
927 1293 985 1354 hoo
1010 1292 1108 1355 lihello
1136 1294 1308 1372 frequenter
1336 1292 1472 1371 ingeminat

279 1377 494 1450 Tertullianus,
528 1377 626 1438 dicere
655 1376 751 1438 mitto.
805 1376 865 1438 lam
896 1378 974 1440 enim
1007 1379 1043 1440 ad
1075 1377 1162 1439 binos
1195 1378 1368 1457 superiores
1398 1375 1470 1437 libros

278 1461 550 1535 animadvertimus,
579 1461 742 1524 certissima
764 1462 953 1524 Montanismi
975 1462 1095 1541 vestigia
1117 1462 1147 1523 in
1170 1461 1217 1524 his
1239 1461 1371 1523 dicteriis
1392 1461 1470 1521 coati-

277 1547 351 1608 nari.
395 1545 467 1608 lllud
491 1545 625 1626 denique,
655 1546 733 1624 qnod
756 1547 792 1607 de
814 1547 894 1626 Fuga
915 1546 944 1607 in
967 1547 1178 1608 Persecutiona
1199 1546 1374 1608 inscribitur
1395 1563 1469 1623 opus-

278 1630 384 1704 culum,
406 1649 579 1711 quamquam
601 1629 637 1692 ab
658 1630 837 1710 Hieronymo
859 1632 936 1694 inter
957 1631 1074 1692 eristica
1096 1641 1126 1692 et
1148 1649 1182 1692 ax
1204 1632 1345 1710 professo
1367 1629 1470 1690 catholi-

277 1717 319 1780 cis
342 1715 477 1795 opposita
499 1715 663 1794 reponitur,
687 1722 744 1776 tarn
767 1715 870 1777 acerbe
893 1724 1000 1790 muron,
1029 1733 1116 1794 quam
1138 1715 1256 1794 quidem
1281 1715 1338 1776 tria
1359 1713 1469 1793 praviora

278 1807 516 1873 commemorata,
539 1799 694 1860 Catholicis
717 1819 776 1860 nou
798 1799 945 1880 insultat..
964 1799 1178 1862 Monunisncis
1200 1819 1272 1861 vero
1289 1797 1469 1862 iactatiooihvn

279 1893 310 1946 et
337 1885 512 1964 praesertim
542 1883 588 1944 illa
616 1883 790 1963 gloriatione
818 1886 854 1946 da
880 1903 936 1948 suo
959 1885 1107 1947 Paracleto
1134 1885 1296 1946 deductore
1324 1885 1355 1946 in
1377 1899 1470 1944 omnen

278 1969 429 2030 veritatem
451 1987 512 2031 non
534 1975 638 2041 caret',
660 1967 754 2029 ubivis
777 1978 874 2030 autem
896 1969 967 2032 illud
988 1988 1136 2049 magnum,
1159 1978 1189 2030 et
1211 1970 1291 2049 quod
1316 1987 1403 2032 unum
1423 1967 1469 2026 sol·

279 2054 367 2114 licere
388 2061 501 2133 posset,
518 2053 648 2131 ,emergit
668 2053 819 2126 indicium,
847 2053 928 2132 rigor
951 2071 1040 2134 supra
1061 2055 1182 2116 modum
1205 2063 1348 2115 extensus
1369 2061 1397 2114 et
1416 2069 1467 2130 per·

279 2137 440 2206 secutionis
463 2137 580 2199 evitatio
602 2137 815 2210 vehementius,
839 2157 925 2217 quarn
947 2139 1010 2200 lieri
1034 2139 1200 2218 oportebat,
1224 2139 1370 2200 damnata.
1411 2133 1468 2196 Satis

179 2219 183 2230 '
280 2222 366 2284 etiam
382 2222 579 2284 Tertullianus
601 2221 769 2296 discrimen,
793 2231 850 2301 qno
872 2242 924 2284 sua
946 2223 1247 2302 Montanistaruurque
1271 2221 1413 2286 sententia
1431 2219 1468 2278 de-

280 2307 384 2371 llueret
405 2305 435 2367 in
457 2305 515 2368 hoc
535 2313 706 2383 argumento
729 2325 745 2366 a
774 2306 879 2368 ceteris
909 2307 1082 2370 Christianis
1117 2307 1226 2369 indicat
1260 2305 1468 2382 crediderimtptt

279 2390 416 2466 Fabium,
450 2391 484 2451 ad
507 2408 593 2470 quern
614 2389 690 2450 liber
711 2390 747 2452 de
768 2390 847 2470 Fuga
870 2391 999 2470 scriptus
1028 2401 1089 2465 est,
1123 2412 1139 2454 a
1161 2392 1292 2454 Montani
1315 2409 1400 2472 grege
1420 2401 1467 2448 tunt

279 2475 406 2536 alienum
428 2475 531 2548 luisse,
560 2473 698 2553 quoniam
715 2475 913 2538 Tertullianus
936 2495 1002 2537 euru
1026 2484 1056 2538 et
1076 2496 1152 2555 quos
1174 2477 1355 2556 sequebatur
1375 2495 1390 2536 a
1409 2483 1466 2534 secta

280 2579 333 2622 sua
356 2559 511 2640 perspicue
533 2567 679 2639 separat',
703 2568 733 2620 et
755 2560 916 2622 doctrinam
938 2560 975 2622 de
997 2561 1113 2624 vitanda
1134 2561 1297 2622 vexationis
1321 2563 1395 2640 luga,
1414 2571 1466 2636 quat

279 2644 463 2706 Montanistis
486 2644 563 2706 inter
584 2643 756 2724 praecipuas
780 2653 809 2706 et
828 2645 1021 2724 'quotidianas
1055 2654 1132 2720 erat,
1170 2666 1186 2707 a
1212 2646 1305 2708 Fabio
1334 2647 1426 2707 duram
1448 2647 1466 2698 tt

278 2728 491 2791 intolerabilem
513 2727 644 2790 habitum
666 2729 701 2790 iri
725 2729 922 2809 suspicatur&
967 2731 1062 2804 Talia,
1090 2731 1121 2792 ni
1143 2731 1249 2804 fallor,
1264 2729 1463 2792 llontanisuun

278 2814 344 2876 libri
369 2813 441 2876 satis
464 2813 610 2874 evincunt.
653 2813 799 2876 Adderem
827 2813 905 2876 aliud
933 2823 1154 2894 argumentum,
1191 2816 1270 2894 quod
1304 2833 1365 2878 non
1395 2809 1462 2900 vaihts

241 2911 244 2920 '
279 2907 386 2980 potens
410 2905 505 2970 esset,
534 2899 587 2960 sed
609 2898 667 2958 vim
688 2907 787 2960 tamen
807 2917 908 2970 suam,
939 2909 1043 2980 postea
1065 2901 1201 2972 demum,
1229 2900 1348 2978 quando
1371 2891 1462 2958 dedis

279 2978 452 3064 quibusdam
475 2982 644 3045 Tertulliani
667 2982 750 3044 libris
777 2983 1040 3062 disputaverimus,
1072 2985 1188 3064 planius
1211 2984 1376 3064 explicabit.
1413 2979 1465 3040 rato

280 3069 359 3130 enim
381 3067 497 3130 ostendi
519 3084 620 3147 posse,
642 3067 852 3129 Tertullianum
866 3069 950 3148 prius
969 3069 1006 3130 ad
1021 3068 1213 3132 bluntanistas
1228 3069 1385 3141 deiecisse,
1405 3075 1465 3142 qttffl

280 3153 439 3214 Christiani
461 3152 516 3214 suh
540 3151 649 3213 Severo
671 3145 799 3230 prinlum
820 3172 837 3214 a
859 3153 1044 3232 praesidibus
1065 3154 1301 3234 provinciarum,
1337 3147 1466 3214 norisdnt

279 3256 349 3298 vero
371 3255 425 3316 per
447 3236 540 3298 edicta
555 3237 746 3316 Imperatoris
768 3237 863 3316 ipsius
885 3239 982 3300 vexari
1005 3247 1172 3318 coeperant,
1196 3239 1330 3326 adeoque
1353 3251 1411 3298 eun
1429 3227 1465 3320 adj

279 3321 338 3382 huo
365 3320 486 3382 ecclesia
514 3339 585 3400 pace
613 3322 769 3382 frueretur.
814 3321 917 3384 Veniet
937 3342 1005 3385 mox
1033 3321 1089 3384 bac
1109 3323 1146 3384 de
1167 3343 1200 3385 re
1221 3323 1309 3385 latins
1332 3311 1466 3383 dissereotlt

281 3401 373 3466 loeus.
417 3404 474 3466 llic
494 3423 564 3465 vero
587 3405 624 3466 da
645 3405 830 3486 Pugaliher,
851 3425 917 3467 cum
939 3407 1161 3488 persecutiones
1183 3409 1241 3470 iam
1262 3403 1466 3470 inardescerent

217 3619 221 3634 ·
280 3590 380 3642 Calvoer
405 3589 496 3640 llituala
519 3591 545 3642 P.
570 3590 598 3640 ll.
623 3607 646 3655 p.
669 3591 728 3645 299.
760 3592 863 3642 Plaooer
914 3607 965 3658 cap.
985 3593 1013 3644 ll.
1031 3593 1136 3644 ldorinos
1160 3595 1189 3644 de
1207 3594 1369 3645 Administrat.
1385 3591 1466 3658 Sanan

280 3659 378 3710 (tbserv.
402 3657 493 3708 Ecclea.
518 3658 586 3708 Tam.
606 3659 635 3708 ll.
660 3659 718 3710 Oba.
734 3659 765 3722 ll.
785 3667 808 3709 et
826 3659 861 3711 ll.
913 3661 1004 3712 Poenit.
1022 3663 1093 3713 Liber
1112 3664 1129 3713 l.
1147 3677 1198 3728 cap.
1217 3663 1241 3712 l.
1259 3678 1283 3726 p.
1294 3662 1319 3712 8.
1354 3661 1386 3710 lo.
1403 3657 1466 3706 naara

281 3729 405 3778 Cabassut.
429 3727 501 3777 Notit.
535 3726 625 3776 Cocles.
652 3727 718 3778 Saec.
745 3728 775 3776 ll.
799 3727 862 3778 lliss.
914 3730 943 3779 da
967 3729 1057 3780 Canon.
1078 3731 1176 3794 lliseipl.
1201 3732 1262 3780 circa
1282 3730 1408 3779 Poeoitaot
1430 3733 1466 3780 tat.

280 3796 326 3846 xx.
352 3811 375 3859 p.
394 3795 436 3845 55.
471 3793 600 3859 christoph
624 3793 715 3846 lostelli
739 3795 814 3846 llatae
838 3795 862 3846 in
914 3797 971 3847 l'lll.
992 3799 1054 3863 Opp.
1073 3799 1099 3848 T.
1119 3798 1159 3847 lll.
1178 3812 1201 3861 p.
1213 3797 1254 3847 bh.
1274 3793 1419 3860 albaspiaaci
1433 3787 1466 3836 Ol·

281 3865 333 3913 cod.
359 3865 448 3914 Canon.
466 3863 559 3912 Cocles.
578 3863 642 3912 Uoir.
661 3879 684 3928 p.
699 3863 739 3914 89.
758 3863 862 3914 Coteler.
914 3879 974 3916 sarr.
1000 3865 1068 3916 lllll.
1093 3867 1193 3930 eiusque
1217 3873 1240 3914 et
1265 3865 1365 3916 aliorum
1389 3867 1430 3910 aot·
1447 3849 1465 3899 tl

280 3931 309 3982 ad
329 3931 430 3982 llcrmat
453 3931 544 3982 Pastor.
564 3931 615 3980 Lib.
634 3931 673 3981 lll.
693 3947 716 3996 p.
737 3931 793 3982 tot.
811 3947 861 3996 seq.
913 3933 1053 3984 Tertullian.
1083 3933 1113 3984 da
1141 3933 1264 3984 Pudicitia.
1294 3934 1349 3984 Orsi
1373 3929 1427 3978 nin.
1447 3919 1466 3968 dt

281 3999 336 4048 edit.
361 3999 448 4050 Clario.
471 3999 580 4062 bevarag.
605 4001 690 4049 Annot
721 4001 744 4050 io
772 4001 863 4050 &aon
913 4002 1013 4066 Capitol.
1033 4002 1105 4052 crim.
1122 4002 1230 4054 dboolat.
1247 4002 1311 4052 Sact.
1329 4000 1359 4050 ll.

280 4073 361 4130 ΑΡῦθῑ·
387 4083 438 4146 ⁰⁸⁹:
464 4065 504 4116 69·
541 4066 574 4116 ¹⁰·
600 4067 707 4118 cmm·
733 4067 767 4116 ΒΘ
786 4067 862 4148 11131,Ῑὲ
946 4084 1122 4136 tl'artnllian.
1140 4085 1170 4136 da
1188 4085 1251 4148 Fuga
1270 4085 1465 4136 teramnanae

282 4133 388 4184 Coenob.
412 4133 463 4184 lab.
487 4133 522 4182 tv.
550 4149 602 4197 cap.
626 4134 655 4185 at
683 4143 705 4184 et
729 4134 770 4185 22.
788 4145 813 4184 ot
830 4135 861 4184 rba
914 4152 1030 4202 10114,

282 4209 410 4252 comment.
434 4202 513 4252 ltardt
532 4204 615 4254 Carrei
634 4204 659 4253 C.
679 4204 704 4252 F.
724 4203 860 4268 christoph.

281 4268 362 4331 argeti
381 4269 483 4319 lllstoria
503 4271 591 4322 Graeca
610 4287 633 4335 p.
653 4271 710 4320 tos.
729 4287 782 4336 sqq.
947 4261 969 4295 ¹¹·
995 4245 1064 4295 *bid*
1090 4245 1237 4296 mmm
1264 4253 1338 4296 (ΝΜ
1354 4231 1465 4292 mmmm

315 4385 335 4418 r.
353 4369 492 4418 Tertullian.
511 4371 540 4420 dc
559 4371 672 4422 Pudicitia
692 4387 744 4438 cap.
766 4372 794 4422 l:
813 4373 863 4422 Erit
909 4312 1416 4446 pppiepsmppp,appphosrpmlopzpssl'tpprt'lpatppp
1433 4311 1466 4416 ἑοὶ

281 4439 353 4500 igitur
370 4443 391 4486 et
409 4438 445 4486 tte
463 4439 570 4488 adorram
590 4439 710 4502 Pspelvlcos
728 4441 817 4490 titulus.
912 4451 957 4499 atta
981 4451 1056 4498 adbuc
1079 4452 1147 4498 etiam
1170 4451 1224 4498 aliis
1254 4445 1416 4515 quaestionibus
1436 4433 1464 4484 tl

313 4554 332 4587 s.
352 4537 476 4600 llottiagar
499 4538 528 4588 de
554 4539 700 4590 Paenitentia
728 4557 752 4605 p.
773 4541 789 4590 9
807 4557 862 4606 sqq,
913 4519 964 4566 '¹5²⁸‘
982 4519 1045 4566 ‘'llt·

280 4607 392 4658 llallaeua
416 4605 445 4656 de
463 4605 540 4656 loric.
559 4606 716 4658 Conlesaioaa
739 4609 810 4663 tiber
827 4609 863 4659 tv.
947 4623 968 4660 a.
987 4609 1046 4660 lbid.
1065 4623 1116 4676 cap.
1137 4608 1176 4661 14.
