3082 5238
87 388 91 402 v
190 387 192 392 ·
266 357 329 422 est
351 373 389 414 uu
403 370 478 413 vem
491 369 606 412 narare
620 371 656 412 ac
670 369 817 413 nocrnrna
832 369 1018 414 socrrronnr
1032 369 1229 414 rsnrucnrnn
1245 369 1428 415 nrsrnrrrro

266 527 390 616 quartus
411 517 479 582 trib.
504 525 570 614 'pot
593 518 684 580 Getae
712 517 811 580 medic
840 537 867 580 a.
890 517 986 614 Gtffl.
1015 519 1124 582 merito
1151 517 1241 580 demt
1265 519 1444 600 adc'qgnarh
1477 541 1491 582 a

264 603 597 764 ttrtnttltrt
613 603 1491 766 ttttttttlltltnttltttttfttt'frr

263 783 310 868 ret
331 779 361 848 et
381 771 455 844 hoc,
487 770 596 832 librum
618 769 791 831 Tertulliani
813 770 851 831 de
871 769 964 830 Pallio
987 770 1085 832 medio
1115 770 1178 832 eius
1200 733 1272 834 anni
1291 789 1365 834 esse
1388 707 1490 834 effl-

262 866 378 917 uorem.
442 905 444 910 .

793 1023 822 1096 S.
852 965 984 1082 ΧΧΧΙ..

346 1138 405 1199 Sed
427 1156 493 1198 cum
516 1135 680 1198 accuratior
702 1135 770 1196 anni
793 1136 874 1210 eius,
909 1153 968 1216 quo
991 1135 1120 1215 scriptus
1149 1137 1197 1196 iric
1217 1135 1294 1197 liber
1316 1147 1385 1209 est,
1422 1139 1489 1199 ratio

260 1223 441 1303 postuletur,
465 1221 514 1300 qui
530 1220 587 1280 ista
602 1219 739 1280 subtilius
762 1219 921 1292 dissemnt,
943 1219 1062 1292 abeunt,
1086 1229 1225 1298 quanmm
1247 1219 1350 1292 rideo,
1375 1221 1411 1280 in
1434 1241 1489 1282 ean

170 1353 174 1360 .
262 1305 454 1376 sententiam,
488 1312 521 1366 ut
548 1303 578 1364 in
601 1321 710 1364 annum
733 1301 829 1364 ccxl.
853 1322 921 1364 eum
943 1303 1158 1365 coniiciendum
1180 1303 1380 1366 arbinentur.
1420 1305 1489 1366 ltilnl

262 1390 341 1452 enim
369 1398 486 1450 ceteros
513 1405 680 1460 moramur,
717 1387 768 1465 qui
796 1405 901 1448 versus
931 1389 1019 1447 finem
1048 1387 1163 1466 imperii
1192 1387 1293 1448 Severi
1324 1389 1390 1450 boc
1421 1407 1488 1467 opas

261 1481 410 1535 exaratum
437 1471 531 1549 magis
564 1470 701 1532 universe
733 1471 940 1548 pronunciant.
985 1471 1043 1531 Sed
1072 1471 1121 1548 qui
1150 1471 1244 1549 magis
1274 1489 1344 1532 eam
1369 1489 1439 1532 rem
1460 1473 1488 1531 ai

261 1555 451 1619 subtilitatem
474 1554 712 1632 chronologicam
735 1557 908 1632 exegerunt.
942 1553 1021 1615 Sam.
1044 1553 1234 1633 Basnaginsr
1266 1561 1297 1614 et
1325 1555 1385 1633 qui
1416 1556 1488 1616 illim

261 1640 403 1720 sequitur,
427 1640 498 1700 Ten.
521 1637 759 1716 Gottingensinm
783 1637 972 1710 Walchiuss,
995 1639 1035 1710 hi,
1059 1638 1190 1716 inquam,
1213 1657 1249 1699 eo
1271 1657 1335 1716 quo
1362 1638 1487 1700 diximus

259 1743 337 1786 anno
360 1723 503 1802 scriptum
524 1721 604 1784 bunc
624 1719 731 1782 libnnn
753 1739 822 1783 esse
844 1721 1024 1794 decernunt;
1061 1729 1130 1782 sunt
1152 1721 1230 1783 enim
1252 1721 1411 1799 quaedam
1433 1723 1487 1784 dns

258 1807 326 1868 libri
348 1806 556 1868 similitudines
578 1823 644 1866 cmn
666 1805 755 1866 rebus
784 1823 907 1882 quarum
935 1803 982 1865 hic
1005 1803 1201 1866 Tertullianus
1230 1805 1427 1866 mentionem
1449 1808 1487 1866 in-

260 1891 337 1952 iecit.
380 1889 489 1950 Verum
522 1890 579 1951 ista
605 1907 639 1950 re
666 1887 823 1968 diligenter
845 1888 1024 1962 examinata,
1047 1889 1118 1948 mibi
1140 1889 1255 1950 animus
1278 1889 1385 1968 magis
1410 1891 1487 1950 incli-

258 1975 339 2036 narit
358 1975 389 2036 in
412 1991 476 2035 eam
498 1978 686 2045 sententiam,
709 1973 789 2050 quod
810 1971 868 2033 iste
888 1972 1004 2034 libellus
1028 1971 1066 2033 sit
1087 1973 1148 2033 lere
1163 1973 1199 2033 ad
1213 1973 1303 2033 finem
1320 1991 1352 2033 a.
1372 1974 1487 2035 celtu

242 2059 454 2142 'compositus
499 2055 757 2129 Quamobrem,
786 2075 858 2135 pace
880 2054 1045 2118 Venerandi
1068 2056 1145 2128 Viri,
1174 2073 1260 2135 quem
1285 2075 1387 2135 spero
1412 2059 1486 2120 latiis

257 2143 372 2202 reniam
395 2142 530 2202 daturum
554 2157 621 2200 esse
643 2139 756 2200 bomini
778 2139 907 2218 ingenuo
935 2157 1096 2217 rerumque
1118 2139 1183 2200 sine
1206 2139 1264 2201 ulla
1290 2143 1486 2202 contentione

258 2225 390 2285 invenire
411 2223 531 2295 volenti,
555 2241 588 2283 ea
611 2221 760 2302 explicabo
783 2223 970 2295 brevissime,
993 2241 1067 2300 quae
1090 2232 1291 2296 memorent,
1314 2233 1355 2286 ut
1379 2226 1419 2284 de
1442 2245 1484 2284 re-

260 2309 347 2369 ritate
370 2308 435 2367 eius
460 2307 623 2367 sententiae
646 2305 844 2373 subdubitem.
867 2325 999 2385 maeque
1014 2305 1049 2368 ad
1066 2325 1140 2378 eam,
1165 2324 1251 2386 wem
1274 2306 1360 2368 obiri
1377 2309 1486 2373 vellem

258 2389 520 2453 commendandam
543 2391 637 2451 lacere
658 2391 755 2468 aliquo
777 2391 867 2452 modo
890 2390 1034 2452 videntur.
1065 2389 1205 2451 Videlicet
1224 2389 1283 2451 ista
1305 2409 1405 2454 secus
1423 2412 1485 2453 sen-

257 2475 393 2537 tientium
416 2473 518 2552 opinio
539 2473 676 2536 universa
699 2473 825 2536 ellicitur
846 2473 1038 2536 similitudine
1054 2492 1168 2547 eorum,
1191 2493 1265 2553 quae
1282 2473 1486 2536 Terttdliaurs

257 2556 363 2632 babet,
396 2575 463 2619 enm
485 2557 538 2630 iis,
571 2575 647 2636 quae
669 2557 779 2620 sumus
802 2558 860 2619 isto
884 2575 961 2619 anno
985 2557 1080 2618 CCXI.
1104 2557 1275 2636 contigisse.
1321 2559 1389 2620 Sed
1416 2559 1486 2622 istud

257 2642 376 2721 quidem
404 2649 609 2720 argumentum
637 2640 754 2702 tametsi
782 2659 843 2702 non
871 2641 1005 2702 rideatur
1025 2641 1237 2720 repudiandum
1260 2659 1315 2720 per
1342 2661 1398 2716 se,
1432 2661 1485 2702 non

256 2734 354 2788 tamen
376 2726 515 2798 multum,
539 2725 661 2804 opinor,
685 2725 829 2786 firmitatis
852 2725 957 2798 habet,
980 2725 1004 2786 si
1027 2723 1129 2786 eadem
1153 2724 1314 2805 similitudo
1342 2745 1392 2796 ea,
1418 2745 1484 2804 qttar

255 2809 464 2871 aTertulliano
487 2809 564 2870 dicta
587 2815 667 2881 sunt,
689 2808 847 2870 intercedit
868 2827 933 2870 cnm
957 2807 1005 2881 iis,
1029 2825 1103 2887 quae
1125 2807 1282 2869 extiterunt
1304 2827 1333 2870 a.
1353 2809 1484 2871 cortu„

256 2899 286 2954 et
307 2893 413 2954 amittit
434 2892 492 2954 dm
513 2891 658 2971 probandi
681 2909 810 2964 omnem,
843 2892 869 2953 si
891 2892 991 2971 possit
1013 2891 1130 2952 ostendi
1153 2911 1179 2952 a.
1202 2891 1299 2953 CGlll.
1323 2891 1421 2970 plane
1443 2895 1483 2952 di-

255 2995 342 3038 versa
373 2975 517 3037 accidisse
551 2973 587 3036 ab
619 2975 674 3047 iis,
711 2993 786 3054 quae
816 2975 841 3035 is
870 2975 900 3036 in
929 2974 1006 3036 libro
1028 2983 1133 3036 nostro
1155 2975 1316 3036 memoriae
1342 2977 1483 3054 prodidit

256 3059 344 3132 Quod
366 3068 523 3138 utrumque
547 3059 594 3120 blo
615 3059 655 3118 ita
678 3076 711 3119 se
740 3075 865 3136 prorsus
893 3057 991 3120 habet.
1035 3058 1125 3130 Nam,
1162 3065 1194 3119 ut
1225 3059 1261 3118 de
1294 3058 1358 3119 boc
1391 3062 1483 3122 dican

254 3143 350 3222 primo
372 3142 450 3215 loco,
473 3161 539 3204 eum
561 3151 697 3204 nostrum
712 3141 841 3203 libellum
862 3141 968 3204 litteris
983 3142 1135 3203 mandaret
1149 3141 1365 3216 Tertullianus,
1388 3144 1483 3206 Airita

253 3225 312 3287 iant
334 3226 455 3286 vacabat
476 3245 492 3287 a
514 3226 762 3294 terraemotibus
784 3227 821 3296 (c.
838 3229 867 3289 2.
891 3227 1087 3304 p.133.l.):
1107 3229 1192 3308 pacis
1215 3237 1305 3288 erant
1330 3237 1362 3289 ct
1383 3248 1481 3290 mne

253 3327 311 3370 noe
335 3313 413 3380 otto,
443 3311 478 3371 ob
501 3313 627 3388 imperio
650 3322 679 3372 et
701 3329 719 3370 c
742 3309 823 3373 coelo
848 3311 918 3372 bear
941 3321 1009 3372 erat
1030 3313 1069 3380 (o.
1095 3313 1146 3385 1.).
1191 3309 1248 3372 Sed
1271 3327 1308 3369 eo
1333 3317 1481 3390 tempore

253 3409 313 3470 quo
336 3390 372 3452 ad
394 3391 547 3470 Scapulam
569 3393 743 3472 perscripsit
765 3412 808 3465 ea,
831 3393 939 3471 quibus
962 3392 1090 3454 animum
1114 3392 1178 3453 eius
1200 3403 1357 3456 revocaret
1381 3415 1481 3456 anu-

253 3473 372 3535 delitate
394 3475 535 3536 adversus
551 3475 746 3549 Christianos,
769 3477 849 3555 quod
871 3478 932 3538 lere
954 3479 1061 3538 lactum
1084 3484 1130 3538 est
1151 3497 1177 3538 a.
1194 3476 1301 3548 CCXL,
1325 3486 1362 3539 ut
1377 3491 1482 3557 postea

253 3557 441 3632 docebimus,
464 3557 522 3620 iem
544 3569 611 3622 ante
633 3577 741 3622 annum
763 3559 922 3632 imbribus,
952 3560 1035 3639 igne,
1059 3559 1242 3630 tonitrubus,
1265 3560 1389 3622 delectu
1415 3563 1482 3623 suis

253 3641 377 3721 aliisque
404 3643 554 3720 perterriti
578 3652 663 3705 erant
684 3643 821 3706 Africani.
867 3643 950 3716 Quae
978 3643 1077 3705 omnia
1105 3663 1173 3707 cum
1195 3642 1405 3706 Tertullianus
1430 3648 1480 3706 de-

251 3727 351 3788 lendat
372 3743 536 3804 poenarum
557 3725 652 3788 instar
673 3728 765 3788 luisse
788 3727 911 3788 deornm
934 3727 1097 3788 cultoribus
1119 3735 1294 3808 propterea,
1329 3731 1419 3807 quod
1442 3737 1481 3790 tor

250 3809 438 3872 miseriarum
471 3809 501 3870 in
531 3807 714 3872 Christianos
746 3809 881 3872 incendia
910 3811 1120 3885 excitaverant,
1157 3827 1281 3873 necesse
1315 3821 1366 3873 est
1400 3832 1479 3876 sane.

250 3893 339 3955 istam
368 3893 475 3954 borum
503 3893 687 3954 rexatmnem
716 3894 773 3955 iam
801 3913 897 3973 usque
924 3895 961 3956 ab
982 3895 1099 3974 integro
1128 3913 1206 3956 anno
1228 3895 1349 3956 ductam
1372 3897 1478 3958 luisse

249 3975 309 4056 Age
331 3975 422 4056 igilur
444 3977 489 4038 iac
510 3993 536 4038 a.
559 3975 654 4038 ccxl.
678 3977 821 4056 scriptum
844 3997 911 4040 esse
934 3978 969 4039 de
990 3977 1082 4040 Pallio
1105 3977 1247 4050 libellum,
1270 3995 1376 4040 nonne
1402 3981 1477 4042 Ter·

249 4061 388 4122 tullianos
410 4059 570 4140 pugnantia
592 4059 731 4139 loquitur,
755 4061 804 4140 qui
827 4061 923 4124 eidem
945 4061 1072 4142 tempori
1094 4071 1123 4123 et
1144 4081 1293 4123 summam
1314 4065 1478 4143 prosperi-

249 4149 337 4204 tatem
361 4151 390 4202 et
411 4143 591 4204 calamitates
614 4145 804 4222 gravissimas
826 4143 950 4207 tribuit?
993 4147 1085 4225 Atque
1107 4144 1156 4206 bic
1184 4163 1239 4224 ego
1261 4163 1322 4206 non
1348 4147 1478 4213 inficior.

249 4224 306 4285 dici
329 4226 452 4286 lorsitan
467 4245 570 4305 posse,
591 4228 670 4306 (prod
692 4228 740 4290 his
763 4229 974 4291 calamitatibus
996 4229 1208 4308 aliquantisper
1222 4229 1363 4290 remissis
1380 4234 1481 4311 quiec

249 4309 333 4388 quasi
360 4327 394 4369 ac
420 4311 573 4392 tranquilla
601 4311 753 4374 interiecta
776 4311 926 4374 intervalla
949 4313 1068 4374 luerint.
1112 4312 1170 4374 Sed
1200 4331 1266 4374 cum
1288 4313 1409 4376 veteris
1433 4317 1478 4376 bi·

283 4489 306 4538 p.
326 4476 353 4524 n
371 4477 501 4529 nantinus
521 4481 833 4534 rotano-neaeman..
919 4496 943 4544 q.
960 4465 995 4530 'tn
1013 4482 1198 4547 anitqacnnut
1217 4482 1285 4532 Pallii
1306 4482 1480 4552 eunomus

248 4543 316 4593 Tota.
335 4543 364 4592 ll.
383 4558 407 4609 p.
426 4543 484 4624 Tl'l.
882 4549 993 4600 lucram
1012 4549 1204 4600 Christianorum
1221 4565 1246 4614 p.
1264 4547 1314 4600 Tt'l
1335 4565 1376 4617 sq.
