3114 5240
257 383 300 448 82
334 395 524 442 orsseararro
539 397 570 439 na
586 395 633 446 uu.
649 393 732 438 serr.
746 391 832 436 reos.
848 390 1042 436 retruserant
1055 389 1281 434 monocerrcuu
1296 387 1383 432 cerr.

258 549 374 611 incestu
395 543 597 627 pollueretur?
613 507 688 606 ‘imo
710 523 786 605 reru
801 542 910 604 nemini
932 559 1062 622 unquam
1081 539 1252 620 persuaderi
1274 539 1383 619 poterit
1399 539 1474 602 haec

259 634 297 696 ab
319 633 445 705 euthico,
468 630 514 694 cui
536 629 657 709 pudoris
679 638 709 690 et
728 626 914 690 humanitatis
937 625 1041 705 aliquis
1057 643 1164 687 sensus
1179 624 1227 698 sit,
1250 623 1382 704 potuisse
1397 623 1474 686 lieri.

259 717 362 798 Neque
382 715 489 779 dixeris
511 713 661 794 religionis
683 711 859 774 christianae
880 710 1039 773 madidatis
1060 712 1164 772 iactatu
1185 709 1222 770 ab
1244 709 1309 772 aliis
1324 709 1470 770 haudem.

262 802 336 876 Quis
357 802 436 863 enim
458 817 522 862 earn
542 799 637 860 lacere
658 794 778 877 potuit?
821 797 896 858 Num
919 813 1068 878 sacrorum
1088 802 1181 873 pater,
1203 802 1254 856 aut
1275 793 1349 855 alius
1370 813 1387 854 a
1411 812 1474 873 que

261 883 480 948 edocebantur?
520 884 558 946 nt
578 902 637 962 quo
659 882 776 943 tandem
797 881 875 954 delo,
898 879 1005 958 quihus
1026 877 1192 960 praestigiis
1215 896 1268 939 eos
1290 877 1398 940 decere
1412 897 1472 958 pe·
1547 893 1549 934 r

259 978 336 1032 terat
362 969 499 1050 quidnam
527 967 563 1028 ab
589 966 663 1046 ipsis
690 967 726 1028 ad
753 966 913 1028 execranda
940 963 987 1025 illa
1014 963 1136 1026 crimine
1167 963 1362 1042 perpetranda
1391 973 1476 1024 esset
1547 985 1549 1002 ¹

262 1052 428 1134 agendum?
457 1052 528 1114 Esto
551 1060 658 1125 nmen,
681 1059 710 1112 et
731 1052 784 1123 lae,
808 1048 937 1122 sinclis,
960 1048 1032 1110 haec
1053 1047 1090 1110 ah
1112 1046 1168 1109 illis
1191 1047 1281 1109 luisse
1303 1047 1474 1121 commissa,

262 1157 315 1202 our
336 1155 406 1218 erge
428 1137 465 1198 iis
487 1136 603 1198 tandem
625 1135 730 1214 agnitis
751 1142 782 1195 et
802 1133 873 1196 actis
896 1133 932 1194 de
957 1133 1057 1194 fraude
1072 1132 1128 1194 sihi
1142 1133 1217 1193 laeta
1231 1149 1381 1210 nunquam
1397 1151 1473 1194 cou-

261 1222 357 1303 questi
389 1223 419 1283 iu
450 1221 554 1282 tradita
587 1221 643 1282 sihi
675 1229 734 1281 mm
760 1217 894 1280 horribili
922 1217 1055 1280 doctriua
1083 1225 1141 1278 tam
1174 1225 1343 1286 constanter
1364 1235 1471 1278 omnes

261 1305 510 1388 perseverarunt?
552 1303 697 1384 Numquid
729 1303 870 1365 timebant
901 1321 938 1362 ue
970 1321 1003 1363 ea
1035 1301 1243 1381 patefacientes
1275 1301 1477 1380 punirentur?

264 1391 342 1464 Quin
373 1391 432 1452 imo
466 1390 650 1452 ethnicorum
683 1388 804 1468 gretiam
833 1386 889 1447 sihi
917 1386 985 1448 iude
1016 1385 1267 1447 conciliavisseut:
1302 1387 1355 1448 sed
1376 1386 1478 1464 perire
1548 1411 1550 1444 ε

264 1475 418 1547 radebant,
440 1493 527 1556 munt
548 1475 602 1536 auh
625 1473 682 1535 toli
703 1475 882 1535 eonsca'entio
903 1476 1004 1534 uicere
1025 1472 1100 1550 (rap.
1124 1473 1176 1546 8.).
1548 1519 1551 1534 .

348 1560 413 1633 Qua
433 1566 530 1620 autem
552 1558 686 1620 facilitate
707 1557 902 1618 Tertullianus
917 1554 1097 1616 Christianos
1119 1556 1155 1616 de
1176 1554 1265 1615 tantis
1286 1562 1391 1634 purgat
1413 1555 1476 1616 cn'-

264 1643 405 1716 minibus,
428 1643 529 1704 eadem
550 1645 681 1721 proiectu
704 1635 832 1704 ostendit
852 1639 974 1720 gentiles
996 1639 1155 1701 eorundem
1171 1647 1221 1700 aut
1235 1639 1371 1701 similium
1386 1639 1476 1718 plene

264 1729 440 1808 penitusque
461 1725 604 1788 convinci.
649 1727 783 1787 Saturno·
797 1743 931 1804 namque,
954 1725 1004 1803 qni
1025 1723 1153 1803 propriis
1174 1723 1242 1785 filiis
1264 1721 1327 1785 suis
1341 1742 1400 1784 non
1414 1742 1472 1802 pe·
1549 1749 1551 1786 5

169 1887 173 1896 ι
264 1811 373 1892 percit,
408 1811 534 1873 inientes
562 1810 599 1870 ad
626 1810 752 1888 primum
780 1829 873 1889 usque
895 1809 1006 1870 Tiberii
1034 1808 1274 1889 proconsulatum
1297 1808 1405 1887 pelam,
1439 1827 1477 1870 ac
1550 1847 1552 1872 2

265 1896 403 1973 deinceps
432 1894 542 1957 occulte
570 1893 600 1953 in
621 1893 716 1955 dirim
745 1893 941 1954 immolabant.
986 1893 1058 1954 Galli
1086 1911 1157 1954 veru
1183 1892 1316 1954 solebant
1344 1893 1473 1954 maimes
1551 1919 1552 1946 a

266 1987 336 2042 natu
357 1978 517 2051 Mercurio,
550 1977 638 2039 Tauri
667 1995 737 2040 suus
765 1978 898 2056 hospites
920 1977 1038 2050 Itieuae,
1060 1977 1184 2038 Romani
1206 1975 1381 2050 bestiarios,
1416 1995 1477 2038 nen
1551 2031 1552 2040 ,

266 2064 362 2127 minus
383 2072 480 2125 nmen
501 2063 647 2134 homines,
669 2061 699 2122 in
721 2061 845 2140 puhlicis
866 2061 942 2122 ludis
964 2061 1025 2122 lovi
1046 2069 1182 2123 mactare.
1210 2059 1316 2134 Quid?
1338 2063 1477 2140 quodalii
1551 2099 1552 2108 κ

267 2167 328 2210 non
355 2147 462 2210 minori
485 2146 652 2208 crudelitate
679 2146 839 2207 infantibus
862 2155 911 2207 aut
932 2144 1036 2207 abortu
1058 2145 1274 2224 praeripiebant
1294 2146 1400 2221 simtu,
1430 2158 1479 2208 aut

266 2241 351 2294 nutes
378 2231 467 2294 morti
493 2230 675 2311 exponebant
695 2249 763 2292 mcx
784 2232 908 2292 futurae.
951 2229 1014 2292 Huc
1035 2229 1162 2304 accedit,
1195 2231 1273 2309 quud
1296 2249 1357 2292 uon
1380 2230 1479 2293 solum
1552 2273 1553 2302 c

265 2316 404 2378 nationes
425 2315 577 2394 quaedam,
599 2314 842 2395 quemadmodum
857 2314 988 2384 Catilina,
1010 2317 1105 2377 elluso
1129 2333 1184 2376 suc
1207 2315 1350 2395 sanguine
1371 2317 1477 2378 loedus
1552 2351 1553 2388 3

267 2399 414 2481 pepigere,
437 2418 537 2462 verum
559 2400 645 2460 etiam
667 2400 789 2478 Scythae
810 2398 960 2460 homiuem
981 2400 1135 2462 comedere
1157 2399 1335 2462 ferebantur.
1378 2399 1478 2462 Bello·
1552 2435 1553 2474 i

267 2505 323 2547 nee
345 2503 461 2565 quoque
482 2484 650 2547 sacerdotes
679 2503 734 2545 suu
766 2483 1012 2546 consecrabantur
1040 2484 1195 2563 sanguiue,
1228 2494 1258 2546 ct
1289 2485 1479 2562 gladiatores,

268 2570 344 2632 sicut
365 2567 502 2632 comitiali
523 2568 627 2630 morbo
649 2567 830 2641 laborantes,
859 2567 998 2630 bibebant
1020 2569 1143 2630 aliorum
1165 2567 1315 2630 hominum
1337 2570 1368 2630 in
1391 2589 1480 2632 arena

269 2654 435 2716 occisorum
456 2653 635 2733 sanguinem.
678 2652 733 2714 dlii
755 2652 841 2714 ctiam
862 2653 892 2714 in
914 2653 1037 2732 publicis
1060 2653 1233 2733 spectaculis
1255 2673 1359 2716 carues
1375 2674 1478 2716 corae-

268 2738 377 2800 debant
397 2747 448 2800 eut
468 2737 554 2808 cervi,
576 2737 677 2816 quiin
699 2737 828 2799 hominis
851 2737 993 2816 sanguine
1014 2738 1158 2810 iacuerat,
1181 2745 1231 2799 aut
1252 2739 1325 2818 apri,
1348 2740 1399 2818 qui
1422 2741 1480 2800 hu-

268 2823 379 2886 minem
402 2829 615 2895 cruentaverat,
638 2830 687 2884 eut
708 2821 770 2883 ursi
793 2822 936 2896 alveolos,
966 2822 1014 2902 qui
1036 2822 1189 2884 ructabant
1209 2822 1306 2884 adhue
1325 2823 1481 2892 hominum

268 2908 300 2970 in
330 2907 411 2970 hisce
437 2907 513 2970 ludis
542 2907 759 2968 interfectorum
787 2907 906 2968 viscera.
949 2907 1080 2986 lienique
1108 2906 1199 2985 magis
1227 2906 1393 2982 horrendo,
1427 2929 1484 2972 nec

269 3010 398 3071 unquam
419 2991 614 3064 nominande,
643 2991 754 3052 scelere
775 2990 967 3053 substantiam
989 2991 1117 3054 hominis
1140 2991 1344 3070 deglutiebant.
1389 2993 1481 3055 Chri·

198 3091 201 3098 ’
269 3075 357 3138 stiani
385 3095 402 3136 e
429 3076 576 3138 contrarie
604 3075 802 3137 abhorrebant
822 3075 858 3136 ah
881 3075 961 3138 omni
984 3074 1120 3138 saevitiae
1142 3094 1265 3155 genere,
1293 3095 1348 3139 nec
1366 3079 1411 3138 las
1435 3079 1484 3140 eis
1553 3141 1554 3144 ,

270 3168 333 3220 erat
353 3161 440 3222 etiem
463 3158 663 3222 crudelissima
684 3161 761 3220 inter
782 3168 927 3222 tormenta
954 3169 1004 3222 aut
1035 3161 1202 3224 animalium
1231 3163 1402 3241 sauguinem
1431 3173 1487 3225 aut

271 3242 399 3304 oblatum
421 3243 501 3304 lalsis
523 3243 578 3304 diis
600 3243 796 3305 morticinium
818 3255 1006 3323 praegustare
1027 3247 1102 3324 (cap.
1125 3249 1178 3321 9.).

355 3327 432 3398 Quid
452 3345 521 3388 vero
543 3345 646 3388 causae
668 3337 731 3390 erat
751 3347 803 3390 cur
825 3329 931 3390 ethnici
955 3329 1135 3392 Christianos
1157 3341 1313 3410 arguerent
1333 3331 1485 3405 incestus,

270 3409 353 3472 cuius
381 3411 544 3490 exemplum
567 3411 686 3474 dederat
717 3411 960 3476 sceleratissimus
989 3414 1100 3493 iupiter
1128 3422 1158 3476 et
1178 3416 1222 3476 rei
1244 3424 1327 3476 erant
1347 3415 1486 3480 Persae?

270 3495 410 3558 Eiusdem
439 3513 507 3557 vero
536 3496 654 3559 sceleris
682 3497 811 3574 suspecti
833 3507 917 3560 erant
936 3499 1126 3573 Macedones,
1159 3519 1175 3560 a
1198 3499 1303 3580 quibus
1325 3499 1353 3560 is
1375 3501 1488 3564 irrisus

271 3580 325 3642 luit
345 3579 395 3658 qui
416 3579 520 3658 Oedipi
541 3581 719 3658 tragoediam
750 3581 862 3660 agendo
893 3583 1103 3646 lamentabatur
1122 3582 1257 3646 violatam
1280 3603 1295 3644 a
1318 3587 1486 3665 semetipso

269 3673 395 3728 matrem
416 3683 508 3728 suam.
552 3664 629 3736 Qtrid
651 3663 755 3744 plural
797 3666 928 3746 lmprohi
962 3668 1086 3747 gentiles
1108 3669 1218 3748 stupris
1240 3669 1396 3730 assuefacti
1419 3673 1489 3734 suis

272 3750 360 3812 etiam
380 3749 491 3824 hberh,
525 3749 595 3810 olim
617 3749 757 3828 expositis
778 3770 834 3813 nec
854 3751 911 3814 sihi
933 3752 1056 3832 amplius
1078 3754 1211 3832 coguitis,
1237 3761 1373 3832 stuprum
1396 3771 1488 3818 caeca

269 3835 391 3898 libidine
422 3833 593 3896 inferebant
642 3836 679 3896 ht
711 3833 868 3898 Christiani
900 3847 950 3898 aut
981 3837 1012 3898 in
1045 3837 1218 3918 virginitatis
1250 3839 1489 3916 perseverabant

271 3928 358 3994 suta,
380 3928 430 3983 aut
450 3919 486 3981 ah
508 3919 588 3980 omni
608 3928 678 3997 post
698 3921 916 3992 matrimonium
938 3939 1059 3983 excessu
1081 3941 1198 4002 semper
1219 3921 1416 3984 absunehant.

355 4003 398 4064 hb
419 4004 499 4066 salsis
521 4013 617 4066 autem
639 4003 805 4083 fictitiisque
826 4005 1058 4067 Christianorum
1085 4007 1205 4070 occultis
1236 4007 1410 4069 criminibus
1447 4010 1489 4072 ad

272 4105 307 4148 ea
336 4087 439 4150 transit
459 4088 670 4160 Tertullianus,
698 4108 771 4166 quae
799 4089 906 4152 ethnici
927 4090 1080 4152 manifesta
1101 4100 1131 4153 et
1151 4092 1266 4170 publica
1287 4109 1354 4154 esse
1375 4093 1484 4156 crimi-

273 4170 426 4232 nabantur.
467 4173 658 4252 Praecipuum
686 4183 783 4234 autem
804 4173 873 4235 illud
896 4182 972 4247 erat,
1001 4193 1058 4252 que
1080 4176 1224 4256 sacrilegii
1247 4184 1276 4238 et
1295 4176 1393 4238 lassae
1415 4195 1487 4240 ma·

273 4254 386 4316 iestatis
413 4255 527 4318 divinae
556 4257 622 4320 ideo
651 4258 874 4330 accusabantur,
908 4258 985 4335 quod
1007 4277 1125 4320 omnem
1147 4262 1203 4323 diis
1225 4260 1333 4322 cultum
1354 4279 1485 4340 prorsus

271 4339 460 4418 denegarent.
501 4341 562 4404 Neo
588 4343 727 4406 diffitetur
753 4343 871 4422 quidem
898 4342 1092 4406 Tertullianus
1123 4345 1230 4425 grarrde
1258 4346 1360 4424 procul
1390 4346 1487 4410 dubio

274 4441 342 4486 esse
362 4422 434 4484 idad
455 4424 579 4492 crimen.
613 4427 741 4507 siquos
774 4427 881 4490 ethnici
908 4427 1067 4490 adorabant
1098 4430 1138 4492 dii
1159 4448 1261 4491 revera
1282 4431 1401 4496 lheriut.
1446 4434 1487 4494 nt

275 4527 327 4570 eae
348 4525 408 4568 uon
429 4507 517 4594 deus,
546 4511 596 4572 scd
618 4529 716 4574 meros
739 4512 874 4574 homiues
896 4512 987 4574 luisse
1009 4513 1093 4576 testis
1115 4523 1177 4576 erat
1197 4514 1392 4592 ipsorummet
1413 4517 1486 4578 eth·

271 4593 408 4660 meorum
429 4593 615 4657 couscientia.
660 4597 778 4676 Siquis
802 4605 898 4660 umen
919 4596 1053 4660 reluctari
1081 4599 1175 4661 adhuc
1205 4600 1310 4662 audent
1335 4599 1384 4664 ille
1406 4619 1487 4663 eou-
