3132 5238
364 349 370 368 '
436 383 570 428 aucroas
593 383 688 428 cauno
711 385 807 430 uuna.
830 385 856 428 r.
878 385 907 428 n.
929 386 961 430 u.
1266 373 1307 438 bt

162 533 252 598 llaec
279 534 352 596 tanti
379 534 522 596 momenti
548 543 619 598 suut
639 533 676 596 ad
696 535 776 598 buno
803 535 967 615 catalogum
988 535 1169 600 Tertulliano
1190 539 1308 603 abiudi-

88 619 228 692 caudum,
258 625 293 680 nt
313 619 363 698 qui
385 619 470 698 prius
492 609 652 681 Pamelium
675 629 705 682 et
723 619 883 682 Barouium
905 622 984 684 bttnc
1004 622 1167 703 catalogum
1188 624 1308 688 Tertul-

86 705 155 766 liano
179 703 351 766 tribnentes
374 703 552 783 sequebatur
573 703 728 784 Rigaltius,
751 704 923 768 Tertulliani
944 724 1006 768 non
1021 726 1088 770 esse
1102 716 1204 787 postea
1220 727 1309 789 saepo

84 790 275 870 pronuntiet,
306 805 395 866 quem
422 788 526 851 imitati
552 797 622 850 sunt
648 789 794 870 Georgius
818 789 1024 854 ambianensis
1050 792 1162 858 l'iodic
1185 793 1307 856 Tertull.

83 884 152 954 part.
165 873 234 945 lli..
265 872 451 934 Christianus
472 872 574 956 Lupus
596 874 646 952 qui
668 875 912 938 commentarium
934 877 1068 940 scribens
1090 877 1122 940 in
1142 877 1250 940 librum
1271 879 1309 942 de

82 957 325 1038 Pnesoeiptione
353 957 575 1020 Haereticorum
602 958 680 1021 huuc
701 959 865 1039 catalogum
892 960 1009 1024 exulare
1031 961 1134 1036 iussit,
1160 963 1312 1042 variisque

82 1045 109 1104 in
130 1044 254 1108 scholio
276 1043 313 1104 ad
335 1061 399 1122 cap.
412 1046 463 1106 45.
485 1042 649 1106 rationibus
671 1044 801 1116 conlisit,
824 1053 853 1106 et
867 1044 1062 1110 adtdterinum
1076 1048 1188 1110 loetum
1204 1055 1309 1110 osten·

81 1129 136 1203 dit3
167 1139 235 1190 tum
257 1125 368 1188 Natalis
389 1127 553 1190 Alexander
579 1127 610 1190 in
632 1127 753 1192 Selectis
783 1129 932 1192 Historiae
960 1131 1073 1194 Ecclcs.
1103 1131 1194 1196 seculi
1220 1132 1308 1212 primi

82 1232 142 1294 cap.
166 1216 200 1278 9.
226 1219 283 1274 art.
308 1215 338 1276 7.
1283 1259 1286 1268 -

164 1299 266 1378 Atque
288 1297 363 1358 haec
383 1315 450 1358 cum
471 1296 510 1358 ita
532 1296 601 1372 sint,
622 1297 719 1360 nullus
741 1298 843 1369 video,
872 1299 943 1377 quin
965 1298 1153 1362 utilissimum
1174 1300 1308 1362 licetro-
1347 1332 1351 1340 ·

81 1383 181 1444 lumen
219 1381 373 1460 multaque
403 1379 528 1442 lectione
556 1381 761 1462 dignissimum
795 1401 811 1444 a
839 1382 1019 1446 Tertulliano
1046 1383 1103 1446 iam
1135 1383 1311 1448 llontanista

81 1469 228 1547 scriptum
250 1465 344 1528 luisse
365 1464 457 1527 libere
479 1467 721 1544 pronuntiemus,
745 1468 782 1528 dc
804 1485 874 1530 roro
896 1475 1016 1530 auctore
1037 1467 1123 1530 istius
1145 1469 1310 1532 haereseon

83 1552 206 1634 catalogi
231 1569 299 1632 cap.
313 1549 417 1613 numo
439 1551 525 1612 huius
542 1551 759 1615 dissertationis
774 1552 973 1614 coniecturam
987 1560 1123 1614 nostram
1137 1553 1309 1632 exposituri.

592 1735 712 1798 CAPUT
735 1735 808 1798 vttt.

203 1855 241 1906 lle
258 1855 402 1907 Tertulliani
421 1856 525 1920 scriptis.
544 1855 631 1921 quibus
649 1857 762 1906 aduersus
781 1855 912 1906 Ecclesiam
931 1856 1008 1921 ipsam
1027 1855 1133 1908 invectus
1150 1866 1194 1908 est.

178 1973 260 2048 Quae
285 1974 430 2034 hactenns
458 1991 512 2034 sen
539 1973 576 2034 ad
604 1972 776 2052 discipliuae
797 1973 916 2036 tutelam
951 1993 1005 2036 sen
1037 1975 1074 2036 ad
1095 1967 1335 2038 baereticoruni·

84 2059 344 2140 impugnationem
377 2077 393 2118 a
425 2057 603 2118 Tertulliano
633 2057 709 2120 edita
735 2058 963 2121 memoravimus
972 2104 982 2132 ‚.
1013 2058 1077 2132 illa,
1109 2068 1143 2122 ut
1177 2079 1195 2121 a
1222 2061 1309 2123 nobis

86 2155 246 2208 ostensum
274 2151 338 2216 est,
366 2141 524 2238 blootanici
551 2141 673 2222 spiritus
695 2161 756 2205 non
778 2143 918 2206 obscuras
940 2151 1027 2205 notas
1048 2161 1119 2223 prae
1140 2163 1174 2206 se
1195 2146 1309 2220 lernam

85 2225 1310 2394 &adnitiminiutilit*tittltitltatttunb

88 2400 160 2462 uelis
182 2397 286 2458 inrebi
307 2396 448 2458 videatur.

172 2481 296 2545 Notavit
320 2480 517 2560 Hieronymus
544 2480 754 2544 Tertullianum
792 2481 957 2561 specialiter
984 2482 1124 2546 adversus
1150 2481 1310 2546 Ecclesiam

90 2567 220 2630 texuisse
243 2565 400 2638 volumina,
424 2567 458 2628 dc
480 2565 643 2636 Pudicitia,
668 2567 701 2628 de
723 2565 949 2638 Parmenione,
973 2567 1007 2629 dc
1029 2566 1164 2640 lucam,
1187 2569 1221 2631 dc
1243 2567 1311 2632 Mo-

90 2658 240 2732 aopcau'u,
264 2651 299 2714 de
320 2650 441 2714 Testari
462 2650 555 2712 libros
578 2669 648 2721 sem,
682 2662 710 2714 et
732 2657 890 2732 septinnio
911 2670 997 2732 queas
1018 2654 1163 2716 adoneus
1185 2652 1312 2733 Apollo·

90 2747 420 2884 cinamomum
443 2827 568 2898 quatuor
594 2818 694 2914 priora
707 2818 799 2881 ‚libris
820 2814 944 2898 singulis
966 2819 1108 2880 absoluta.
1151 2817 1213 2880 Nec
1233 2819 1310 2880 enim

90 2917 172 2988 putet
203 2905 312 2985 aliquis
338 2904 440 2985 plures
468 2903 503 2966 de
525 2903 709 2982 blonogamra
729 2903 823 2966 libros
845 2923 862 2966 a
884 2903 1064 2964 Tertulliano
1086 2902 1199 2975 editos,
1232 2903 1311 2980 quod

92 2993 219 3054 innume
239 2990 356 3052 ridetur
378 2988 573 3068 Hieronymus
594 2985 727 3066 Epistola
750 2991 820 3051 153.
843 3005 917 3066 quae
938 2995 985 3048 est
1005 2987 1041 3048 ad
1062 2985 1224 3048 Paulinum.
1267 2985 1312 3047 lbi

92 3079 190 3138 minus
213 3083 350 3138 amurate
371 3074 408 3134 dc
422 3072 605 3154 blonogamia
626 3071 718 3133 libros
741 3073 822 3145 dixit,
844 3071 893 3151 qui
916 3071 1045 3132 exactius
1066 3069 1194 3148 loquitur
1214 3069 1245 3130 in
1260 3089 1311 3132 ca-

94 3163 202 3240 talogo.
247 3159 314 3220 lloc
334 3157 385 3220 ubi
407 3157 523 3231 monui,
556 3165 700 3235 tamquo
723 3165 870 3236 tempore,
900 3163 963 3218 tum
990 3173 1046 3235 qua
1068 3154 1221 3217 occasione
1243 3155 1312 3218 editi

99 3246 161 3306 sint
177 3245 208 3306 bi
229 3244 299 3306 libri
320 3243 379 3305 iam
401 3241 526 3304 breviter
547 3241 652 3304 dicam.
1178 3265 1181 3272 ·
1315 3261 1319 3274 ·

183 3329 249 3392 Tult
270 3327 419 3390 Pumelius
440 3327 547 3389 librum
570 3325 606 3388 de
628 3321 708 3406 Toga
730 3325 761 3388 in
783 3324 993 3388 Persecutione
1014 3322 1049 3382 ad
1070 3320 1204 3398 Fabium,
1226 3341 1312 3402 quem

102 3413 206 3494 absque
227 3414 288 3477 ulla
309 3411 425 3473 rabone
445 3411 649 3491 presbyterum
660 3411 824 3473 Romanum
847 3417 939 3490 putat,
960 3405 1102 3485 scriptum
1123 3425 1201 3469 anno
1217 3408 1312 3472 ccxl.

99 3518 164 3562 cum
185 3507 299 3562 certum
323 3496 362 3559 sit
383 3497 461 3558 bunc
480 3496 588 3558 librum
609 3495 640 3556 in
661 3495 755 3558 blrica
776 3495 928 3574 scriptum.

180 3583 250 3644 l'ult
270 3582 349 3644 idem
372 3599 449 3642 anno
471 3580 579 3642 ccxli.
602 3599 669 3642 cnm
690 3580 805 3654 Proclo,
827 3595 914 3656 quem
935 3575 1080 3638 illustrem
1100 3577 1228 3638 reddidit
1249 3577 1312 3638 dis·
1423 3641 1424 3650 χ

99 3669 211 3748 putatio
246 3667 390 3728 adversus
419 3665 522 3728 Gaium
549 3665 699 3744 aanuum
729 3662 876 3728 Ecclesiae
904 3661 1089 3740 theologum,
1118 3661 1229 3722 Romae
1257 3660 1313 3721 sub

99 3753 266 3834 Zepbprinc
286 3752 318 3812 in
340 3749 581 3812 blontanistarum
603 3768 690 3811 causa
722 3748 819 3810 babitu
848 3745 1058 3808 Tertullianum
1080 3744 1171 3806 luisse
1192 3742 1313 3804 nnatbe-

102 3839 168 3900 mati
189 3837 368 3900 subiectum.

183 3923 271 3986 Putat
290 3938 371 3984 anno
395 3916 530 3998 sequenti
551 3917 707 3998 scripsisse
729 3915 938 3978 Tertullianum
959 3914 996 3977 dc
1016 3910 1209 3990 Monogamia.

184 4009 270 4068 inno
298 4003 370 4067 dein
391 4003 483 4066 CClll.
513 4012 615 4066 censet
636 3999 793 4080 scripsisse
816 4001 852 4062 de
873 3999 1009 4071 ieiuniis,
1038 4003 1068 4056 et
1094 3994 1316 4060 conciliaveris

110 4088 141 4150 in
159 4091 285 4154 Graeciis
309 4089 449 4152 adversus
470 4087 661 4150 llontauistas
682 4085 781 4148 babitu
802 4101 999 4146 memorasse:

187 4177 223 4238 lc
250 4177 374 4238 demum
401 4191 478 4234 anno
501 4171 606 4233 CCXV.
629 4172 769 4233 adversus
790 4167 946 4249 Zepbprini
974 4163 1099 4228 edictum
1127 4162 1163 4228 de
1184 4165 1317 4228 moechis

110 4255 144 4319 ad
162 4257 374 4340 poenitentiam
395 4255 579 4320 admittendis
600 4255 707 4319 bbmm
729 4254 765 4317 dc
787 4253 930 4316 Pudicitia
952 4247 1098 4312 emisisse.

185 4344 308 4409 Pamelii
340 4342 515 4404 sententiam
535 4339 743 4420 aliquantulum
764 4335 950 4417 interpolavit
969 4332 1122 4396 Bamnins.
1162 4332 1230 4396 Vult
1250 4341 1317 4413 post

108 4427 344 4510 disputationem,
362 4445 436 4505 quae
457 4425 532 4488 inter
555 4425 658 4490 Gaium
679 4432 708 4486 et
728 4423 864 4486 Proclum
886 4437 963 4482 anno
986 4417 1107 4482 ctxttt.
1129 4417 1239 4480 Romae
1261 4419 1316 4480 ba-

107 4511 161 4576 bila
193 4525 248 4590 est,
282 4510 465 4576 Tertulliano
498 4509 689 4573 cum-Prode
722 4509 758 4572 de
789 4503 974 4572 blontanistis
1006 4502 1207 4584 aZepbyrino
1230 4501 1318 4564 Urbis

108 4601 242 4684 episeopo
266 4595 422 4662 anathema
437 4593 555 4690 dictum,
578 4603 608 4659 et
629 4593 759 4660 conciliis
787 4611 841 4672 per
856 4588 992 4654 Graecias
1006 4587 1188 4740 coaggegatis
1203 4594 1319 4654 ceteros
