3114 5240
307 272 367 335 tto
399 288 589 332 nrssenrsrm
606 286 636 329 tn
654 286 904 336 omsnrortou.
919 285 1114 329 rennuerunt
1128 285 1354 329 seocooertcmr
1369 286 1455 330 carr.

801 437 967 498 tnttctttbs
985 437 1021 487 tt.

304 543 390 594 Quanto
409 543 515 598 applausu
534 540 570 584 bic
588 540 644 584 liber
661 547 787 596 susceptus,
805 550 819 583 a
835 550 880 594 quo
897 550 1002 595 gruem
1018 540 1041 584 ιιι
1059 540 1157 594 baguam
1174 550 1310 590 convorsus,
1327 550 1372 595 quo
1390 541 1445 595 stylo
1463 552 1520 584 con·

349 611 453 666 scriptus,
472 617 494 652 et
510 617 583 654 uuum
601 607 752 657 Tertullianus
769 608 1015 720 ruscopsttloucttlgerpptor'u
1034 609 1167 653 christianae
1184 608 1298 665 roligionis
1316 619 1408 652 munero
1425 609 1466 652 rito

302 822 304 824 -
389 775 511 837 Summo
534 793 605 836 sane
626 774 758 836 omniunt
780 791 846 835 cum
868 791 1050 852 graecorum,
1073 781 1136 835 tum
1157 773 1314 835 latinorum
1330 771 1520 836 Christiano-

303 880 369 923 rum
396 860 539 940 applausu
569 859 774 937 communique
806 858 1018 938 approbatione
1044 868 1200 939 susceptus
1222 857 1374 936 lectusque
1395 858 1450 921 luit
1468 859 1521 920 hic

303 946 387 1008 liber.
431 945 533 1022 Neque
554 942 591 1004 ad
612 942 643 1004 id
664 942 850 1023 probandum
871 942 928 1005 alio
950 961 1025 1022 opus
1046 943 1188 1005 babemus
1210 950 1294 1015 teste,
1317 960 1405 1020 quam
1420 943 1519 1006 Euse-

301 1031 362 1103 bio,
385 1030 435 1108 qui
456 1028 617 1090 memoriae
637 1027 769 1117 prodidit
789 1027 870 1089 illum
891 1035 972 1088 tanto
993 1028 1070 1108 apud
1093 1028 1220 1090 Graecos
1242 1027 1335 1089 luisse
1356 1026 1388 1088 iu
1409 1029 1520 1123 pretio,

301 1124 336 1177 ut
357 1113 393 1176 ab
415 1115 458 1175 eis
480 1113 664 1175 remeculam
687 1131 773 1174 suam
792 1113 824 1173 in
838 1112 966 1192 linguam
980 1131 1143 1175 conversus
1159 1111 1255 1174 luerit.
1284 1111 1328 1173 Ab
1343 1110 1393 1172 illo
1408 1113 1520 1192 quippe

301 1199 349 1261 bis
377 1198 560 1300 totidemque
589 1197 686 1259 verbis
718 1197 837 1259 citatur:
877 1193 1175 1280 Τεριυιιιαιὸς..
1199 1192 1273 1260 ,ἐν
1292 1195 1416 1299 τῇγςα

300 1283 361 1366 μὲν
383 1275 471 1367 αὐτῷ
492 1282 532 1384 τῇ
551 1274 670 1362 Ῥωμαι
671 1304 716 1344 ων
733 1277 836 1366 φώνῃ,
859 1285 963 1365 gernod
941 1280 1047 1366 βληθε
1049 1279 1155 1366 lapda
1169 1280 1224 1344 και
1239 1277 1369 1344 ἐπὶν
1310 1201 1520 1433 Ἦὲιὲ

301 1368 462 1452 γλῶτταν,
490 1347 575 1449 υιιὲρ
603 1367 814 1449 Χριστιανῶν
843 1362 1007 1451 ἀπολογίᾳ
1039 1366 1160 1440 (Euseb
1190 1366 1240 1427 lib.
1268 1365 1305 1427 ll.

302 1471 365 1533 cap
389 1457 419 1517 2.
448 1470 512 1532 pag.
535 1455 611 1528 41..)
666 1451 943 1515 Tertullianus..
967 1471 1037 1513 ,ιιι
1068 1451 1208 1532 apologia
1235 1452 1271 1514 ob
1304 1454 1369 1532 ipro
1401 1453 1519 1533 quidem

303 1539 397 1601 lutiae
419 1540 600 1616 comoripto,
620 1547 727 1616 posteo
747 1555 820 1599 vero
843 1541 875 1598 in
895 1555 1035 1632 graecum
1056 1554 1225 1598 sermonem
1247 1536 1405 1598 translato.

386 1621 423 1682 At
444 1621 562 1705 quidam
583 1624 711 1682 nostrae
726 1620 829 1682 aetatis
852 1621 1022 1700 scriptores,
1044 1620 1210 1683 eruditione
1226 1639 1280 1682 sua
1295 1619 1449 1700 conspicui,
1472 1621 1515 1683 de

301 1706 389 1768 huius
421 1724 543 1783 graecae
574 1704 825 1784 interpretationis
856 1713 976 1768 auctore
1007 1705 1084 1767 inter
1115 1725 1148 1766 se
1181 1704 1334 1767 dissident
1375 1705 1517 1768 Nonnulli

299 1790 380 1937 &trallunt
395 1787 1288 1953 ιιιιιΙ[ιιιιιιιῐιιιιιιιιιιιιριιιῐῃιιιιιειιιιιιιῃιιιιιιιιωιιιιιῗιιιιιιιι,ο
1308 1789 1517 1953 ιιιιιιωιξιιιιιιιι

300 1961 338 2022 ad
361 1959 513 2021 Tiberium
535 1957 572 2019 de
587 1957 696 2020 Christi
718 1957 864 2019 miraculis
879 1958 1028 2031 retulerat,
1050 1959 1091 2019 ibi
1106 1958 1195 2020 multa
1209 1959 1418 2039 praetermisit,
1441 1978 1518 2038 quae

300 2045 337 2106 ad
366 2062 452 2105 suum
479 2051 579 2104 tamen
606 2041 795 2122 propositum
822 2043 946 2104 maxime
974 2042 1184 2105 conducebant.
1235 2043 1293 2105 Sed
1323 2061 1384 2105 non
1416 2045 1517 2123 ungui

300 2128 441 2191 momenti
471 2135 518 2189 est
543 2127 601 2188 boo
621 2136 834 2206 argumentum.
878 2127 997 2188 blaiuris
1017 2127 1158 2206 ponderis
1180 2127 1250 2188 illud
1271 2127 1403 2201 videtur,
1435 2131 1518 2207 quod

298 2214 383 2294 plura
415 2211 582 2274 testimonia
622 2230 658 2273 ex
687 2212 745 2272 boc
772 2212 866 2273 adbuc
892 2211 967 2272 libro
996 2212 1032 2272 ab
1059 2213 1164 2273 eodem
1196 2210 1324 2274 Eusebio
1358 2213 1516 2292 desumpta

299 2317 359 2360 non
382 2297 453 2358 satis
476 2303 609 2358 accurate
630 2296 662 2356 iu
684 2313 819 2374 graecum
843 2315 1012 2358 sermonem
1034 2316 1118 2358 versa
1140 2305 1217 2358 suut.
1254 2296 1313 2358 Sed
1334 2316 1439 2376 parum
1455 2299 1516 2360 Ec·

298 2383 406 2445 clasiae
428 2382 553 2442 interest
574 2380 650 2443 scire
672 2380 738 2458 quis
759 2380 839 2443 huno
858 2374 964 2442 librum
987 2399 1089 2460 graece
1111 2382 1151 2442 sit
1169 2382 1391 2460 interpretatus.
1419 2382 1515 2445 Nobis

298 2474 396 2543 autem
428 2465 540 2527 lucilius
570 2465 795 2561 persuadebitur
823 2484 890 2526 curu
912 2483 1016 2561 graece
1036 2466 1183 2528 redditum
1204 2475 1271 2527 ante
1292 2466 1413 2529 Eusebii
1436 2475 1515 2529 tem-

297 2569 380 2632 pora,
404 2557 434 2611 et
456 2569 522 2611 cum
543 2549 657 2629 tyranni
678 2550 790 2612 maiore
811 2549 1024 2629 persecutionis
1046 2558 1130 2612 aestu
1151 2550 1183 2613 iu
1198 2551 1379 2616 Christianos
1396 2552 1514 2613 sacrie-

297 2636 377 2698 bant
407 2635 473 2697 Non
495 2635 616 2696 omnino
639 2634 783 2713 siquidem
805 2635 931 2697 obscure
952 2634 1098 2696 illenobis
1115 2635 1279 2714 siguificare
1294 2635 1416 2708 ridetur,
1433 2636 1515 2699 hunc

296 2721 404 2782 librum
436 2739 453 2781 a
484 2739 517 2780 se
550 2738 610 2780 non
641 2729 726 2781 autea
753 2719 875 2793 lectum,
890 2762 894 2767 -
908 2739 995 2797 quam
1016 2738 1121 2798 graeco
1143 2720 1280 2783 idiomate
1302 2720 1514 2800 divulgaretur.

297 2806 459 2884 Utcumque
481 2822 572 2883 porro
596 2822 661 2866 sese
683 2823 732 2865 res
754 2803 869 2877 babeat,
891 2804 959 2865 inde
979 2806 1113 2882 prolecto
1128 2805 1219 2884 liquet
1233 2805 1332 2884 quanti
1347 2806 1419 2867 baec
1427 2806 1515 2885 Apo-

296 2890 373 2971 logia
394 2908 410 2951 a
433 2889 545 2969 graecis
566 2888 736 2950 bominibus
758 2890 909 2950 aestimata
930 2889 1027 2950 luerit

333 2985 345 3006 ·
382 2974 460 3047 Quid
482 2993 563 3054 ergo,
586 2973 699 3053 inquiet
718 2973 833 3052 aliquis,
856 2992 955 3034 nonne
977 2973 1055 3036 aliud
1076 2973 1162 3050 longe
1177 2973 1326 3037 diversum
1340 2973 1514 3036 Lactantius

297 3059 334 3120 dc
361 3059 409 3119 illa
436 3058 576 3119 iudicium
603 3058 649 3119 his
681 3057 745 3119 tulit
771 3057 892 3119 verbis?
935 3057 1095 3138 Septimius
1120 3057 1324 3122 Tertullianus
1346 3060 1405 3137 soit
1426 3065 1519 3123 omni

295 3160 403 3221 penore
424 3142 599 3203 litterarum
618 3145 747 3221 peritos,
770 3144 826 3204 sed
841 3147 874 3204 in
895 3142 1058 3222 eloquendo
1078 3161 1189 3222 porum
1203 3142 1305 3223 [omlis
1321 3155 1350 3206 et
1365 3154 1515 3222 comptos,

296 3238 326 3290 et
355 3227 483 3290 moltam
511 3228 657 3289 obscuros
678 3227 749 3304 soit.
792 3226 873 3306 lquo
895 3246 933 3288 oc
956 3228 1001 3288 bic
1022 3229 1138 3307 quidem
1158 3232 1233 3291 sotir
1257 3228 1438 3292 celebritatis
1462 3233 1517 3290 in-

296 3315 387 3387 vonit,
419 3309 449 3370 id
482 3318 530 3371 est
561 3311 654 3372 lamae
686 3319 716 3371 et
753 3310 847 3371 laudis
891 3311 1033 3386 (Lactant
1066 3311 1116 3373 lib.
1149 3313 1181 3372 V.
1210 3312 1283 3374 lnst.
1316 3312 1410 3374 [lirin
1434 3331 1515 3392 cap.

298 3399 352 3471 t.).
395 3395 502 3455 Verum
538 3394 587 3473 qui
625 3395 697 3456 bueo
733 3393 883 3468 obiecerit,
919 3396 945 3456 is
981 3396 1119 3468 animum,
1157 3416 1282 3475 quaeso,
1320 3397 1356 3458 ad
1387 3416 1422 3458 ea
1455 3398 1515 3460 ad-

295 3488 398 3553 vertat,
421 3498 494 3558 quae
515 3479 653 3558 superius
675 3478 811 3552 diximus,
844 3498 878 3540 ac
897 3481 1025 3558 primum
1046 3480 1164 3559 quidem
1185 3500 1202 3542 a
1223 3481 1374 3543 Lactantio
1396 3482 1515 3544 laudari

295 3563 672 3644 omnigenam'lertrdliani
694 3564 789 3626 nostri
809 3565 1003 3627 eruditionem
1024 3566 1106 3645 (Sup.
1120 3584 1181 3644 cap.
1196 3570 1224 3628 1.
1245 3568 1308 3627 Art.
1320 3571 1372 3643 5.).
1395 3565 1517 3631 Deinde

294 3668 366 3712 rero
388 3649 468 3728 quod
488 3648 561 3710 dixit
581 3649 662 3711 illum
683 3650 838 3711 nonsatis
861 3649 1007 3712 invenisse
1029 3649 1214 3724 celebritatis,
1243 3651 1282 3712 ita
1304 3650 1425 3729 intelligi
1448 3671 1517 3714 uon

159 3761 168 3780 ·
295 3735 393 3810 debet,
414 3734 496 3797 acsi
517 3734 614 3796 miuus
635 3732 737 3795 validis
759 3734 906 3796 rationum
927 3734 1085 3797 momentis
1107 3753 1224 3796 causam
1247 3736 1340 3814 egerit
1360 3730 1514 3798 Christia-

294 3837 411 3892 nomm,
434 3819 488 3880 sed
508 3826 629 3898 propter
650 3818 806 3892 difficilem,
829 3819 1004 3915 incomptam
1027 3838 1062 3880 ac
1079 3819 1202 3882 multum
1227 3820 1383 3883 obsorram
1397 3820 1515 3882 dictio-

293 3920 363 3964 nem
376 3912 471 3982 atque
492 3903 696 3971 elocutionem.
739 3902 777 3965 Ει
797 3922 869 3965 sane
889 3903 938 3981 qui
959 3904 1039 3965 huuc
1059 3903 1165 3966 librum
1186 3904 1343 3983 primariis,
1365 3914 1399 3966 ut
1412 3905 1514 3980 aiunt,

294 3985 384 4047 labris
406 3987 543 4067 attigerit,
565 3996 700 4068 putamus
723 4007 789 4050 esse
809 3988 966 4061 neminem,
988 3989 1059 4067 quin
1081 3989 1179 4072 statim
1200 3991 1324 4054 fateatur
1345 3989 1428 4051 illum
1444 3991 1513 4052 ire-

294 4069 451 4149 quentibus
471 4073 628 4135 uerborum
650 4092 667 4134 a
687 4072 765 4135 boue
786 4072 925 4135 latinitate
945 4072 1107 4135 alienorum
1128 4074 1236 4153 spinis,
1270 4075 1393 4138 salebris
1415 4094 1514 4154 aspe-

294 4154 488 4234 ritatibusque
509 4157 651 4237 respergi,
675 4165 705 4219 ct
725 4176 828 4255 magna
850 4157 957 4220 involvi
978 4158 1096 4237 saepius
1118 4159 1305 4223 obscuritate.
1333 4161 1371 4221 tt
1391 4159 1515 4221 nullum

294 4256 410 4318 quoquo
433 4258 500 4304 asso
522 4243 675 4314 credimus,
698 4243 748 4322 qui
770 4260 830 4304 nou
852 4242 987 4305 fatebitur
1005 4242 1226 4318 Tertullianum,
1248 4244 1275 4306 si
1296 4244 1383 4307 boc
1374 4263 1406 4305 ιιι
1428 4245 1514 4306 libro

293 4321 419 4384 lectores
448 4344 520 4387 suos
541 4327 697 4389 verborum
718 4326 883 4407 leporibus,
915 4336 1067 4389 venustate
1089 4329 1237 4391 sermonis
1260 4339 1289 4393 et
1309 4328 1419 4409 politae
1442 4330 1513 4392 ele-

293 4409 448 4488 gentisque
469 4411 610 4472 orationis
633 4413 774 4474 suavitate
794 4431 856 4474 uon
877 4412 996 4474 deliniat
1017 4431 1050 4474 ac
1072 4414 1202 4487 delectet,
1226 4414 1301 4477 miro
1324 4422 1422 4476 tamen
1439 4415 1515 4493 styli

234 4494 264 4523 ·’
293 4494 427 4558 acumine
461 4496 728 4576 sententiarumque
759 4497 896 4578 gravima
924 4516 976 4560 eos
1004 4499 1136 4575 concuti,
1169 4517 1203 4562 ac
1235 4499 1373 4580 pleraque
1403 4500 1514 4563 omnia
