3144 5236
472 353 608 400 morosa
630 353 690 398 uro.
713 355 752 398 ns
772 353 901 400 nonni.
1048 357 1056 370 ·
1193 339 1298 410 ,169

86 503 227 566 uhustas
249 501 385 564 videns
399 501 510 582 (ibid).
538 503 582 566 ld
604 504 677 567 baec
698 521 785 566 voro:
808 515 937 568 emortuo
964 515 1053 588 etqua
1080 509 1204 568 toene
1219 507 1297 570 bello

85 587 234 658 dilosiout,
258 593 478 668 repnte-reque
498 589 705 670 conrpulrorrt,
727 590 785 651 boc
805 599 867 662 est,
892 589 966 650 belia
989 590 1019 650 in
1041 589 1173 652 dvorsus
1195 599 1296 670 partes

84 671 207 734 mdiu
227 689 290 732 non
312 671 412 733 solun
432 689 532 752 mgna,
555 673 721 752 provincias
744 680 774 733 et
794 673 895 746 urbes,
918 674 971 734 ssd
992 673 1072 735 ciues
1093 675 1180 736 etim
1209 684 1296 754 atqie

84 755 171 816 ebes
206 764 238 816 et
267 756 412 835 samoe
434 755 608 820 coniunctos
631 757 740 832 (ibid).
790 758 961 820 rmeeeu:
993 759 1090 837 sonna
1119 772 1148 822 ct
1176 760 1239 822 ton
1268 770 1297 823 ct
1379 753 1387 764 ⁸

84 840 178 902 outo
210 858 347 922 querque
379 841 481 904 cloden
517 853 547 904 et
578 843 768 922 frequentino
802 842 950 924 pleraque
982 849 1129 906 montium
1159 853 1293 906 oootont.

83 924 172 986 llelius
206 924 238 984 in
272 925 488 1004 exemplaribus
520 927 634 988 nostris
665 935 695 988 ot
726 927 854 1006 antiquis
886 927 1082 999 edition'drne,
1117 927 1295 1010 plerumque

83 1013 213 1070 undum
235 1019 360 1070 ocnnut
381 1009 489 1087 tlbid).
519 1010 640 1072 Frustra
662 1011 851 1089 enimaliqui
873 1011 908 1072 ad
930 1029 1033 1072 vocem
1051 1017 1199 1074 montium
1220 1031 1294 1074 oon·

82 1090 241 1154 lrbandunn
264 1095 447 1156 oontendunt
466 1113 500 1156 ea
522 1093 680 1174 significari
707 1095 827 1165 leones,
859 1113 949 1156 ursos
985 1096 1115 1174 aliasque
1143 1097 1173 1157 id
1202 1110 1294 1175 geom

83 1175 194 1250 turm,
226 1176 338 1256 quibus
360 1187 477 1240 montes
504 1181 727 1259 frequentantur
763 1188 972 1258 ramoque
1007 1181 1111 1259 campi.
1161 1181 1236 1242 Nan
1256 1181 1295 1241 de

82 1261 222 1322 bominum
242 1262 356 1322 Auctor
375 1271 478 1324 noster
504 1263 634 1343 loquitan
655 1263 817 1334 mortibus,
851 1281 928 1342 qous
953 1265 1017 1338 loe,
1056 1265 1145 1326 lame.
1171 1265 1295 1344 adibqno

82 1343 274 1407 huiuscemodi
296 1345 427 1407 cladibus
447 1348 687 1428 frequentissime
707 1349 852 1410 arnmot,

153 1421 255 1508 Pergit
275 1439 372 1492 antem
393 1431 456 1492 lile:
492 1433 604 1513 Officio
632 1443 802 1512 tcoepcrum
829 1442 857 1494 et
878 1433 1093 1494 elementorum
1114 1438 1219 1495 munio
1240 1451 1295 1494 cur·

84 1515 204 1576 orlitnnt
224 1515 337 1590 (lind),
359 1516 389 1576 id
411 1524 472 1588 cst,
501 1518 607 1578 solitus
628 1526 755 1596 quatuor
775 1517 843 1577 anni
865 1524 1071 1596 tempestatum
1106 1535 1141 1577 ac
1167 1525 1294 1578 statutus

84 1597 282 1660 elmeotorum
305 1598 380 1660 ordo
400 1601 604 1673 conlunditur,
623 1601 701 1680 quod
722 1601 887 1680 improprio
907 1601 983 1662 dixit
1002 1600 1092 1661 rerbo
1108 1603 1296 1664 cuorbs'toot.

85 1683 149 1752 llnin
162 1684 248 1746 etiam
268 1689 416 1746 tumultis
438 1695 468 1748 et
485 1691 639 1767 portentis
660 1685 851 1747 amelien·
863 1685 966 1764 [omo
981 1686 1135 1748 turbatio.
1167 1685 1294 1757 Ouidana

84 1775 168 1828 antuus
186 1766 227 1828 ibi
250 1778 386 1828 monstra
405 1787 421 1830 a
443 1771 590 1847 portentis
614 1769 659 1831 sic
679 1770 822 1848 distingui
844 1769 954 1844 volunt,
982 1777 1015 1830 ut
1036 1776 1168 1830 monstra
1189 1770 1219 1830 in
1234 1770 1292 1830 bo-

83 1851 197 1912 minibus
218 1852 454 1932 animalibusque
476 1855 554 1927 sint,
583 1863 721 1934 portentu
747 1872 820 1916 roro
840 1855 870 1914 in
892 1853 983 1915 rebus
1010 1853 1189 1914 inanimatis.
1233 1853 1293 1914 Sed

82 1933 175 1996 iinon
193 1936 266 1998 eatis
286 1938 481 2016 proculdubio
511 1939 713 2011 eoeneum,
753 1939 832 2018 qued
855 1937 974 2017 scripsit
996 1937 1098 1998 Cicero
1120 1938 1294 1999 iolormetas

84 2019 193 2080 deorum
224 2021 364 2082 oenones
390 2033 518 2102 practer
547 2034 695 2086 suornm
728 2023 881 2085 mmmm
907 2023 1112 2104 pecudum
1139 2026 1294 2102 por-rouo

85 2102 176 2175 (Cicer.
195 2104 249 2166 lib.
272 2104 308 2166 lb
331 2105 368 2168 de
388 2105 489 2168 mur.
512 2107 601 2168 lleor.
623 2123 688 2186 pag.
711 2110 783 2170 215.
806 2107 856 2168 lin.
880 2111 954 2182 lb).
984 2107 1022 2166 Et
1042 2106 1126 2168 alibi:
1149 2108 1197 2167 Ao
1218 2124 1293 2168 ocro
1421 2161 1425 2168 .
1542 2059 1544 2076 ⁴

85 2187 128 2248 illo
146 2207 199 2251 soa
224 2201 359 2262 terreat,
391 2194 557 2271 siquando
579 2191 682 2272 ulique
702 2202 883 2270 portentoso
903 2204 997 2254 outo
1022 2192 1137 2272 pcmdc
1174 2202 1229 2252 out
1255 2205 1294 2254 cro

85 2271 185 2334 lenire
206 2287 283 2337 uoto
303 2277 447 2337 ducuntur
469 2275 545 2346 (bib.
569 2276 606 2336 ll.
628 2276 665 2336 de
687 2276 809 2336 limmat
833 2293 862 2354 p.
885 2279 957 2338 217.
980 2274 1031 2336 lin.
1056 2273 1143 2350 libl‘l
1165 2275 1293 2336 Porten-

85 2363 134 2416 tum
153 2357 240 2436 igitur
261 2377 324 2419 non
345 2360 439 2438 mag'u
461 2359 498 2420 te
520 2360 687 2422 inanimatis
709 2361 799 2421 rebus
821 2360 938 2432 dicitur,
960 2377 1047 2438 quam
1070 2360 1107 2420 de
1121 2359 1293 2420 bominibus

86 2450 109 2500 rt
125 2442 297 2519 potudssrus,
327 2445 358 2504 in
380 2444 488 2523 qnibns
511 2444 675 2506 meinbmm
698 2444 816 2522 aliquod
836 2451 954 2523 praeter
974 2451 1106 2506 numrnm
1129 2443 1215 2522 mane
1238 2443 1292 2504 de·

86 2525 212 2588 lornatnr
255 2537 306 2590 ant
331 2528 477 2590 redundet
519 2537 572 2591 aut
597 2529 704 2591 delicit.
747 2530 921 2590 Portentum
948 2535 1049 2590 tomen
1068 2547 1085 2589 a
1107 2537 1244 2590 munstre
1266 2526 1294 2588 si

86 2611 207 2757 m
220 2611 393 2674 Tertulliani
425 2613 524 2674 verbis
556 2631 658 2674 revera
690 2614 806 2674 secum
841 2613 929 2675 nobis
961 2612 1120 2693 probetur,
1157 2613 1294 2691 prolium

156 2780 231 2853 Quid
261 2779 371 2860 plura?
400 2781 547 2852 Humiles,
576 2781 618 2842 ait
646 2781 707 2853 ille,
736 2781 925 2850 sedunens,
956 2780 1098 2841 audlrinoa
1126 2778 1301 2848 hostilitate,

88 2872 232 2926 tutentur
260 2865 444 2940 (Taurllian.
471 2866 624 2945 Apologct
664 2883 728 2944 cap.
750 2867 830 2936 bib),
869 2863 932 2924 sire
959 2863 1112 2923 hominnm
1142 2871 1235 2923 status
1264 2869 1297 2922 et

89 2947 201 3009 seduc
224 2950 264 3010 ita
287 2957 494 3023 commtatrrr,
524 2959 557 3013 ut
577 2969 594 3011 a
616 2949 734 3012 sublimi
757 2967 791 3009 ac
813 2965 928 3008 sturme
949 2947 985 3007 ad
1007 2947 1148 3007 bumilem
1171 2954 1202 3006 et
1222 2945 1293 3006 inli-

89 3047 151 3092 nan
170 3043 258 3112 atqie
278 3052 363 3095 versa
385 3035 449 3096 rice
469 3041 521 3096 ant
540 3034 675 3094 decidant
695 3041 745 3093 aut
764 3031 973 3092 conscendant.
1020 3030 1169 3108 Denique:
1201 3034 1296 3090 iuati·

89 3118 124 3174 tio
140 3123 268 3180 rorcsca't
295 3129 326 3180 et
351 3123 495 3198 tss'qur'tos
519 3119 696 3188 crebrescit,
731 3118 880 3178 oceano·
903 3119 1034 3176 morirer
1064 3113 1295 3194 diacipb‘soruur

90 3217 154 3260 euro
164 3207 318 3284 torpescit,
340 3204 419 3282 apud
439 3203 575 3265 etbnicos
591 3201 734 3274 videlieet,
756 3200 807 3279 qui
821 3199 1010 3260 oln'islianam
1029 3197 1202 3278 religionem
1218 3198 1293 3260 ode·

90 3293 142 3344 tant
172 3287 214 3348 rel
242 3288 489 3366 aspernabantur.
536 3287 610 3348 Νιιιι
638 3294 742 3365 postea
769 3283 956 3346 manifestum
979 3283 1059 3362 ipse,
1091 3291 1125 3344 nt
1150 3303 1207 3350 suo
1227 3283 1296 3344 loco

90 3367 247 3444 *flebimus
270 3372 391 3434 cuilibet
412 3373 483 3434 lecit
502 3389 518 3432 a
534 3367 712 3432 Christianis
734 3369 878 3431 oecultum
900 3367 1180 3447 disseminatamqne
1202 3367 1297 3429 lrriese

91 3449 223 3530 lullum,
246 3455 405 3534 pietatem,
434 3456 621 3517 uncffltem
649 3471 807 3534 cirremqne
836 3453 980 3515 bonarum
1003 3453 1136 3514 omniurn
1159 3452 1293 3530 discipli-

92 3551 186 3599 narum.
235 3539 331 3601 Porro
360 3549 457 3602 autern
486 3540 600 3613 clades,
629 3539 824 3611 calamitates,
860 3555 1020 3616 rerumque
1047 3537 1294 3616 perturbationes,

94 3635 152 3696 qnos
170 3624 279 3685 lnotm
304 3633 411 3686 noster
437 3633 587 3696 recenset,
617 3643 634 3684 a
662 3623 754 3685 sacris
777 3622 889 3684 nostris
916 3621 1030 3682 ratibus
1053 3640 1121 3682 rere
1143 3637 1295 3698 praenun-

94 3703 163 3766 tiatas
189 3708 281 3770 luisse
309 3727 399 3792 nemo
426 3727 535 3787 negare
563 3713 679 3788 potest,
715 3706 773 3768 nisi
802 3706 851 3785 qui
878 3706 985 3767 borum
1019 3705 1202 3780 aliommque
1232 3701 1295 3761 sive

93 3785 284 3854 historicorum
307 3801 358 3855 aut
378 3792 666 3872 chronologistarum
694 3791 787 3852 libros
809 3809 865 3851 nec
885 3789 1086 3869 percurrendo
1109 3785 1227 3864 quidem
1248 3784 1294 3844 le-

93 3873 162 3946 gerit
206 3878 243 3939 ltt
274 3877 520 3956 quomadmodum
547 3875 730 3956 Augustinus
757 3875 899 3936 adversus
927 3873 1066 3934 Faustum
1094 3867 1295 3929 bleniobaenm

93 3953 217 4034 disputat:
254 3963 448 4024 Ostendimus
469 3963 559 4043 fidem
577 3960 800 4040 prophetorum
822 3977 861 4019 eo
883 3957 940 4030 bis,
969 3975 1044 4036 quoe
1066 3965 1197 4014 ocntsrro
1221 3956 1295 4014 octi-

94 4054 188 4105 nnurt
212 4057 242 4108 ot
269 4050 390 4108 ventsse
413 4055 583 4108 emuntur
604 4044 738 4123 (tumst
754 4043 805 4104 lib.
820 4041 907 4103 xvn.
931 4060 955 4102 c.
978 4039 1074 4101 Faust
1091 4037 1215 4098 Manicb.
1232 4053 1294 4115 cap.

95 4125 186 4206 bouq
200 4133 275 4194 255.
290 4129 378 4192 Toni.
394 4128 492 4205 vtth.
528 4129 588 4190 Sed
609 4127 690 4190 illum
712 4125 796 4206 plura
818 4126 855 4187 de
877 4125 923 4188 bis
945 4124 986 4185 ibi
1002 4123 1198 4200 disputantem
1214 4119 1297 4182 adire

94 4212 195 4282 W!-
237 4215 282 4276 Du
303 4215 408 4276 murrdi
428 4233 500 4276 vero
521 4212 670 4279 cladibus.
698 4230 771 4290 quas
795 4209 992 4273 Tertullianus
1021 4225 1038 4268 a
1065 4205 1158 4268 saeris
1181 4205 1297 4268 nostris

95 4292 191 4370 leubus
210 4298 378 4378 praedictos
401 4315 468 4360 osse
489 4297 571 4370 dixit,
592 4296 716 4358 interius
738 4313 805 4356 cum
827 4313 864 4354 eo
886 4291 1041 4371 agendum.

159 4380 350 4444 Dissimulare
378 4389 477 4444 tamon
505 4399 566 4443 non
594 4395 755 4460 possumus
784 4378 848 4439 aliis
877 4377 965 4454 longe
992 4373 1167 4437 clarioribus
1194 4392 1296 4435 sacrae

95 4455 245 4543 septum
264 4467 367 4528 verbis
388 4468 488 4529 lotura
507 4463 716 4546 praenuntiari.
761 4462 849 4524 Tales
876 4460 1025 4522 enbnvero
1047 4466 1116 4522 sunt
1138 4458 1237 4537 plnres
1259 4457 1296 4518 de

96 4557 199 4612 imo
220 4551 340 4614 (Ἅι-ἰω
366 4551 489 4630 eiusque
510 4550 578 4626 iile,
606 4548 768 4622 fisemis,
789 4553 887 4608 morto
916 4552 946 4606 et
973 4544 1010 4606 ed
1038 4543 1128 4606 vitant
1154 4557 1296 4621 regressu
