3122 5250
265 359 328 425 334
358 375 549 421 nrsssarsrro
565 375 595 418 ru
611 375 661 425 un.
676 373 760 417 surr.
775 372 863 417 raon.
878 373 1072 417 manamaur
1086 371 1309 417 monocentauri
1323 371 1404 416 cura.

265 525 392 588 steriora
417 525 506 587 rerba
534 523 578 586 sic
603 524 754 587 immutata
775 531 860 586 sunt:
896 523 1098 604 Bnprolrnnt
1118 527 1196 586 ese
1215 524 1294 604 qood
1313 531 1406 597 erunt,
1430 525 1460 584 te

263 615 438 692 renntspsoe
463 609 560 673 stola
585 613 693 672 Μίδα
720 609 757 671 ol
783 611 956 672 innocentio
984 611 1149 672 transitum
1169 607 1304 688 celsata
1324 612 1460 688 cmputaat

266 695 351 773 (lhid.
372 695 429 758 loc.
451 693 522 771 cit).
572 693 631 755 Sed
659 693 700 755 ihi
725 692 849 754 forsitan
876 692 988 754 librarii
1015 693 1125 755 memo
1153 693 1201 754 illa
1226 692 1285 753 duo
1311 691 1394 752 rotha
1418 691 1460 752 cel

264 784 358 842 uotn's
386 778 563 842 exciderunt
608 778 695 840 Solus
723 785 820 840 autom
848 777 992 856 Georgius
1014 777 1220 839 Ambianensis
1248 776 1366 856 solaque
1395 793 1484 837 con·

263 865 373 926 iectura
404 863 511 925 duetus
539 863 570 924 in
591 871 672 925 textu
683 862 865 924 'Tertulliani
885 862 1023 924 audacius
1043 861 1144 942 pestrit
1164 863 1330 938 docueram
1348 877 1400 940 pro
1420 861 1460 921 df·

262 959 433 1012 nonerunt.
462 947 535 1010 Nam
556 965 663 1009 sensus
684 947 762 1009 illius
785 955 844 1008 est:
867 946 988 1008 llalelici
1007 951 1042 1009 c'n
1062 951 1235 1026 semctipsos
1255 946 1351 1010 moloc
1362 949 1460 1008 mec

263 1039 389 1114 thtpctns
410 1041 583 1112 agnoscunt,
604 1031 789 1093 dinumerant
809 1030 924 1110 sibique
938 1029 1116 1112 exprobrant
1130 1049 1233 1094 eorum
1248 1039 1344 1092 umen
1358 1029 1460 1109 culpan

261 1137 323 1179 non
351 1117 418 1192 sihi,
451 1117 504 1178 sed
531 1116 618 1178 astris
639 1116 684 1178 vel
705 1117 766 1178 fato
787 1115 931 1195 imputant
952 1125 983 1177 et
1001 1115 1180 1178 adscribunt
1224 1115 1354 1177 Vidimus
1375 1123 1461 1176 autem

127 1224 131 1242 ⁴
262 1203 398 1278 (Dissert.
420 1203 450 1263 in
472 1201 577 1263 llinuc
599 1201 701 1264 (lotar.
723 1219 786 1280 cap.
809 1203 840 1264 6.
860 1200 922 1262 Art.
945 1205 989 1278 4.)
1016 1219 1103 1279 mam
1130 1200 1296 1262 nonunuuis
1318 1201 1402 1261 fuerit
1420 1198 1461 1260 illa

263 1286 413 1366 gentilium
446 1286 518 1347 falsa
549 1285 650 1364 opinio
682 1303 738 1365 qua
770 1286 829 1347 fato
862 1285 961 1346 omnia
992 1285 1056 1346 lieri
1088 1284 1312 1346 arbitrabantur.
1365 1285 1460 1344 Verum

261 1371 340 1434 nulla
362 1389 489 1452 prorsus
512 1389 547 1432 er
568 1370 616 1432 hic
637 1388 712 1449 qnae
733 1377 895 1432 memorata
917 1378 987 1432 sunt
1007 1369 1075 1431 mali
1106 1369 1214 1432 indicia
1245 1369 1460 1448 deprehendun-

263 1465 310 1518 tnr
330 1456 361 1516 in
383 1455 560 1528 Christiano,
582 1473 680 1534 quem,
702 1461 735 1516 ut
756 1472 845 1546 supra
859 1454 1116 1516 animadvertimus
1138 1454 1220 1532 (Cap.
1236 1455 1460 1534 supenhrthh

261 1539 413 1620 religionis
435 1557 505 1602 suas
538 1558 594 1601 nec
613 1539 706 1620 pudet
736 1557 792 1601 nec
811 1539 953 1618 poenitet,
975 1538 1028 1601 sed
1050 1545 1203 1601 accusatus
1225 1546 1256 1600 at
1277 1538 1461 1617 interrogatus

262 1645 295 1687 se
323 1624 519 1687 Christianum
550 1642 619 1686 esse
646 1623 812 1697 confitetur,
845 1624 960 1703 gaudet,
993 1622 1134 1703 gloriatur
1161 1642 1195 1686 ac
1221 1623 1375 1685 damnatus
1401 1639 1461 1701 gra-

261 1710 318 1771 tias
340 1709 409 1788 agit.

344 1793 434 1854 Recta
456 1811 526 1871 ergo
549 1791 761 1854 Tertullianus:
801 1791 882 1866 Quid
903 1793 965 1863 loc,
998 1791 1049 1867 ait,
1075 1792 1151 1854 mali
1179 1803 1226 1854 eat
1245 1791 1279 1853 in
1300 1790 1461 1854 Christianis

261 1879 341 1960 quod
367 1877 526 1940 naturalia
550 1876 626 1938 mali
649 1895 712 1940 non
734 1877 822 1940 halet
852 1875 1035 1951 (Tertullian.
1055 1877 1208 1956 Apologet.
1230 1895 1296 1956 cap.
1321 1874 1385 1954 l.)f
1411 1873 1463 1937 Sed

260 1963 291 2024 in
312 1962 425 2024 nostris
448 1961 596 2024 codicibus
618 1961 825 2040 manuscriptis
846 1961 971 2039 legimus
1001 1963 1081 2044 quod
1101 1973 1215 2023 cuturn
1235 1960 1300 2023 alic
1319 1961 1392 2023 malt
1408 1977 1464 2020 coe

262 2049 365 2126 hohet‚·
385 2046 520 2108 fortassis
541 2063 603 2107 non
625 2045 745 2107 omniun
767 2045 852 2120 mdc,
876 2045 902 2106 si
923 2044 974 2118 ihi,
997 2046 1074 2108 sicut
1094 2046 1182 2108 honis
1203 2045 1372 2107 auctoribus
1395 2042 1463 2106 haud

259 2133 346 2212 plane
367 2132 536 2212 infrequens
559 2139 615 2202 est,
636 2129 825 2192 subaudiatur
845 2130 986 2209 particula
1007 2149 1102 2212 qaum,
1124 2131 1182 2192 hoc
1202 2129 1344 2192 nimirum
1366 2145 1462 2191 sensu:

260 2217 338 2296 quod
360 2235 421 2277 non
453 2215 509 2277 alia
536 2233 623 2294 quam
644 2215 713 2276 mali
734 2221 837 2276 natura
858 2214 956 2276 hahet.
1000 2214 1059 2276 Sed
1079 2213 1212 2295 pluribus
1233 2215 1333 2276 littera
1353 2233 1373 2276 c
1391 2212 1461 2275 anti-

260 2302 430 2380 quariorum
462 2298 625 2378 ignorantia
655 2299 701 2360 vel
731 2317 833 2359 errore
862 2299 903 2361 ihi
931 2298 1073 2378 duplicata
1100 2299 1179 2362 haud
1206 2298 1297 2362 duhie
1318 2298 1462 2362 vidahitm.

259 2387 332 2448 llide
354 2395 451 2448 tamen
472 2393 570 2446 utrum
590 2383 685 2462 prima
706 2383 793 2444 lectio
815 2383 982 2446 confirmari
1003 2403 1063 2444 non
1084 2383 1182 2463 possit
1201 2401 1237 2445 ex
1259 2383 1336 2444 libro
1358 2384 1393 2446 ad
1408 2382 1460 2443 lla-

259 2471 368 2544 tiones‚
400 2471 431 2531 in
459 2487 516 2549 quo
543 2466 662 2530 brevius
690 2467 817 2547 quidem,
850 2469 903 2528 sed
924 2486 985 2530 non
1005 2468 1103 2530 minus
1124 2468 1202 2530 claro
1224 2468 1345 2531 dicitur:
1384 2465 1463 2542 Quod

182 2623 188 2641 ι
258 2555 372 2618 nmium
394 2567 439 2618 eat
458 2559 491 2615 t'n
513 2571 570 2633 qao
590 2551 666 2614 moli
684 2563 799 2614 antero
821 2564 916 2614 cesant
942 2553 1034 2624 (ldem
1055 2551 1107 2614 lib.
1127 2554 1151 2614 l.
1173 2552 1209 2614 ad
1230 2553 1297 2614 Nat.
1318 2571 1381 2632 cap.
1404 2547 1462 2626 ht?

259 2641 352 2701 lmmo
379 2657 450 2701 vero
478 2637 558 2699 addit
577 2639 687 2699 Auctor
714 2645 818 2698 noster
848 2637 1006 2698 maximum
1029 2638 1059 2698 iu
1082 2655 1117 2698 eo
1140 2655 1207 2700 esse
1228 2637 1339 2700 debere
1359 2637 1462 2698 honum

260 2729 345 2788 cuius
368 2743 439 2786 reus
460 2724 577 2803 gaudet,
600 2727 685 2784 coins
707 2726 857 2785 accusatio
880 2734 983 2784 votum
1004 2731 1059 2784 est.

342 2809 484 2870 lithnicos
505 2815 601 2868 autem
622 2806 671 2868 ille
692 2806 788 2867 actim
810 2817 893 2885 urget
925 2806 1019 2876 (ldsm
1035 2804 1189 2886 Apologot
1212 2824 1275 2884 cap.
1296 2811 1336 2885 l.)
1357 2806 1460 2886 palam·

258 2913 314 2974 que
341 2893 410 2956 lacit
435 2893 468 2954 in
490 2891 663 2953 Christianis
689 2890 761 2952 nihil
787 2909 855 2953 esse
882 2890 959 2966 mali,
987 2890 1036 2970 qui
1057 2890 1160 2952 relicto
1182 2889 1326 2954 falsorum
1347 2891 1461 2952 deorum
1529 2955 1530 2970 q

257 2979 337 3042 cultu
364 2997 398 3040 ac
426 2984 562 3055 suscepta
584 2974 694 3038 Christi
721 2975 863 3055 religione
884 2975 1034 3048 meliores,
1062 2975 1310 3054 quemadmodum
1332 2975 1459 3044 diximus,

257 3064 324 3124 facti
346 3064 471 3124 fuerant.
514 3060 615 3140 Neque
636 3059 665 3121 id
687 3059 762 3140 ipsis
783 3059 952 3140 gentilibus,
981 3059 1121 3139 quidquid
1142 3067 1245 3121 contra
1266 3061 1460 3128 reclamarent,

256 3155 372 3226 poterat
393 3165 461 3207 esse
482 3145 671 3224 incognitum.
714 3145 863 3206 Noverant
883 3145 961 3205 enim
982 3153 1108 3223 quantus
1131 3151 1210 3206 asset
1235 3144 1460 3206 Christianorum

256 3230 364 3308 ubique
393 3237 538 3292 terrarum
566 3245 708 3290 uumerus
735 3228 862 3307 hincque
890 3229 1014 3308 graviter
1044 3228 1217 3290 moerebant
1236 3248 1272 3291 ac
1293 3230 1330 3292 de
1352 3247 1386 3290 eo
1406 3237 1462 3288 tant

255 3332 492 3476 ttttnltlt
531 3312 875 3459 &diffidit
897 3313 1460 3479 ltttttttttltsltttttttll

254 3481 409 3562 impudicis
430 3480 565 3560 pudicos,
588 3499 624 3542 ex
644 3480 762 3542 iniustis
785 3499 819 3542 ac
839 3480 990 3544 sceleratis
1012 3491 1122 3556 castos,
1139 3483 1298 3562 religiosos
1320 3503 1356 3546 ac
1376 3479 1458 3543 sedu-

253 3568 311 3629 lam
332 3565 489 3629 virtutihus
512 3564 647 3630 omnihus
669 3582 790 3643 operam
812 3565 924 3627 dantes.
967 3567 1004 3628 Et
1025 3575 1105 3629 certo
1125 3567 1208 3646 ipsis,
1230 3575 1263 3630 ut
1284 3567 1327 3630 ait
1347 3563 1457 3629 Tertul-

31 3683 32 3694 κ
119 3711 124 3720 ,
253 3653 358 3726 danus,
385 3651 539 3713 ridebatur
566 3651 660 3713 honus
687 3653 737 3710 oc'r
765 3649 854 3712 Cocles
888 3651 1091 3732 (manuscripti
1118 3653 1214 3714 nostri
1241 3651 1336 3715 Gutus
1364 3644 1457 3726 Sedet)

255 3750 371 3802 tostum
392 3738 471 3818 quod
494 3735 685 3798 Christcheua
716 3733 801 3810 (lhid.
825 3753 887 3815 cap.
909 3739 939 3800 3.
962 3744 991 3799 et
1012 3736 1061 3800 lib.
1083 3736 1106 3798 l.
1129 3737 1166 3797 ad
1186 3736 1304 3798 Nahum
1327 3753 1389 3816 cap.
1409 3735 1458 3808 4.).

252 3823 432 3886 llirabanttu
459 3821 582 3884 [maiam
609 3819 781 3900 sapientem,
809 3819 885 3881 hanc
910 3820 1063 3883 mulierem
1089 3820 1235 3901 pudicam,
1266 3821 1348 3882 hunc
1373 3818 1457 3882 lilium

252 3909 328 3988 patri
351 3926 406 3969 suo
429 3907 651 3985 obsequentem,
674 3905 753 3966 hunc
774 3919 892 3966 servum
913 3905 1033 3967 domino
1056 3924 1112 3967 sun
1133 3905 1258 3967 fidelem.
1287 3905 1459 3967 tthmantm

253 3993 371 4070 quidem
392 3991 446 4053 has
467 3991 598 4070 aliasque
619 3989 852 4052 Christianmum
872 3990 1012 4064 uirtutes,
1039 3991 1092 4053 sed
1112 3991 1168 4052 hos
1190 3989 1373 4054 Ghmstianos
1394 4001 1458 4048 esse

253 4077 329 4138 forre
351 4093 412 4137 non
433 4083 577 4156 poterant.
1526 4121 1530 4138 .

338 4160 413 4231 Quis
434 4179 504 4240 ergo
527 4178 581 4222 eos
602 4159 703 4239 potius
724 4175 823 4220 errare
845 4157 1014 4223 diffitebitur
1033 4163 1088 4241 qui
1106 4159 1235 4224 laedant
1254 4177 1330 4240 quoe
1354 4160 1456 4222 edunt.

253 4243 293 4305 ait
312 4243 421 4305 Auctor
440 4253 553 4315 noster.
575 4249 752 4326 vituperent
771 4261 845 4325 punc
866 4249 1011 4323 ignorum
1031 4255 1061 4306 et
1080 4244 1111 4306 c’d
1131 4245 1210 4325 qaod
1222 4247 1324 4306 sciunt
1337 4259 1370 4304 eo
1385 4235 1457 4322 quod

252 4333 395 4406 {morant
416 4339 616 4410 corrompant
636 4326 759 4405 (lhid.)f
801 4329 835 4389 ln
863 4326 1000 4389 omrrihus
1026 4328 1139 4390 nostis
1156 4327 1317 4390 'codieihus
1337 4323 1455 4405 legimus

251 4417 429 4492 irrumpunt
448 4431 503 4491 pro
526 4425 742 4494 corrumpunt·
765 4413 819 4474 sed
839 4413 937 4474 miuus
958 4413 1094 4476 fortassis
1116 4413 1202 4475 hene.
1237 4413 1270 4474 ln
1290 4411 1366 4474 lihm
1382 4408 1456 4470 euim

251 4497 287 4558 ad
301 4496 442 4558 Nationes
465 4497 605 4576 scriptum
627 4507 686 4560 est:
708 4498 770 4560 Pro
794 4498 940 4560 stotctttcc
961 4501 1102 4560 caecitate
1121 4497 1249 4560 laudant
1263 4515 1337 4578 quoe
1351 4497 1453 4558 suunt.

250 4585 425 4664 vituperant
445 4599 520 4662 quac
541 4587 678 4644 nesciaet
699 4593 728 4644 et
749 4583 781 4644 ld
800 4582 879 4664 qaod
899 4585 1154 4646 nesahntoitr'cet
1169 4582 1261 4662 (Luco
1271 4581 1348 4659 cith
1369 4573 1452 4658 quod,
