3122 5250
296 348 359 413 376
387 363 579 408 nussaaramo
594 364 626 408 m
641 365 691 416 ou.
704 363 790 410 sarr.
806 364 893 410 anua.
907 365 1104 410 rmrumnm
1116 365 1346 411 aroaoenrrcmr
1359 363 1439 410 carr.

295 516 359 579 Nos
380 533 450 578 uero
472 513 510 578 da
530 514 588 580 boc
607 531 733 594 prorsus
755 515 917 578 execrando
941 514 1084 580 sacrificio
1105 515 1188 598 plura
1208 515 1280 579 alibi
1306 517 1489 580 annotavimus

296 601 462 678 (Dissertat
484 598 515 662 in
536 599 643 662 llinuo
666 599 766 663 Oetau.
788 618 852 679 rap.
874 603 904 664 9.
926 601 988 662 Art
1010 603 1065 680 2),
1086 601 1137 664 ubi
1159 619 1278 681 quoque
1300 601 1446 664 enodatius
1464 619 1489 664 ea

295 684 501 766 explicavimus
522 703 598 764 quae
618 684 757 746 condano
779 685 943 748 subnectit:
975 685 1104 751 llemu'tto
1128 683 1272 749 Tauricos
1287 687 1409 766 subulm
1423 685 1488 750 tlu-

295 776 354 834 trs'a
375 773 441 834 suia
463 768 571 846 (ibid),
594 769 657 832 sive
678 769 925 848 quemadmodum
946 767 1063 851 ipsein
1085 770 1142 834 alio
1162 770 1239 832 libro
1257 770 1403 851 loquitur:
1423 769 1490 834 utut

294 855 358 919 utu
383 859 447 918 ruisi
470 857 580 934 feritas
610 853 693 924 colet.
721 854 777 916 utta
804 855 925 926 seilicet,
953 875 1029 938 quoe
1048 855 1172 935 subules
1194 857 1276 918 mutu
1299 857 1334 918 de
1354 855 1489 937 saeuum

296 941 467 1004 Tauronem
487 938 669 1013 (Tertullinus.
691 938 748 1002 loc.
769 937 818 1002 cit.
841 948 870 1001 et
890 939 941 1001 lib.
958 940 982 1001 l.
1004 939 1119 1002 advers.
1140 940 1282 1002 Marmon.
1306 959 1369 1020 cap.
1386 944 1432 1018 1.),
1450 939 1487 1018 qui

294 1025 427 1088 uidelicet
447 1023 555 1086 Dianae
576 1023 710 1102 hospites
732 1042 804 1090 suos
826 1023 1026 1094 immolabant.

267 1153 276 1169 .
376 1109 476 1189 Pergit
502 1115 616 1170 autern:
642 1107 717 1170 Buce
736 1112 770 1170 io
790 1107 846 1170 utta
868 1108 1094 1188 religiosissimo
1113 1109 1190 1171 urbe
1212 1109 1420 1172 daueudmuau
1436 1113 1488 1190 piu

294 1213 365 1258 rum
386 1205 430 1258 est
451 1193 569 1274 Iupiter
589 1193 714 1275 quu'deuu,
736 1192 876 1256 nimirum
890 1192 1026 1267 Latiaris,
1048 1213 1133 1275 quem
1150 1193 1230 1256 ludia
1247 1197 1314 1256 auia
1329 1191 1486 1256 cirsensibus

294 1289 324 1342 et
335 1278 514 1360 gladiatoriis
537 1278 666 1341 bwuouo
684 1277 838 1359 proluunt
859 1283 1013 1358 scopatae.
1057 1277 1133 1340 Alibi
1153 1297 1226 1340 vero
1250 1278 1392 1359 scriptum
1411 1277 1443 1340 ab
1460 1295 1486 1338 eo

210 1375 216 1384 ·
293 1365 433 1444 legimus:
470 1363 554 1426 Lutto
582 1363 621 1425 od
647 1363 826 1426 bodiemuus
846 1361 916 1425 locu·
939 1364 1036 1426 medio
1057 1367 1089 1425 ἐπ
1114 1361 1192 1426 Urba
1214 1362 1367 1426 humanus
1386 1364 1486 1442 cosmo

292 1455 468 1530 ingustatur
489 1467 542 1510 uec
564 1451 719 1529 quicquum
740 1447 891 1511 retractet
921 1458 976 1512 out
1004 1465 1069 1512 nort
1089 1452 1240 1510 rationem
1258 1451 1426 1528 proesumit
1442 1444 1486 1506 ol‘e

292 1553 382 1617 quum
412 1545 467 1595 out
487 1532 732 1596 tbumtbuubs'lem
754 1533 803 1595 dei
821 1535 872 1595 tui
889 1532 1075 1595 voluntatem
1101 1531 1194 1605 (ldem
1214 1531 1370 1612 apologet
1391 1548 1445 1610 cap.
1463 1530 1484 1591 9.

292 1619 442 1698 Scorpiac.
464 1636 527 1697 cap.
543 1620 598 1695 7.).
627 1617 701 1690 Quis
724 1625 822 1678 autern
844 1635 904 1678 oon
925 1617 1004 1678 videt
1023 1616 1060 1680 ab
1081 1616 1132 1678 illo
1155 1614 1484 1696 resuscitassemus

294 1711 324 1766 et
345 1703 553 1765 acuendorum
569 1705 694 1784 piorum
714 1701 834 1766 nomine
864 1719 925 1763 non
946 1719 1050 1782 magua
1071 1701 1137 1763 sine
1158 1701 1258 1764 ironia
1284 1701 1419 1782 appellari
1436 1698 1482 1760 llo·
1520 1741 1521 1744 ,

294 1806 409 1860 manos,
432 1785 482 1865 qui
503 1783 540 1847 ab
562 1788 669 1860 Aenea,
691 1804 779 1866 quem
800 1785 910 1866 ubique
929 1785 1043 1866 passim
1057 1785 1193 1865 Virgilius
1212 1790 1302 1866 pium
1319 1797 1482 1866 patremm-

293 1881 348 1946 cat,
372 1889 456 1933 suam
477 1889 511 1933 se
532 1870 675 1950 originem
697 1870 818 1932 duxisse
839 1869 1062 1949 gloriabantur?
1106 1870 1163 1942 Qui
1190 1879 1291 1934 autem
1312 1869 1402 1950 magis
1421 1863 1482 1944 impii
1520 1883 1521 1892 ¹

293 1968 324 2020 et
349 1957 448 2018 minus
476 1954 608 2034 religiosi
637 1974 707 2017 esse
734 1963 872 2034 poterant
902 1973 990 2034 quam
1017 1956 1048 2018 bi
1078 1954 1214 2028 Romani,
1248 1956 1301 2036 qui
1329 1955 1359 2016 in
1379 1953 1446 2016 ludis
1463 1955 1483 2008 ct

292 2041 464 2105 muneribus
478 2039 541 2102 lori
556 2039 675 2112 Latiari,
697 2040 753 2101 deo
775 2057 830 2100 suo
853 2039 965 2118 optimo
988 2049 1018 2102 et
1038 2039 1165 2102 maximo
1183 2040 1374 2112 consecratis,
1395 2034 1481 2118 gladia·

292 2137 374 2188 tores
406 2143 476 2187 sese
503 2133 606 2186 mutuo
634 2123 844 2186 interficientes
876 2133 928 2186 aut
954 2144 971 2186 a
998 2124 1103 2188 bestiis
1130 2124 1310 2203 quibuscum
1340 2119 1482 2203 pugnabant

292 2209 475 2272 horrendum
507 2209 537 2270 in
569 2209 691 2271 modum
717 2208 861 2270 laceratos
889 2217 919 2270 et
946 2209 1062 2272 occisos
1094 2227 1154 2270 non
1180 2209 1268 2272 siccis
1296 2217 1422 2280 tantum,
1444 2197 1482 2266 sod

291 2295 378 2358 laetis
407 2293 499 2356 oculis
526 2291 736 2355 intuebantur?
779 2292 838 2353 Sed
865 2293 902 2354 de
928 2292 986 2354 boc
1017 2293 1129 2356 crudeli
1157 2312 1225 2356 cunr
1258 2292 1411 2356 homicidio
1435 2297 1480 2348 tum

293 2378 461 2459 spectaculo
493 2377 548 2440 alia
580 2377 612 2439 in
642 2376 850 2440 dissertatione
882 2377 995 2456 egimus
1031 2377 1196 2454 (Dissertat
1219 2380 1253 2441 in
1279 2377 1382 2440 blinuo
1397 2375 1480 2437 ,botru

293 2464 570 2544 QSmm

377 2547 608 2628 Respondebant
635 2545 742 2608 etbnioi
764 2553 827 2606 tum
849 2545 966 2625 quidem
989 2546 1099 2608 effundi
1120 2546 1304 2626 sanguuinem,
1333 2545 1384 2610 sed
1402 2536 1478 2604 bomi-

259 2665 261 2674 ·
292 2653 364 2697 num
384 2642 435 2696 aut
454 2631 662 2694 bestiariorum
682 2642 737 2693 out
756 2634 922 2693 coctorum
935 2630 1142 2712 iugulatorum
1162 2627 1479 2708 (romuliamlpologat

292 2721 421 2798 capit).
447 2717 534 2797 Atqui
555 2715 653 2797 primi,
676 2714 761 2778 sicuti
783 2714 908 2789 aiebant,
930 2713 1067 2778 vilissimi
1088 2724 1172 2778 erant
1191 2717 1339 2790 homines,
1360 2710 1478 2794 quilumu

292 2801 429 2866 conducti
461 2819 582 2882 operam
602 2799 706 2864 bestiis
727 2799 907 2862 trucidandis
929 2799 1006 2862 ultro
1028 2799 1171 2862 locabant
1215 2799 1342 2864 Secundi
1362 2813 1424 2859 uero
1441 2805 1480 2854 sut

291 2897 415 2970 propter
443 2887 564 2960 scelera,
593 2885 670 2947 sicut
696 2879 770 2946 intra
792 2884 958 2958 dicendum,
987 2884 1128 2948 adversus
1150 2885 1265 2949 bestias
1301 2885 1356 2948 lata
1376 2878 1479 2944 iudom

292 2973 437 3036 sententia
459 2989 589 3053 pugnare
611 2968 800 3048 cogebantur.
830 2969 907 3031 Nibil
929 2987 1010 3049 ergo,
1036 2969 1208 3048 inquiebant
1223 2970 1343 3042 etlrnici,
1363 2969 1479 3030 nmmo

291 3059 445 3120 bominum
466 3056 571 3118 caedes
592 3055 661 3117 mali
680 3054 816 3116 babebat.
1431 3129 1436 3140 Ι

377 3142 436 3203 Sed
450 3140 647 3202 Tertullianus
669 3157 775 3201 vanum
796 3137 867 3201 illud
889 3138 1028 3217 effugium
1049 3137 1132 3200 lauile
1146 3137 1265 3217 citoque
1280 3135 1378 3202 eucrtd
1390 3125 1477 3222 (liudi

291 3225 453 3288 bestiarius
476 3225 565 3297 euim,
587 3223 800 3303 quantumlibet
820 3222 884 3284 vilis
906 3225 1028 3301 taexque
1050 3223 1149 3284 infima
1164 3222 1300 3296 civitatis,
1322 3215 1477 3282 aonidum

290 3317 389 3371 umen
421 3309 518 3370 minus
540 3308 629 3370 bomo
653 3315 699 3368 aut
725 3307 847 3388 parique
869 3307 1028 3385 homicidio
1049 3307 1106 3370 rita
1128 3307 1179 3382 illi,
1208 3308 1287 3372 sicut
1307 3299 1408 3396 ditiori,
1431 3291 1475 3391 lli·
1520 3339 1521 3394 q

291 3393 381 3474 pitur.
426 3392 459 3454 Si
487 3410 557 3454 vero
580 3391 740 3454 sceleratus
763 3401 859 3454 morte
881 3392 1036 3454 damnatus
1060 3391 1108 3466 sit,
1137 3392 1163 3454 is
1185 3403 1266 3456 oerte
1286 3409 1342 3471 quo
1362 3387 1474 3470 mmmm

291 3496 329 3540 eo
350 3476 498 3556 indignior
518 3476 567 3556 qui
587 3475 649 3537 lovi
670 3475 882 3550 immolaretur,
904 3475 965 3538 siue
988 3483 1020 3538 ut
1041 3475 1196 3556 ipsiusmet
1210 3471 1376 3540 Tertulliani
1399 3462 1474 3554 verbus

291 3570 424 3626 utamur:
461 3559 525 3623 Hoc
547 3563 678 3642 turpius,
706 3562 784 3641 quod
804 3559 880 3622 mali
899 3561 1026 3624 bominis
1049 3561 1146 3638 (lbid.)
1180 3563 1301 3642 sanguis
1332 3558 1473 3642 insumul·
1520 3555 1521 3616 l

292 3647 381 3710 veluti
403 3645 526 3719 aiebant,
550 3644 598 3708 dei
618 3644 764 3706 honorem
786 3644 926 3736 funditur.
971 3645 1168 3719 Quamobrem
1189 3646 1231 3708 ibi
1253 3646 1299 3707 ille
1320 3642 1355 3704 dc
1375 3636 1473 3700 eunus

292 3741 444 3796 eteorum
466 3730 535 3792 lore
555 3729 633 3793 baud
653 3729 770 3810 illepide
791 3728 914 3791 iocando
936 3729 1127 3792 exclamabat:
1152 3730 1293 3794 Olooeut
1308 3725 1475 3790 stercutus·
1520 3747 1521 3816 q

292 3815 406 3896 (lbid.)!
451 3815 509 3888 Qui
536 3813 702 3887 homicidii,
732 3814 814 3876 cuius
843 3813 1000 3877 Christiani
1027 3815 1100 3876 lalso
1128 3815 1380 3879 insimulabantur.
1405 3809 1473 3862 ⁶³⁰3
1520 3830 1521 3885 t

292 3911 452 3982 auctorque
479 3899 534 3962 luit
561 3907 591 3962 et
617 3917 653 3962 eo
682 3897 766 3960 titulo
794 3899 893 3963 solum
910 3903 1012 3981 putris
1033 3902 1085 3962 aui
1103 3899 1232 3974 Saturni,
1260 3897 1309 3979 qui
1329 3892 1399 3955 filios
1417 3893 1471 3948 suut
1520 3905 1521 3912 ¹

291 3994 453 4061 vomuerat,
475 3985 574 4067 filium
595 3984 630 4046 de
651 3983 837 4056 crudelitate,
860 4003 917 4064 qua
937 3983 1071 4046 uidelicet
1091 3983 1133 4046 illi
1153 3984 1208 4047 ruit
1229 3980 1341 4048 similis·
1520 4043 1521 4046 ,

376 4071 467 4150 Urget
480 4068 675 4132 Tertullianus
697 4087 731 4131 ac
751 4068 845 4130 maius
864 4067 915 4131 illo
936 4067 1096 4130 homicidio
1118 4069 1228 4132 mimam
1250 4081 1349 4130 eorum
1363 4063 1468 4120 maest·
1520 4079 1521 4136 j

292 4155 365 4218 serit
386 4160 439 4236 qut·
456 4165 545 4219 notos
566 4155 627 4217 sibu·
645 4153 755 4218 liberos
778 4152 947 4216 enecabant
989 4152 1080 4216 Visne
1101 4153 1183 4217 illum
1205 4153 1331 4218 ethnicos
1344 4141 1469 4230 umerum
1520 4157 1521 4228 l

293 4245 324 4300 et
351 4237 545 4318 alloquentem
572 4235 696 4301 audire?
738 4237 814 4300 Ecce
841 4237 968 4320 ipsamet
995 4238 1059 4301 aius
1080 4240 1182 4302 uerba:
1222 4238 1323 4320 Utique
1343 4218 1468 4318 cmdslttl
1520 4267 1521 4324 ;

290 4309 1466 4487 cursuscursus,

291 4491 380 4554 ritum
403 4490 434 4552 in
454 4508 528 4570 aqua
549 4491 687 4574 exangui.
730 4491 922 4572 Respondent
941 4491 1074 4555 nonnulli
1094 4492 1296 4576 philosophos,
1317 4479 1466 4574 quibusq·
1520 4481 1521 4550 l

291 4577 382 4642 cessit
401 4574 532 4652 suum,
554 4575 690 4641 demisse
710 4576 838 4641 mimam
857 4575 987 4642 bominis
1008 4577 1123 4659 ignem
1144 4597 1220 4654 esse,
1245 4589 1315 4657 quaa
1332 4559 1464 4630 itureos!
