3166 5250
609 1213 673 1290 10.
698 1213 845 1316 LAUli.
871 1213 1120 1288 lllOSHElll

239 1415 639 1578 ,utsuntsttte
688 1413 1193 1534 nnouonoetoe-
1207 1411 1466 1530 ontttct
1543 1324 1544 1375 .

288 1687 292 1695 ·
318 1659 368 1723 BE
390 1657 487 1722 VERA
508 1655 657 1718 AETATE
683 1653 939 1717 trotouttrtct
964 1654 989 1716 t
1016 1651 1280 1715 TERTULLIANO
1310 1651 1408 1713 CON-

439 1759 587 1822 sttttrrt
609 1755 807 1831 trttttOQtJE
829 1755 1126 1848 Pnnsscuttottts
1150 1753 1294 1818 SEVERI.

258 2181 284 2250 ᾗ.
293 2185 310 2233 Ι.
328 2183 427 2232 Summa
443 2181 637 2246 disquisitiooum
657 2181 774 2232 eiusmodi
794 2181 841 2231 otl-
893 2175 965 2244 §.lii
984 2179 1125 2230 ldalteram
1137 2193 1220 2229 aarum
1232 2179 1334 2229 classem
1346 2179 1484 2234 acceditur.

292 2251 347 2300 litas
365 2250 473 2300 docetur.
508 2249 610 2300 Occasio
627 2250 707 2298 holos.
927 2249 967 2314 qai
986 2247 1042 2298 licat
1058 2249 1190 2298 concedant
1207 2246 1416 2297 calcamento
1428 2263 1485 2298 essa

258 2315 324 2384 §.tt
346 2317 497 2366 iliraranrom
515 2316 545 2365 de
563 2317 609 2367 hoe
630 2326 770 2378 argomento
788 2317 842 2380 opi·
927 2316 1101 2378 consignatum,
1123 2317 1153 2366 da
1170 2329 1233 2366 anno
1251 2323 1330 2364 tameo
1350 2315 1485 2366 dissident.

292 2386 391 2434 nionotn
409 2379 496 2448 duplet
514 2383 599 2434 classis
616 2384 775 2438 constituitur.
893 2380 953 2447 §.t
971 2383 1072 2434 Nostrae
1090 2383 1222 2450 sententiae
1240 2382 1418 2448 proponendae
1438 2385 1484 2434 ioi-
1543 2408 1544 2425 t

259 2449 335 2518 §.tlt
354 2452 393 2502 Sc.
411 2451 576 2514 producuntur
591 2452 710 2516 primum,
732 2451 772 2514 qui
788 2458 844 2515 post
927 2450 986 2499 tium
1004 2451 1030 2500 ttt
1048 2466 1076 2500 ac
1094 2452 1172 2515 primu
1190 2451 1235 2500 snb
1253 2451 1341 2501 Severo
1360 2452 1482 2516 scriptun
1543 2446 1544 2459 ¹

295 2537 317 2569 a.
336 2519 382 2571 CC.
400 2519 579 2583 Apologelicum
597 2519 711 2584 seriptum
730 2533 784 2567 essa
802 2533 842 2567 ro·
928 2533 982 2567 esse
999 2519 1141 2568 ostenditur.
1176 2518 1274 2578 Deinde,
1541 2526 1544 2627 4

294 2589 354 2638 lunt.
388 2586 477 2636 Contra
494 2592 555 2651 qnos
892 2582 964 2649 §.tlt
991 2586 1047 2635 Post
1070 2593 1149 2636 motos
1166 2586 1252 2635 aloini.
1288 2585 1421 2644 Qantara
1441 2601 1482 2635 ao·

260 2653 407 2720 §.tritt
425 2652 505 2704 ldullia
523 2654 664 2713 ostenditur,
683 2654 792 2718 coepisse
805 2655 842 2703 al·
927 2667 972 2702 ons
990 2661 1055 2703 recte
1073 2655 1150 2718 possit
1167 2655 1288 2713 constitui,
1542 2686 1544 2705 t

293 2725 411 2774 dictiones
423 2722 611 2772 Christianorum
630 2723 674 2772 sub
684 2722 780 2782 Serere,
799 2737 843 2771 an·
893 2718 974 2786 §.llll
984 2721 1048 2771 llill.
1063 2721 1113 2773 lioa
1132 2730 1241 2772 morosa.
1254 2721 1348 2772 cttctt.
1359 2722 1483 2785 coepisse,
1540 2729 1542 2732 “

293 2800 391 2857 tequam
419 2789 550 2854 peculiaria
579 2790 599 2839 is
624 2789 719 2840 decreta
743 2805 795 2840 eam
819 2791 843 2840 io
927 2805 950 2839 n.
965 2789 1070 2839 cxcvtt.
1089 2804 1243 2853 compressos
1262 2789 1336 2839 luisse
1355 2789 1430 2838 noris
1446 2805 1483 2839 ra-

294 2874 346 2910 rem
363 2865 467 2920 rogaret.
927 2858 1033 2906 tionibus
1062 2857 1160 2906 docetur
1180 2858 1354 2922 oppositaeque
1372 2860 1484 2907 rationes

261 2925 343 2992 §.vlt
361 2925 477 2976 lloduelli
496 2925 620 2990 speciatim
639 2925 745 2988 argutiae
754 2927 843 2975 erami—
929 2925 1050 2975 evidenter
1066 2925 1196 2975 diluuntur.
1232 2927 1283 2984 Quo
1302 2926 1366 2974 lacto

295 3002 389 3046 nentur.
895 2990 983 3058 §.tlt
1008 2993 1054 3042 Pro
1077 3007 1098 3041 a.
1118 2993 1235 3043 CXCilll.
1259 2993 1434 3058 pronuntiatur
1458 3009 1486 3042 ac

262 3055 353 3126 §.illl
373 3062 417 3120 Qui
436 3067 610 3124 postmortem
629 3060 708 3110 Seueri
725 3059 844 3125 tpotogc-
929 3075 956 3114 cx
974 3061 1061 3110 illustri
1074 3060 1214 3110 Tertulliani
1231 3061 1283 3110 loco
1303 3061 1363 3110 lracc
1381 3069 1486 3112 senten·

296 3127 367 3179 ticum
386 3129 505 3193 prodiisse
515 3128 604 3188 dicunt,
622 3127 773 3178 refelluntur.
792 3129 844 3188 Ouo
929 3129 960 3179 tia
979 3128 1104 3188 diligenter
1122 3129 1283 3181 castrentur.

297 3199 359 3246 lacto
484 3217 489 3226 .
800 3253 805 3263 .
894 3193 970 3261 §.tl
990 3195 1127 3247 Conclusio.

716 3373 1031 3384 —n———n

348 3575 378 3650 ξ.
401 3570 424 3634 Ι.
468 3541 522 3644 St,
552 3589 608 3651 qua
636 3591 670 3634 se
697 3573 820 3635 utilitate
847 3573 1033 3635 commendat
1060 3582 1139 3635 certa
1160 3581 1343 3655 temporum,
1373 3575 1489 3654 quibus

263 3658 355 3720 libros
378 3675 450 3720 suos
472 3656 561 3738 prisci
584 3657 721 3718 doctores
743 3657 848 3719 litteris
863 3658 1047 3732 mandavere,
1071 3658 1203 3731 scientia,
1225 3677 1261 3719 eu
1277 3677 1400 3738 semper
1416 3669 1487 3722 stu-

264 3743 312 3805 dio
335 3763 369 3804 ac
390 3741 538 3826 diligentia
559 3761 576 3804 a
598 3742 668 3803 viris
684 3742 805 3806 cruditis
822 3744 954 3822 quaesita
967 3743 1083 3817 luisset,
1106 3762 1167 3804 non
1182 3743 1283 3806 dubito
1300 3743 1372 3823 quin
1388 3745 1488 3806 multo

262 3827 451 3910 paucioribus
480 3826 568 3890 hodic
590 3827 807 3890 difficultatibus
829 3828 953 3890 historia
975 3847 1057 3890 sacra
1088 3827 1251 3890 abundaret
1278 3827 1487 3892 concinniori-

223 3923 228 3938 “
264 3933 321 3993 que
342 3913 483 3974 instructa
505 3919 585 3974 esset
606 3911 720 3974 ordine.
748 3915 785 3974 tr
806 3913 856 3993 qui
876 3912 1021 3975 barbarici
1043 3911 1148 3974 sordes
1169 3911 1257 3992 primi
1266 3913 1488 3988 absterserant,

264 3997 521 4070 maiores-nostri,
543 3996 573 4058 id
594 3996 694 4076 potius
717 3997 851 4078 agebant,
874 3997 1160 4077 utcollapsasplane
1173 3997 1336 4060 litterarum
1351 4017 1405 4060 res
1424 4000 1488 4062 cri·

264 4091 376 4163 gerent,
399 4101 486 4162 quarn
508 4089 540 4142 ul
561 4080 637 4155 istis,
660 4101 732 4161 quas
752 4081 902 4163 putabant,
925 4081 1056 4144 minutiis
1078 4081 1135 4143 sibi
1150 4081 1274 4162 aliisque
1288 4101 1392 4144 earum
1409 4103 1489 4146 eon-

266 4167 397 4230 ciliarenl
428 4165 587 4230 fastidium.
629 4165 691 4228 ntia
723 4167 842 4247 quidem
874 4167 921 4240 iis,
955 4167 1004 4246 qui
1033 4166 1146 4228 divinos
1174 4167 1242 4228 illos
1263 4177 1491 4230 restauratores

266 4252 415 4314 consecuti
437 4260 515 4324 sunt,
535 4269 628 4314 ‚mens
649 4251 714 4326 suit,
741 4269 817 4332 quos
839 4251 996 4331 scaligero,
1027 4251 1167 4326 Barooiu,
1195 4251 1324 4326 Patauio,
1354 4252 1492 4316 Calvisio

265 4335 389 4415 aliisque
410 4335 619 4415 praeeuntibus
641 4354 744 4416 magna
766 4337 797 4399 in
817 4337 865 4400 his
887 4336 965 4398 curis
988 4335 1080 4398 stadia
1095 4336 1259 4400 confecisse
1273 4345 1403 4400 constal.
1428 4338 1495 4401 Sed

265 4427 296 4482 el
321 4427 438 4499 patrum
464 4431 636 4484 nostrorum
664 4430 824 4501 nostraque
851 4430 931 4484 aetas
960 4427 1094 4482 summos
1123 4421 1154 4483 itt
1180 4421 1238 4485 hoc
1268 4440 1377 4502 ponere
1402 4425 1492 4486 viros

264 4502 341 4577 ttulit,
362 4503 522 4579 Norisiunn
544 4505 674 4586 Pagium,
690 4506 853 4588 Lloydium,
869 4505 1060 4580 Dodarellum,
1077 4506 1305 4580 Tillcmontiutn,
1320 4506 1495 4571 Nourrium

264 4588 441 4670 multosque,
471 4590 521 4671 qui
540 4589 661 4656 Petrum
689 4591 808 4655 edidere
835 4591 954 4675 scripta,
983 4591 1188 4656 Benediclinae
1216 4589 1356 4664 familiae,
1372 4594 1497 4659 sonos.
