3078 5248
454 417 590 462 suenone
611 417 653 464 ro.
674 415 743 462 sue.
764 417 930 464 nonsssxr.
1235 405 1299 470 549

71 579 144 632 ante
165 569 236 631 illud
259 577 387 648 tempus,
420 585 479 648 quo
503 567 630 629 Severus
659 568 785 647 imperio
814 569 971 648 potiretur,
1004 587 1042 630 ne
1064 570 1100 631 ab
1122 563 1300 652 iis'quidem

69 655 115 716 sit
137 655 335 726 observatum,
359 652 410 731 qui
432 669 524 714 nosse
545 661 700 731 utramque
722 651 897 731 religionem
930 653 1041 732 optime
1061 661 1215 732 poterant,
1243 675 1300 720 nac

71 739 179 811 sciam,
201 738 280 799 unde
301 736 429 817 probare
451 737 597 816 quispiam
619 735 725 816 possit,
754 755 806 798 eos
829 737 931 798 Severi
954 746 1085 816 tempore
1107 738 1200 818 magis
1227 757 1299 820 per-

66 824 208 904 spicaces
242 821 333 883 luisse
366 839 453 900 quam
490 831 567 894 ante,
604 820 747 900 numquid
784 821 956 882 concitatum
993 821 1210 884 multitudinem
1242 825 1298 887 sub

67 907 176 968 Severi
206 905 332 986 imperio
367 905 396 966 id
429 905 550 984 quidem
577 921 697 966 curasse
724 912 775 967 aut
802 905 975 967 distinxisse
1003 906 1076 968 satis
1104 905 1298 986 putabimus?

65 992 133 1052 Sed
155 991 181 1051 si
204 990 330 1054 maxime
357 989 478 1051 dubium
507 997 607 1068 potest
629 987 715 1062 illud,
748 996 847 1051 tamen
882 998 1005 1069 apparet
1031 991 1137 1052 adesse
1165 993 1299 1072 exempla

67 1077 135 1136 odii
166 1074 326 1136 Gentilium
359 1075 388 1135 in
417 1092 480 1146 eos,
515 1072 563 1152 qui
594 1081 678 1135 orant
705 1091 721 1134 a
751 1073 875 1135 deornm
902 1074 982 1136 cultu
1010 1074 1107 1146 alieni,
1139 1074 1298 1156 ipsumque
1406 1110 1409 1120 ν

63 1159 214 1221 Severum
251 1177 310 1220 non
337 1159 423 1238 plane
448 1158 485 1219 ab
514 1158 582 1219 odio
611 1157 669 1219 isto
697 1157 901 1220 abhorruisse.
946 1158 1033 1231 Quod
1063 1159 1089 1220 si
1111 1158 1238 1221 Severus
1266 1160 1297 1222 id

64 1245 142 1306 fecit
172 1245 204 1304 in
239 1242 351 1322 pueris,
384 1241 491 1322 quihus
521 1242 690 1303 condonare
717 1241 848 1304 solemus
876 1243 1063 1322 saepissime,
1094 1261 1168 1322 quae
1190 1243 1296 1306 adultis

63 1346 257 1408 nequaquam
280 1327 497 1398 conceduntur,
525 1325 573 1387 vix
600 1325 702 1388 dubito
726 1327 796 1405 quin
824 1327 978 1406 praesides
1000 1326 1120 1388 arantis
1140 1326 1296 1408 plebisque

63 1413 199 1474 tumultu
221 1431 257 1472 eo
281 1411 396 1472 adducti
418 1411 538 1484 luerint,
561 1420 594 1471 ut
615 1411 732 1490 gravius
756 1411 786 1471 in
809 1411 994 1472 Christianos
1019 1410 1295 1474 animadverterent.

62 1498 201 1558 Altemm
223 1503 429 1574 argumentum
450 1495 602 1556 desumam
625 1513 661 1556 ex
682 1494 770 1568 libro,
793 1511 880 1574 quem
896 1494 1094 1556 Tertullianus
1116 1495 1238 1574 scripsit
1258 1496 1295 1558 ad
1333 1533 1338 1542 «

62 1581 224 1661 Scapulam
232 1580 257 1641 ¹¹.
293 1579 485 1642 Clarissimus
499 1580 638 1657 seminas,
661 1579 765 1658 inquit,
788 1591 818 1641 et
839 1579 1026 1642 clarissimos
1050 1584 1135 1642 circs
1152 1578 1294 1650 Seuerus,

62 1671 167 1728 sciens
190 1665 280 1726 hams
302 1675 399 1726 sectae
414 1665 469 1736 iso.
485 1663 733 1738 Christianorum)
756 1682 830 1735 csse,
853 1681 915 1726 uon
935 1665 1022 1726 modo
1037 1683 1100 1726 uon
1115 1663 1212 1739 lussit,
1237 1683 1290 1726 os-

63 1769 139 1810 sum
162 1760 192 1810 at
214 1752 383 1812 testimom'c
406 1753 576 1818 anomoeis,
600 1760 630 1809 st
647 1747 763 1828 popolo
786 1749 908 1827 furenti
926 1752 959 1809 s'ss
981 1765 1037 1810 uos
1050 1747 1155 1828 potam
1170 1751 1292 1809 restitit.

63 1833 199 1894 Severus
221 1831 279 1894 dici
301 1850 360 1893 nou
375 1839 477 1910 potest
498 1831 610 1911 populo
631 1831 738 1893 furenti
760 1832 791 1892 in
805 1831 991 1893 Christianos
1012 1829 1107 1911 palam
1135 1830 1293 1905 restitisse,

19 1953 24 1968 ·
64 1937 136 1979 cunr
164 1917 221 1978 iam
250 1916 376 1977 edictum
405 1924 508 1977 contra
530 1915 714 1977 Christianos
744 1915 960 1977 constituisset.
1014 1915 1146 1993 Namque
1174 1914 1204 1976 id
1232 1933 1292 1993 quo

63 2002 168 2063 minus
190 2001 353 2074 credamus,
377 2000 499 2079 impedit
519 1999 612 2061 durus
635 2007 664 2060 et
685 2000 769 2079 qnasi
791 2001 907 2062 lerneus
929 1999 1029 2061 Severi
1045 2000 1171 2071 animus,
1194 2017 1210 2059 a
1232 2016 1292 2077 quo

62 2086 197 2147 certeis
221 2087 377 2165 impetrare
399 2102 461 2144 uon
483 2083 590 2163 potuit,
620 2092 654 2145 ut
679 2083 774 2164 legem
804 2083 896 2146 semel
916 2084 1004 2144 latam
1027 2083 1210 2145 rescidisset.
1254 2081 1293 2144 Et
1366 2089 1369 2096 ’

19 2205 21 2242 2
60 2171 124 2230 hoo
146 2170 255 2249 ipsum,
278 2169 357 2248 quod
380 2168 578 2230 Tertullianus
601 2168 686 2238 dicit,
716 2169 832 2248 plebem
855 2168 1020 2246 exagitasse
1043 2166 1238 2238 Christianos,
1262 2172 1292 2226 et

19 2291 24 2328 ς
60 2255 157 2315 invito
180 2254 299 2333 quidem
321 2254 442 2326 Severo,
472 2271 570 2313 nonne
602 2253 796 2325 demonstrat,
824 2252 854 2313 id
882 2254 991 2313 lactum
1011 2269 1073 2311 non
1096 2249 1291 2311 essc.Sereri

58 2335 203 2416 legibus?
247 2338 394 2399 Habemus
421 2335 509 2416 igitur
537 2343 566 2397 et
592 2337 640 2398 hic
667 2355 728 2397 non
757 2336 916 2398 obscurum
944 2333 1147 2396 testimonium
1176 2333 1213 2394 de
1242 2351 1289 2407 eo,

19 2475 20 2478 ,
59 2423 143 2502 quod
166 2429 233 2484 ante
256 2423 321 2484 eius
344 2421 471 2483 edictum
487 2420 644 2482 Christiani
665 2420 801 2482 maximis
823 2419 1037 2482 calamitatibus
1053 2417 1153 2480 alllicti
1169 2417 1288 2482 luerint.

621 2625 649 2696 p.
671 2619 732 2682 vll.

18 2819 19 2824 ἵ
149 2744 185 2803 ht
205 2760 284 2802 nuuc
304 2740 508 2802 discutiendus
538 2745 584 2800 est
610 2737 684 2798 alter
706 2738 762 2798 iste
785 2737 868 2799 locus
893 2734 929 2796 de
951 2745 1094 2814 tempore,
1124 2752 1183 2813 quo
1205 2732 1290 2812 pm'or

57 2829 136 2888 haec
158 2833 318 2905 tempestas
341 2824 478 2902 contigit,
509 2821 535 2884 si
556 2821 638 2908 prius
661 2822 791 2892 edixere,
820 2799 963 2899 quaenbm
992 2837 1098 2880 causae
1124 2816 1213 2878 huius
1241 2817 1287 2878 la-

18 2923 19 2928 ’
57 2911 173 2972 oinoris
202 2909 279 2988 vulgi
307 2909 449 2986 aduersus
482 2905 666 2967 Christianos
695 2904 847 2967 rideantur
873 2902 976 2964 luisse.
1020 2903 1113 2980 Atque
1141 2900 1199 2960 hoc
1221 2918 1287 2962 cum

57 2998 100 3057 de
123 2995 203 3056 omni
226 3001 328 3056 contra
351 2993 536 3053 Christianos
566 2991 641 3050 lacto
670 3009 687 3050 a
714 2987 800 3067 plebe
830 2987 957 3048 tumultu
985 2993 1115 3057 constat,
1140 2982 1286 3057 cambis,

18 3075 20 3082 ’
60 3089 211 3158 tamquam
239 3075 365 3158 puhlicis
399 3074 516 3154 generis
549 3073 669 3135 humani
696 3071 843 3144 hostibus,
873 3088 960 3132 omne
984 3068 1154 3130 calamitatis
1184 3086 1201 3128 a
1229 3067 1286 3128 diis

57 3164 215 3226 immissae
251 3173 344 3240 genus
377 3159 533 3221 tribuisse:
570 3165 632 3220 tum
668 3155 739 3218 illud
763 3154 911 3216 'nimirum
940 3161 1021 3235 patet
1050 3171 1085 3214 ex
1112 3149 1286 3212 Tertulliani

57 3247 192 3326 scriptis,
215 3247 273 3308 hoc
294 3246 387 3307 luisse
408 3244 439 3307 in
462 3261 579 3314 caussa,
602 3250 634 3302 ut
655 3259 735 3302 nuuc
754 3239 938 3302 Christianos
961 3237 1086 3299 maxime
1108 3237 1284 3315 insequere-

57 3333 136 3394 tur¹.
186 3331 355 3402 Enimvero,
386 3347 459 3407 quae
482 3327 622 3388 Severum
651 3326 728 3387 inter
758 3332 786 3385 et
809 3323 931 3402 Nigrum
962 3321 1162 3383 intercedebat
1190 3319 1284 3384 maxi-

54 3435 174 3480 marum
196 3433 297 3476 rerum
324 3413 492 3484 aemulatio,
523 3430 583 3472 non
612 3411 709 3472 solum
738 3408 853 3470 videtur
881 3405 1057 3486 quibusdam
1086 3403 1285 3484 displicuisse,

54 3501 199 3580 quinon
221 3499 362 3560 Severum
393 3497 446 3558 sed
467 3495 589 3574 Nigrum
617 3501 718 3556 contra
740 3491 857 3553 Didium
886 3489 1030 3552 lulianum
1051 3491 1125 3570 hug.
1148 3487 1284 3568 postula·

54 3593 203 3656 verant·,
237 3583 290 3644 sed
324 3582 393 3643 illud
428 3581 515 3643 etiam
557 3579 635 3658 quod
662 3578 805 3639 adversus
838 3575 974 3637 Albinum
1001 3573 1134 3652 suscepit
1174 3571 1285 3633 bollum

52 3667 192 3732 omnium
213 3667 329 3728 animos
351 3666 539 3727 uehementer
560 3662 749 3724 concitavit·.
802 3660 904 3739 ltaque
932 3677 999 3722 cum
1020 3662 1172 3737 prostrato
1195 3661 1282 3714 utro·
1393 3683 1400 3702 ·

53 3772 116 3833 que
138 3753 265 3813 Severus
299 3767 403 3810 onmes
426 3767 479 3809 eos
503 3747 690 3824 exstinguere
711 3753 837 3825 pararet,
861 3761 937 3822 quos
960 3746 1082 3803 noverat
1110 3757 1126 3798 a
1149 3734 1290 3815 partibus.

52 3837 139 3915 Nigri
165 3835 319 3914 hlbinique
346 3834 476 3903 stetisse,
505 3829 616 3907 optima
638 3848 671 3890 se
693 3828 837 3889 ollercbat
855 3825 936 3906 plebi
951 3823 1067 3886 occasio
1084 3819 1282 3890 Christianos,

53 3932 204 3999 tamquam
227 3917 426 3997 reipublicae
448 3912 691 3992 acimperatoris
719 3911 839 3984 hostes,
870 3909 1006 3970 violandi.
1049 3906 1144 3982 htquc
1171 3901 1202 3962 hi
1223 3901 1281 3962 ho-

55 4005 153 4067 mines
176 4003 234 4064 sibi
256 4001 429 4064 videbantur
450 4001 508 4060 hoc
529 4015 565 4060 eo
593 3994 702 4057 rectius
730 3994 852 4072 exsequi
874 4011 979 4072 posse,
1009 4007 1076 4052 cum
1099 3985 1282 4048 Christianos

56 4089 133 4168 ipsis
155 4087 242 4148 etiam
264 4086 320 4148 diis
343 4085 468 4146 inlestos
492 4082 662 4152 crederent,
696 4078 732 4140 de
760 4076 867 4156 quibus
896 4095 932 4136 eo
961 4075 1038 4134 hene
1059 4069 1168 4131 mereri
1190 4087 1282 4148 posse

55 4169 208 4253 putabant,
230 4177 389 4251 postquam
411 4167 451 4230 dii
474 4167 548 4246 ipsis
571 4166 644 4226 haec
665 4162 749 4241 quasi
773 4161 831 4222 otia
854 4161 992 4221 lacerant,
1029 4155 1067 4214 Et
1088 4154 1184 4232 ipsam
1205 4152 1282 4213 hanc

55 4255 231 4336 opinionem
253 4253 411 4336 Christiani
438 4251 524 4330 vulgo
553 4246 770 4330 persuadebant
799 4264 834 4305 eo
863 4242 974 4320 magis,
1003 4237 1083 4319 quod
1111 4237 1196 4318 plane
1225 4253 1280 4297 nec

93 4427 114 4473 ts.
134 4425 191 4488 Cap.
210 4423 233 4472 4.
253 4434 275 4482 p.
295 4421 372 4472 stu.
692 4413 733 4462 lll.
762 4427 813 4476 cap.
833 4411 857 4460 b.
902 4409 1054 4473 Spartisuum
1084 4407 1108 4456 in
1137 4405 1185 4455 lits
1212 4403 1279 4466 Nigri

92 4492 108 4540 l.
127 4491 162 4540 Cl'.
181 4490 305 4554 Apologet.
325 4505 345 4539 c.
363 4487 403 4538 to.
421 4487 452 4536 ad
469 4486 583 4536 Nstiouss
602 4485 644 4533 lib.
697 4496 717 4529 c.
736 4479 759 4529 2.

56 4561 76 4608 1.
96 4575 115 4607 c.
134 4559 149 4607 9
167 4573 204 4622 sq.
727 4561 751 4594 n.
769 4545 794 4593 V.
805 4544 903 4593 lllonsm
917 4535 1278 4608 spudxiphiliuumliblffl.

93 4639 124 4675 m.
151 4625 175 4673 V.
194 4622 358 4676 llerodisoom
387 4619 429 4670 lib.
449 4619 479 4669 ll.
510 4633 530 4667 c.
549 4617 573 4670 8.
601 4617 643 4666 llh·
696 4629 717 4664 c.
735 4612 760 4663 t.
779 4621 803 4673 p.
825 4609 923 4661 lassu.
