3082 5238
266 371 338 434 570
352 361 396 432 11Ε1
405 385 478 428 VERA
493 385 606 428 AETATE
620 385 656 430 AG
670 385 818 430 DOCTRTM
832 383 1017 430 SCRIPTORU!
1031 383 1227 428 auruum!
1241 349 1422 428 burcharro

267 532 362 598 fuisse
383 533 502 620 indicat,
525 553 591 595 cum
614 534 788 614 epigraphe:
809 551 967 596 masania.
984 551 1095 596 masan
1118 533 1231 614 Nempe
1252 553 1290 596 eo
1311 553 1378 596 uon
1393 533 1487 596 solun

269 620 460 680 confirmatur
486 618 531 692 id,
569 619 649 697 quod
677 619 850 697 Spartianus
877 618 915 679 dc
944 625 1079 696 tempore
1101 617 1190 680 huius
1212 618 1248 680 ab
1270 618 1309 678 iis
1331 627 1487 696 susceptae

268 703 416 782 dignitatis
439 702 568 776 tradidit,
590 704 643 764 sed
664 704 738 765 haec
759 703 846 764 etiam
869 709 1042 781 sequuntur,
1064 721 1140 780 quae
1161 711 1245 764 antea
1260 703 1406 774 diximus,
1430 722 1486 762 cau

267 805 331 848 rem
360 805 437 847 anno
459 786 529 848 CCI.
551 787 699 860 extitisse,
736 787 762 848 si
784 787 903 865 quidem
925 805 962 846 eo
989 803 1067 848 anno
1096 786 1165 848 trib.
1193 794 1257 865 pot.
1284 787 1336 848 111.
1362 785 1485 848 &amus

266 871 407 949 suscepit.
451 871 509 932 Sed
537 871 693 932 redeamus
720 871 757 932 ad
783 871 892 932 librum
920 869 956 930 de
984 870 1110 932 Corona.
1153 871 1249 932 Huius
1276 870 1382 932 locum
1404 889 1486 948 supra

267 973 424 1018 exmssum
453 953 577 1016 dicimus
611 955 732 1034 intelligi
762 955 873 1034 optime
900 972 1004 1033 posse,
1033 955 1060 1016 si
1081 954 1252 1016 admittatur
1272 955 1429 1016 sententia
1450 975 1485 1017 ca

265 1057 353 1118 quam
376 1038 464 1100 nobis
486 1039 629 1116 probasse
651 1039 723 1102 satis
745 1039 888 1100 videmur.
932 1038 1064 1116 Namque
1086 1057 1122 1100 ex
1153 1056 1188 1099 ea
1214 1037 1338 1117 intelligi
1363 1039 1484 1099 masma

265 1131 376 1202 potest,
399 1123 450 1200 qui
473 1125 579 1186 lactum
601 1124 649 1195 sit,
673 1133 705 1184 ut
727 1123 836 1184 milites
857 1122 978 1184 laureati
999 1123 1188 1192 incederent3
1215 1123 1294 1200 quod
1316 1141 1413 1184 nemo
1436 1125 1484 1182 mi-

265 1207 325 1268 rari
347 1207 452 1280 dehet,
480 1206 530 1286 qui
552 1207 662 1268 milites
684 1207 772 1268 ctiam
796 1207 1012 1286 triumphantes
1034 1207 1147 1268 cinctos
1169 1206 1290 1268 coronis
1313 1206 1416 1268 luisse
1437 1225 1484 1266 nc

264 1292 322 1363 vit,
355 1291 440 1369 quale
473 1291 542 1370 quid
571 1291 619 1352 hio
646 1291 740 1352 luisse
769 1291 852 1352 facile
885 1290 1074 1369 perspicitur.
1118 1291 1191 1351 Nam
1221 1298 1251 1350 et
1271 1309 1355 1352 nunc
1378 1290 1484 1352 subaci

264 1393 359 1456 paene
382 1383 467 1437 erant
488 1392 603 1448 omnes,
626 1375 767 1436 adversus
789 1393 866 1453 quos
882 1375 1009 1436 Senarus
1031 1375 1191 1436 exercitam
1212 1373 1348 1446 duxerat,
1374 1376 1408 1434 in
1430 1377 1484 1453 pri·

264 1460 323 1522 mis
338 1459 514 1520 Parthorum
535 1459 762 1520 bellicosissima
784 1459 882 1532 natio;
903 1467 934 1519 et
955 1459 1020 1536 ipsc
1034 1457 1172 1530 Severus,
1195 1459 1260 1520 oum
1273 1467 1406 1537 propter
1421 1461 1483 1518 arti-

263 1543 392 1604 cularem
414 1543 552 1604 morbum
573 1561 660 1622 agere
681 1543 862 1621 triumphum
884 1542 921 1603 de
941 1541 1058 1604 Parthis
1079 1559 1141 1602 non
1162 1549 1281 1620 posset,
1312 1541 1354 1602 de
1377 1542 1485 1602 ludaeis

264 1635 363 1688 tamur
386 1645 453 1688 eum
476 1628 619 1705 agendum
635 1627 706 1698 illio,
728 1645 762 1688 ao
775 1627 904 1688 Parthici
919 1627 1131 1706 compensandi
1145 1626 1237 1704 gratia
1251 1625 1404 1687 militibus
1420 1629 1485 1688 tone

264 1712 348 1790 signa
371 1711 615 1790 triumphantium
636 1712 796 1772 concessit.
841 1711 924 1783 Quae
946 1711 973 1772 si
995 1719 1159 1782 teneamus,
1182 1709 1271 1772 simul
1292 1709 1370 1770 illud
1393 1713 1484 1789 aperi-

264 1802 328 1867 tur,
362 1794 512 1873 quomodo
535 1813 614 1858 nunc
635 1795 798 1857 turbandae
819 1794 901 1874 pacis
924 1793 1055 1873 suspicio
1078 1793 1252 1856 Christianis
1273 1796 1416 1872 potuerit
1439 1795 1484 1854 ob

265 1878 347 1940 oriri.
390 1879 451 1940 lam
474 1880 553 1940 enim
581 1879 721 1957 prostrati
743 1888 827 1940 erant
853 1879 957 1940 hostes
985 1878 1173 1956 imperatoris
1206 1895 1327 1950 omnes,
1370 1879 1485 1958 ipsaque

264 1962 367 2024 Severi
400 1963 458 2024 iam
491 1963 580 2024 otiosi
612 1964 758 2044 asperitas
790 1962 956 2024 minabatur
988 1962 1174 2024 severitatem
1206 1979 1370 2036 summam,
1407 1982 1484 2041 quan

263 2047 416 2108 districtus
433 2047 528 2108 adbuc
542 2047 727 2130 gravioribus
743 2047 870 2128 negabis
885 2065 946 2107 non
961 2055 1100 2125 potuerat
1121 2045 1215 2125 sequti.
1242 2045 1277 2106 Et
1301 2046 1356 2106 isti
1373 2047 1484 2107 inflan-

263 2132 388 2192 mandae
410 2131 536 2192 maxime
559 2132 699 2192 idoneum
721 2131 873 2192 videbatur
894 2130 996 2192 militis
1019 2131 1201 2209 exemplum,
1224 2147 1314 2207 quem
1337 2149 1392 2203 eo,
1416 2133 1484 2210 quad

262 2229 405 2276 coronam
426 2214 621 2293 repudiasset,
644 2215 834 2292 parricidium
857 2215 1043 2276 commisisse
1066 2216 1241 2292 hostemque
1263 2213 1411 2276 Caesaris
1437 2235 1484 2294 pu-

263 2297 372 2358 blicum
395 2298 530 2360 extitisse
552 2317 608 2359 suo
630 2317 713 2360 more
736 2300 860 2360 deorum
882 2299 1012 2360 cultores
1034 2298 1259 2360 arbitrabantur.

812 2471 841 2544 a.
868 2467 930 2528 xx.

346 2584 382 2642 ht
405 2601 470 2644 cum
492 2581 539 2643 bis
562 2583 742 2662 argumentis
765 2584 902 2646 inductus
923 2583 1031 2646 librum
1054 2582 1090 2643 da
1113 2583 1229 2645 Corona
1251 2603 1276 2644 a.
1305 2583 1382 2646 cut.
1408 2585 1482 2644 ‘sci-

261 2675 343 2746 ptum
376 2685 444 2729 esse
476 2668 662 2740 contendam,
698 2667 784 2730 tideo
820 2669 978 2748 plerosque
1012 2676 1113 2729 contra
1146 2667 1254 2740 dicere,
1289 2669 1432 2747 quamvis
1463 2669 1483 2727 ia

262 2751 395 2812 diversas
422 2751 509 2833 plane
537 2759 635 2830 partes
664 2753 869 2831 pronuncient.
911 2751 1073 2835 Numquam
1098 2753 1207 2824 Orsus,
1230 2753 1365 2814 familiae
1388 2753 1482 2812 Domi

260 2837 382 2898 nicanae
415 2835 605 2897 doctissimus
642 2837 821 2910 monachus,
855 2837 976 2914 eiusque
1012 2835 1206 2916 adstipulator
1233 2835 1440 2898 llollmannus
1464 2855 1483 2894 a

262 2919 425 2994 exortu,
454 2919 600 2981 Barouius
623 2939 649 2980 a.
673 2919 813 2992 cxcix,
835 2919 941 3000 Pagius
964 2939 990 2979 a.
1014 2919 1108 2992 ectr,
1140 2919 1286 2982 Pamelius
1312 2929 1342 2980 et
1368 2921 1484 2981 Allixiu

261 3023 287 3066 a.
300 3003 408 3076 calx,
430 3013 581 3083 postremo
604 3003 809 3065 'tillemontius
834 3005 995 3083 imperante
1017 3003 1173 3065 blaximino
1196 3023 1222 3064 a.
1238 3003 1408 3065 CCXXXT.
1427 3025 1484 3064 aaa

191 3141 198 3166 ,
262 3089 372 3150 editum
395 3088 488 3148 luisse
510 3087 657 3166 opinatur.
694 3088 762 3149 Sed
784 3088 843 3161 isti,
866 3085 893 3149 si
915 3107 930 3148 a
954 3087 1143 3148 Tillemontio
1167 3088 1361 3162 discesseris,
1385 3109 1484 3150 omnes

260 3173 296 3234 ad
325 3189 416 3232 unum
446 3179 582 3232 errarunt
608 3173 639 3232 in
668 3191 721 3246 eo,
758 3173 836 3251 quod
866 3171 943 3232 aliud
970 3172 1140 3234 donativum
1167 3171 1310 3234 militibus
1332 3192 1353 3232 a
1379 3177 1483 3234 Seven·

260 3255 360 3316 datum
388 3255 594 3329 intellexerint,
626 3274 713 3335 quam
742 3256 821 3334 quod
853 3255 978 3317 debebat
1010 3255 1141 3335 intelligi.
1193 3256 1341 3329 Quocirca
1382 3277 1482 3336 super·

260 3338 365 3400 sedere
386 3357 543 3417 possemus
566 3339 604 3401 iis
633 3340 836 3414 confutandis,
866 3340 935 3401 dum
964 3339 1049 3418 quale
1077 3340 1246 3401 donativum
1274 3341 1325 3401 bic
1355 3343 1483 3402 inunita

259 3421 439 3483 Tertulliano
467 3424 625 3486 indicatum
655 3424 818 3485 docuimus.
868 3425 904 3484 bt
932 3423 1071 3503 quoniam
1109 3441 1143 3485 ex
1171 3424 1257 3486 istius
1285 3423 1385 3486 libelli
1415 3435 1483 3486 tcm-

256 3524 331 3588 pore
352 3507 462 3586 pendet
481 3508 676 3586 plurimomm
700 3507 763 3569 eius
784 3509 927 3569 librorum
951 3507 1142 3586 chronologia
1168 3509 1294 3587 facitque
1317 3508 1383 3570 ista
1405 3527 1484 3570 setas

258 3591 449 3652 sentientium
471 3593 632 3654 confutatio
655 3591 815 3672 plurimum
838 3592 873 3652 ad
896 3591 1125 3654 confirmandam
1143 3601 1277 3666 nostram
1294 3595 1484 3654 seutentiam.

258 3693 326 3754 age,
357 3696 406 3738 eas
436 3676 592 3755 opiniones
621 3675 795 3738 brevissime
819 3677 1030 3738 examinemus.
1075 3677 1168 3756 Atque
1199 3677 1248 3737 bic
1275 3675 1314 3737 de
1344 3679 1485 3758 opinion

257 3759 437 3822 ‘lillemontii
471 3759 544 3820 nibil
581 3761 685 3821 attinet
713 3761 811 3821 dicere
843 3768 1011 3840 propterea,
1049 3761 1128 3839 quod
1155 3767 1217 3821 tota
1245 3759 1302 3821 ista
1331 3780 1391 3824 res
1421 3761 1484 3821 sarh

256 3851 377 3906 tractata
399 3843 516 3905 ridetur
538 3844 573 3904 ab
596 3843 805 3916 Hoffmannol,
829 3851 858 3904 et
879 3843 965 3924 plane
987 3846 1122 3924 sequitur
1143 3843 1221 3905 illam
1236 3845 1395 3920 haeresin,
1419 3863 1485 3926 quar

256 3945 352 4008 neque
375 3947 401 3990 a.
426 3927 548 3988 CXClX.
570 3947 666 4007 neque
694 3927 781 4007 paulo
810 3936 879 4007 post
901 3927 1111 4000 Tertullianum
1139 3929 1199 3990 vult
1226 3927 1263 3989 ad
1283 3929 1483 3991 hlontan'mta

255 4013 424 4086 transiisse,
447 4012 526 4092 quod
547 4013 605 4073 alio
626 4012 693 4074 loco
716 4012 939 4093 disputavimus.
982 4011 1019 4072 Et
1040 4013 1070 4072 in
1092 4013 1148 4074 ista
1170 4012 1288 4091 quidem
1311 4023 1406 4094 parte
1430 4015 1482 4072 dis-

254 4097 417 4176 putationis
445 4096 556 4157 rectius
585 4103 719 4158 versatus
747 4105 793 4158 cst
819 4096 1033 4169 llotlmannus,
1069 4116 1157 4174 quam
1186 4105 1265 4170 tum,
1301 4115 1378 4158 cum
1407 4115 1482 4158 suan

256 4179 321 4258 ipse
346 4179 517 4259 opinionem
539 4181 671 4260 protulit.
708 4181 775 4241 Vult
797 4181 876 4242 enim
898 4180 978 4242 hunc
998 4179 1106 4241 librum
1128 4187 1158 4241 et
1179 4199 1216 4241 eo
1237 4189 1381 4260 tempore
1397 4183 1483 4243 suisa

255 4265 465 4343 conscriptum,
487 4283 553 4326 cum
566 4283 630 4345 ¹pax
652 4263 888 4327 Christianorum
909 4282 947 4325 nc
968 4283 984 4324 a
1004 4263 1191 4342 praesidibus
1218 4264 1353 4342 quidem,
1380 4265 1484 4328 aedan

256 4345 352 4410 edicto
373 4349 497 4428 Augusti
518 4349 688 4412 labefactata
714 4349 818 4423 luerit,
851 4356 881 4412 et
908 4366 985 4410 anuo
1007 4347 1126 4426 quidem
1147 4367 1177 4428 p.
1201 4348 1232 4410 C.
1255 4347 1291 4412 N.
1316 4347 1485 4412 cxcvttt:

254 4449 381 4511 quorum
409 4433 480 4494 illud
508 4434 584 4496 ellici
612 4433 706 4496 credit
736 4453 789 4506 eo,
816 4432 896 4513 qood
926 4431 1125 4494 Tertullianus
1157 4431 1347 4495 Christianos
1380 4437 1487 4496 ruunt

287 4583 310 4634 1.
330 4584 357 4634 la
375 4583 439 4635 ltias.
456 4585 487 4636 da
506 4585 647 4636 Tertulliani
665 4586 779 4636 omnibus
796 4587 820 4636 in
839 4584 1000 4636 llontanismo
1018 4585 1116 4651 scriptia
1134 4579 1160 4648 1.
1180 4584 1216 4634 ll.
1233 4598 1260 4648 p.
1277 4583 1312 4636 26
1330 4599 1393 4652 sqq.
