3082 5238
206 403 210 412 “
248 375 313 442 588
333 391 370 434 DE
385 387 459 432 vem
472 385 586 430 atrurn
600 385 635 432 AG
650 381 798 431 bouum
812 381 1003 430 monteroso!
1018 341 1215 428 annectunt
1230 383 1412 430 mammo

772 569 801 644 a.
827 565 955 628 xxxiv.

337 686 430 752 Primi
451 683 570 764 generis
592 682 671 744 baud
693 681 782 744 dubie
804 681 860 744 dici
882 690 983 762 potest
1004 681 1079 744 liber
1101 681 1137 742 de
1154 681 1304 754 Oratione,
1337 682 1405 762 qui,
1429 682 1482 744 uisi

254 775 441 838 vehementer
461 767 555 838 lallor,
579 765 692 846 primus
716 774 763 828 est
784 766 916 828 omnium
931 763 1105 828 Tertulliani
1123 765 1173 846 qui
1188 774 1313 828 aetatem
1338 767 1481 838 mierum,

252 875 417 938 magnoque
439 852 570 914 omnium
592 868 753 922 consensu,
780 849 805 910 si
828 849 864 910 ab
886 849 1064 912 Hoffmanno
1087 848 1260 912 discesseris
1268 862 1289 922 ⁶,
1318 851 1414 912 cuius
1438 852 1481 910 in-
1523 883 1524 888 κ

193 985 197 991 -
252 949 362 1006 tererat
383 937 482 1000 omnia
504 933 676 996 Tertulliani
698 933 807 1012 scripta
828 933 866 996 ad
886 952 954 996 eum
969 931 1179 994 blontanistam
1193 936 1316 1006 reterre,
1341 934 1377 996 in
1399 933 1481 996 libris
1523 949 1524 1022 p

253 1025 389 1090 castioris
412 1020 563 1084 doctrinae
585 1024 767 1080 numeratur.
809 1016 904 1096 Atque
930 1016 956 1078 si
984 1019 1059 1078 torte
1088 1026 1229 1096 suspecta
1255 1027 1302 1080 est
1324 1017 1407 1078 tides
1432 1017 1481 1077 lli-
1523 1025 1524 1038 ¹

251 1109 315 1172 larii
329 1103 534 1176 Pictaviensis,
553 1101 604 1180 qui
618 1101 759 1179 scripturn
771 1100 851 1162 hunc
864 1099 995 1162 libellum
1010 1109 1076 1161 aute
1091 1099 1263 1164 Tertulliani
1280 1101 1482 1164 delectionem

252 1213 312 1256 non
336 1191 462 1254 obscure
485 1186 644 1266 significat,
667 1193 765 1246 tamen
787 1183 817 1245 in
839 1183 927 1246 libro·
942 1185 1007 1264 ipso
1039 1192 1083 1244 tot
1110 1193 1181 1246 sunt
1201 1193 1290 1246 notae
1311 1185 1480 1246 sententia-

251 1295 319 1340 rum
345 1274 529 1336 diversarum
558 1269 594 1330 ab
622 1268 671 1341 iis,
709 1285 782 1348 quas
810 1276 914 1346 postea
941 1268 974 1328 in
1003 1265 1121 1346 scriptis
1150 1267 1302 1330 erroribus
1325 1269 1480 1330 Montani-

252 1367 363 1424 starnnr
386 1356 502 1418 intectis
535 1351 676 1425 defendit,
709 1360 742 1412 ut
774 1350 840 1412 libri
862 1351 950 1413 istius
974 1351 1107 1413 doctrina
1130 1351 1241 1413 nemini
1264 1353 1305 1412 sit
1326 1353 1367 1414 ad
1392 1373 1480 1432 repe-

252 1442 388 1506 riendnrn
416 1438 552 1509 difficilis,
586 1435 636 1516 qui
664 1451 844 1514 comparare·
866 1443 1058 1516 utrorumque
1088 1436 1250 1498 sententias
1279 1435 1362 1496 velit.
1411 1437 1482 1498 Nan

254 1527 382 1606 primum
405 1531 528 1602 quantae
549 1519 614 1582 bic¹
634 1528 705 1582 sunt
726 1518 828 1580 laudes
854 1519 954 1598 operis
977 1517 1103 1580 Hermae
1131 1519 1211 1597 quod
1233 1519 1344 1580 Pastor
1367 1520 1478 1582 insui-

251 1611 341 1684 bitur,
378 1626 445 1668 cum
474 1604 719 1666 consuetudinem
746 1601 920 1664 considendi
948 1601 1029 1664 linita
1057 1603 1191 1663 oratione
1223 1603 1425 1666 observatum
1449 1603 1481 1664 ab

252 1695 360 1756 Herma
381 1709 443 1752 non
464 1707 565 1750 secum
592 1705 724 1766 pugnare
751 1687 891 1759 ostendit,
925 1687 1004 1766 quod
1032 1688 1098 1765 sere
1125 1690 1323 1768 scripturum,
1355 1707 1403 1760 ar,
1437 1694 1481 1760 (ne

253 1777 324 1840 illud
359 1777 426 1854 [ere
459 1773 573 1834 cuidam
600 1770 740 1833 invidiam
767 1779 887 1848 nostrae
915 1770 1080 1832 sententiae
1108 1779 1235 1848 moveat)
1262 1779 1372 1850 postea
1405 1779 1480 1834 sari

250 1871 377 1941 ptcrcm
411 1875 537 1936 prorsus
574 1853 725 1934 appellati
789 1853 876 1926 Quod
917 1853 1033 1916 tametsi
1068 1872 1128 1914 non
1163 1854 1207 1916 sic
1242 1855 1377 1932 ceperim
1420 1876 1480 1916 urm

253 1942 433 2005 liuratorio⁸
455 1940 589 2018 aliisque,
612 1939 697 2018 quasi
720 1937 917 2000 Tertullianus
940 1937 1067 2000 Hermae
1088 1937 1180 2000 libros
1209 1939 1321 1999 reserat
1342 1939 1375 2000 in
1401 1939 1480 2000 libris

251 2027 287 2088 N.
311 2027 345 2087 T.
368 2025 517 2088 canonicis
541 2021 683 2102 (loquitur
715 2021 794 2082 enim
825 2041 861 2082 ex
888 2040 971 2082 more
1002 2021 1094 2100 magis
1122 2022 1362 2083 adversariorum
1395 2044 1479 2102 quarn

254 2119 340 2186 suo),
378 2117 475 2170 tamen
504 2125 566 2166 non
594 2105 756 2166 contemnit
777 2105 903 2166 Hermae
925 2105 1140 2178 auctoritatem,
1159 2100 1226 2167 xsed
1249 2104 1306 2166 sibi
1331 2108 1479 2175 conciliat

245 2194 341 2272 ,longe
364 2211 451 2253 secus
480 2198 567 2268 atque
595 2189 625 2249 in
655 2188 731 2249 libro
760 2189 796 2250 de
818 2187 960 2250 Pudicitia
987 2191 1024 2261 (o.
1051 2193 1094 2252 to.
1112 2196 1141 2249 et
1162 2192 1237 2266 Tb),
1266 2188 1296 2250 in
1326 2209 1392 2268 quo
1425 2211 1479 2252 non

253 2277 343 2338 modo
365 2275 491 2336 Hermae
514 2275 600 2333 etlata
621 2271 765 2352 repudiat,
788 2271 841 2333 sed
864 2273 999 2352 spurium
1026 2273 1097 2334 illud
1120 2273 1257 2335 omnibus
1281 2277 1478 2336 consentien-

252 2359 332 2421 tibus
355 2358 496 2436 scriptum
519 2355 645 2434 appellat
673 2364 703 2417 et
729 2354 811 2416 illurn
832 2357 1035 2418 moecbormt
1047 2356 1213 2418 Pastorem.
1269 2357 1360 2428 Quod
1386 2360 1477 2419 miror

252 2448 457 2522 argumentum
479 2440 616 2500 miratum
637 2439 668 2500 in
689 2439 794 2500 Allixio
817 2439 911 2500 luisse
932 2439 1142 2522 Hoffmannum
1166 2435 1399 2516 existimantem,
1425 2462 1479 2503 nou

253 2525 418 2604 exagitasse
440 2523 652 2585 Tertullianum
679 2523 709 2582 in
738 2531 843 2586 nostro
872 2523 971 2586 libello
992 2524 1118 2585 Hermae
1139 2525 1295 2586 Pastorem
1317 2536 1479 2606 propterea

253 2609 331 2690 quod
353 2608 409 2669 sibi
431 2607 557 2668 Hermae
580 2606 740 2667 auctoritas
768 2626 829 2667 non
858 2613 969 2667 tantum
999 2606 1164 2668 obstitisset
1191 2627 1278 2687 quam
1308 2617 1387 2682 tum,
1418 2629 1479 2670 rann

252 2699 385 2755 exararet
401 2691 512 2753 librum
534 2691 570 2751 de
592 2689 743 2763 Pudicitia,
771 2709 861 2768 quare
883 2709 939 2752 nec
958 2690 1064 2752 luisset
1084 2709 1219 2764 necesse,
1251 2701 1284 2754 ut
1312 2692 1380 2754 eius
1412 2713 1477 2772 pre·

254 2777 327 2838 tium
355 2777 489 2838 elevaret.
533 2773 607 2835 Nam
629 2771 746 2836 etiamsi
773 2791 834 2834 non
862 2793 1005 2854 negemus
1033 2775 1127 2854 magis
1157 2776 1355 2837 adversariam
1386 2779 1480 2838 inisse

253 2861 377 2922 Hermae
411 2858 630 2920 auctoritatem¹
648 2857 829 2919 Tertulliano
859 2857 889 2918 in
919 2858 1008 2919 rebus
1039 2859 1088 2930 iis,
1125 2877 1248 2938 quarum
1281 2861 1402 2922 mentio
1439 2871 1479 2922 est

253 2943 359 3006 iniecta
382 2944 412 3004 in
434 2942 532 3004 libello
556 2941 592 3003 de
607 2941 759 3014 Pudicitia,
784 2941 847 3002 eius
868 2949 966 3003 tamen
989 2943 1025 3002 de
1041 2943 1149 3004 Herma
1170 2943 1309 3004 iudicium
1323 2943 1356 3004 in
1371 2955 1479 3006 nostro

252 3029 288 3090 de
311 3028 452 3090 Oratione
474 3025 550 3086 libro
573 3044 633 3086 non
657 3026 753 3087 solum
775 3025 869 3086 multo
902 3036 948 3086 est
975 3026 1086 3097 mitius,
1117 3026 1169 3087 sed
1203 3025 1243 3088 ita
1273 3040 1481 3106 comparatum

128 3115 135 3126 '
251 3111 349 3184 etiam,
372 3119 405 3171 ut
424 3109 490 3188 ipse
502 3109 628 3170 Hermae
650 3109 852 3171 auctoritatem
875 3127 936 3169 non
959 3110 1095 3170 universe
1117 3112 1314 3172 contemsisse
1334 3113 1480 3174 videatur.

249 3195 291 3256 Ac
311 3195 381 3258 illud
404 3196 472 3273 [ere
493 3197 658 3274 scripturo,
680 3193 759 3271 qnod
781 3194 838 3253 rim
862 3193 948 3254 buius
970 3194 1134 3272 argumenti
1162 3195 1295 3256 minuere
1317 3195 1481 3258 Hoffman-

250 3297 308 3342 nus
341 3275 519 3348 arbitratur,
557 3277 629 3338 satie
663 3285 710 3337 est
742 3277 778 3337 ab
815 3295 850 3337 eo
880 3277 979 3356 inepte
1008 3279 1181 3357 explicatum
1210 3279 1263 3352 sic,
1300 3289 1335 3340 ut
1365 3288 1480 3342 temere

250 3361 347 3422 dicere
358 3359 484 3422 voluerit
499 3359 720 3432 Tertullianum,
743 3379 853 3421 nomen
863 3360 995 3421 Pastoris
1010 3361 1137 3424 Hennae
1157 3362 1255 3424 libabo
1267 3363 1399 3442 imponi,
1417 3385 1481 3427 cun

252 3443 323 3504 illud
352 3461 461 3504 nomen
490 3443 568 3505 nullo
596 3444 686 3505 modo
714 3455 879 3517 mereatum
915 3463 981 3505 nam
1011 3444 1080 3507 illud
1110 3447 1178 3526 sere
1201 3451 1369 3527 scripturo,
1404 3460 1481 3511 certe

252 3535 297 3592 est
319 3529 357 3589 ita
380 3527 609 3607 intelligendum,
632 3528 782 3589 Hermiani
805 3527 895 3589 libelli
917 3530 1121 3591 anctoritatem
1149 3532 1211 3592 sere
1234 3531 1360 3592 eandem
1395 3553 1481 3612 quam

250 3631 403 3674 sacrorum
424 3611 566 3673 librorum
589 3612 695 3690 putari,
718 3613 797 3692 qnod
819 3613 915 3692 ipsum
939 3631 975 3673 ex
998 3631 1033 3673 eo
1056 3622 1145 3694 patet,
1179 3615 1257 3694 qnod
1280 3633 1349 3676 cum
1372 3631 1481 3696 postea

248 3715 373 3776 prorsus
395 3701 581 3776 scripturam
610 3695 694 3768 dicat,
724 3715 819 3775 neque
847 3696 891 3758 sic
918 3715 996 3769 eum,
1025 3705 1057 3758 ut
1085 3698 1202 3777 opinor,
1231 3698 1432 3778 appellasset,
1460 3701 1481 3760 si

249 3787 307 3844 tam
330 3780 387 3860 ipsi
411 3789 578 3840 contemtus
599 3779 725 3840 Hermas
748 3781 864 3853 suisset,
894 3797 981 3859 quam
1012 3789 1074 3841 erat
1095 3789 1229 3860 tempore
1251 3785 1427 3864 conscripti
1449 3787 1481 3846 de

249 3862 391 3930 Pudicitia
411 3861 490 3925 libri.
537 3861 596 3923 Sed
620 3872 689 3924 sunt
710 3863 759 3923 bic
780 3864 866 3924 etiam
888 3863 943 3925 alia
966 3863 1137 3926 Tertulliani
1160 3865 1236 3926 dicta
1259 3865 1392 3929 multum
1420 3871 1480 3929 ‹ts-

248 3949 397 4027 crepantia
424 3947 460 4008 ab
493 3946 541 4021 iis,
564 3965 638 4026 quae
659 3945 690 4007 in
706 3947 1015 4008 librislttontanisticis
1030 3950 1197 4028 proposuit
1220 3967 1295 4028 quae
1310 3953 1481 4014 ostendunt

249 4029 422 4102 clarissime,
445 4037 507 4092 tum
527 4030 614 4109 longe
628 4031 714 4092 aliam
736 4031 829 4093 titisse
842 4031 1015 4092 Tertulliani
1038 4032 1221 4112 disciplinam
1244 4051 1334 4111 quam
1358 4049 1480 4116 postea.

249 4115 389 4176 Videlicet
411 4115 543 4176 sectione
568 4117 615 4178 18.
640 4117 681 4193 tp.
705 4117 755 4178 35.
779 4115 882 4176 llurat.
912 4134 977 4176 cunr
1005 4116 1136 4196 disputat
1150 4117 1291 4178 adversus
1315 4137 1388 4188 eos,
1423 4123 1480 4200 qui

249 4197 317 4259 dum
340 4216 374 4258 se
396 4197 461 4260 cibo
484 4197 681 4270 abstinebant,
704 4217 759 4260 nec
780 4198 854 4260 alios
878 4199 1013 4262 solebant
1035 4202 1137 4262 osculo
1166 4202 1302 4280 excipere
1325 4223 1410 4276 aare.
1434 4207 1479 4267 ait.

247 4285 309 4342 nisi
330 4282 375 4341 die
398 4280 538 4354 Poscbce,
561 4301 617 4362 qao
641 4287 804 4344 commertia
828 4295 857 4345 et
885 4287 974 4364 quusi
996 4285 1120 4364 publicu
1147 4288 1254 4346 ieiumi·
1279 4286 1397 4368 relr'pr‘o
1430 4299 1480 4358 ert,

281 4446 303 4480 e.
322 4429 446 4481 dissertat.
466 4435 528 4484 citat.
547 4431 572 4500 §-
587 4435 629 4484 ttt.
648 4451 673 4499 p.
692 4433 724 4484 at
743 4449 780 4498 sq.
846 4435 851 4453 '
885 4431 1480 4502 ebibliotbaomdmbrcaiaoaecodieeintegrare

280 4497 297 4546 l.
323 4495 350 4547 C.
363 4495 401 4548 to.
420 4499 476 4549 edit.
495 4501 553 4549 laad.
572 4502 623 4551 tat.
643 4501 766 4552 llomtorii
784 4515 831 4568 qua
884 4501 958 4552 edidit
976 4502 1000 4550 la
1012 4502 1372 4556 tnecdotislatidisTona.lll.
1384 4507 1479 4571 μῦες.

246 4565 343 4628 utimur,
354 4567 513 4630 quinostrum
524 4567 631 4618 libellum
642 4569 830 4620 anteamotilom
917 4583 939 4631 g.
957 4568 984 4618 b.
1002 4585 1023 4620 c.
1043 4577 1092 4619 not.
1111 4568 1136 4620 3.
1153 4585 1178 4634 p.
1197 4568 1238 4619 ³1.
1353 4633 1355 4640 y
