3144 5236
491 395 628 440 sacrans
649 395 708 442 sic.
731 398 769 443 nn
791 399 919 444 norma.
1261 385 1323 462 ‚195

182 540 268 602 Prius
291 543 442 606 enimvero
465 543 536 607 illud
557 545 595 608 ab
617 565 654 608 eo
677 548 821 628 scriptum
842 549 986 630 legimns:
1012 551 1110 625 Quale
1133 559 1227 616 estut
1240 552 1323 618 Deus

111 627 271 686 diuisionem
301 640 329 689 et
357 628 577 708 dispersionem
601 636 672 711 pati
697 633 838 696 videntur
859 638 892 696 im
914 635 991 698 Filio
1014 647 1043 698 et
1064 637 1185 717 Spiritu
1205 647 1321 710 sancto,

110 711 259 772 secusdum
282 723 311 774 et
333 716 457 774 tertium
479 717 599 776 sortitis
622 715 730 788 locum,
753 727 815 778 tam
838 721 1029 782 consortibus
1050 722 1240 783 substantioe
1261 720 1323 784 Ρα-

108 797 164 863 tris,
192 813 267 873 quas
295 813 359 858 non
382 801 504 875 patitur
532 803 564 860 in
592 809 637 862 tot
663 800 843 880 angelorum
871 821 997 866 nrtmero
1026 813 1054 866 et
1082 806 1198 884 quidem
1220 815 1282 868 tam
1302 823 1323 866 o

107 878 267 942 substantio
288 879 396 942 alienis
419 881 505 952 ilbid.
528 899 591 960 cap.
609 881 676 960 3.)?
706 884 848 964 lntelligi's
870 888 1002 964 prolecto
1024 895 1132 965 quanta
1153 888 1322 967 perspicui-

107 968 155 1022 tate
180 962 277 1024 adltue
303 964 477 1041 pronuntiet
502 965 621 1028 Patrem
648 967 758 1030 aFilio
787 977 817 1029 et
849 969 961 1048 Spiritu
990 979 1093 1033 mnata
1121 971 1167 1033 sic
1192 989 1323 1051 persona

107 1044 246 1124 distingui,
269 1047 408 1108 uirilius
431 1057 461 1110 et
475 1050 604 1128 Spiritus
627 1059 746 1114 sanetas
769 1054 932 1115 secandum
954 1063 985 1116 et
1005 1055 1125 1116 tertium
1144 1055 1243 1116 locum
1265 1055 1321 1116 ba-

107 1128 193 1190 beant
220 1131 314 1192 Plane
336 1138 436 1194 tamen
457 1151 641 1214 prorsusque
663 1137 815 1198 contendit
836 1145 866 1198 et
887 1139 1022 1200 adlirmni
1042 1137 1153 1200 nullam
1174 1137 1252 1199 inter
1266 1157 1321 1199 ens

106 1229 166 1274 esse
185 1214 364 1278 divisionem
386 1225 436 1278 aut
457 1217 687 1298 dispersionem,
711 1221 764 1281 sed
786 1220 920 1282 eiusdem
942 1229 1100 1284 consortes
1127 1221 1321 1296 substantiae,

107 1315 171 1375 quac
197 1298 227 1360 ln
253 1298 298 1360 eis
319 1307 379 1360 tam
402 1318 470 1375 una,
497 1321 585 1381 qnam
607 1303 637 1364 in
659 1304 782 1383 angelis,
811 1305 1024 1384 quantumlibet
1047 1305 1198 1385 perlectis,
1225 1306 1322 1368 divisa

107 1389 131 1440 et
148 1400 179 1444 se
231 1391 282 1444 aba
303 1391 360 1445 osi.

144 1478 146 1493 ¹
179 1401 290 1528 ibiscum
318 1467 397 1528 nulla
425 1469 621 1548 proculdubio
651 1470 844 1550 explicatione
867 1471 938 1534 illud
960 1471 1082 1551 indiget,
1111 1473 1189 1551 quod
1210 1473 1248 1534 ab
1269 1472 1320 1534 illo

107 1567 158 1610 non
188 1551 290 1612 solnm
322 1553 509 1631 apertissime
543 1555 738 1629 renuntiatur,
772 1556 825 1617 sed
853 1557 918 1635 ipsa
940 1556 1027 1617 etiam
1047 1556 1192 1636 probatur
1214 1555 1321 1618 Sacrae
1414 1589 1421 1596 -

108 1633 267 1714 Scripturas
300 1636 472 1699 auctoritaie
501 1655 536 1699 ac
555 1639 603 1700 his
626 1639 819 1718 potissimum
839 1640 958 1701 loannis
981 1639 1184 1719 Evangelisiac
1205 1640 1320 1701 verbis:

109 1717 159 1797 ipo
180 1729 207 1781 et
227 1719 325 1782 Pater
345 1739 440 1783 unum
461 1741 576 1784 sumus.
619 1723 782 1802 Postquam
809 1725 888 1785 enim
915 1725 990 1785 haec
1010 1724 1118 1798 citavit,
1145 1725 1190 1786 sic
1210 1741 1320 1802 prose·-

106 1802 194 1880 quitnr
214 1803 304 1877 (ibid.
327 1821 391 1882 cap.
413 1808 493 1881 22.):
515 1807 573 1869 llic
594 1825 666 1888 crgo
688 1813 749 1870 iam
768 1809 898 1888 pradum
911 1808 1020 1872 oolnnt
1033 1808 1126 1888 figere
1141 1807 1238 1883 stulti,
1261 1811 1321 1872 ime

109 1892 185 1958 caeci,
204 1893 260 1968 pui
279 1906 342 1951 nou
363 1891 502 1952 videant:
522 1895 624 1970 primo
645 1891 708 1970 Ego
731 1899 762 1952 et
775 1893 864 1954 Peter
883 1893 1016 1956 duorum
1036 1911 1101 1954 esse
1123 1892 1322 1972 significatio-

109 1987 179 2047 nen,
209 1972 318 2034 debinc
349 1977 382 2034 in
413 1979 576 2037 nom'ssimo
599 1993 702 2037 sumus
725 1995 788 2040 non
811 1995 849 2039 en
869 1981 962 2038 nnius
984 1995 1049 2038 esse
1068 1994 1214 2057 persono,
1242 1975 1323 2056 quod

106 2055 261 2133 pluraliter
284 2057 470 2130 dictumest,
495 2070 559 2121 tum
579 2061 659 2142 qnod
679 2077 771 2121 unum
794 2079 908 2133 snmus,
931 2077 1092 2123 nonanus
1115 2077 1230 2120 snmus.
1286 2057 1324 2120 Si

108 2143 176 2200 enim
201 2141 330 2204 dimittet
356 2141 439 2203 Unus
462 2161 581 2216 sumas,
612 2147 765 2224 potuisset
791 2146 939 2208 adiuvare
973 2147 1152 2206 sententiam
1184 2142 1320 2204 illatum.

109 2221 179 2284 Unus
209 2230 289 2286 anaba
322 2226 490 2304 singularis
522 2233 645 2290 numeri
669 2229 849 2309 significatio
872 2229 1010 2290 m'detur:
1040 2227 1138 2290 adbuc
1161 2245 1228 2289 cnm
1250 2227 1320 2301 dno,

107 2309 258 2371 masculini
278 2313 407 2387 μεικτὴ.
446 2310 548 2373 'Unum
569 2313 642 2374 dicit
662 2312 802 2374 neutrali
822 2313 922 2382 uerbo,
945 2312 1026 2392 qnod
1046 2329 1109 2374 non
1127 2315 1260 2391 pertenet
1282 2309 1322 2370 ad

108 2391 328 2469 sigudnritotem
357 2395 410 2456 scd
438 2397 477 2457 ad
497 2400 653 2467 unitatem,
685 2397 725 2457 nd
745 2397 979 2465 similitudinarie,
1008 2397 1049 2456 ad
1070 2397 1320 2464 coniunctionem,

111 2477 143 2536 ab
161 2477 346 2541 dilectionem
366 2477 472 2542 Patris
496 2523 553 2540 ...
586 2480 683 2542 Unum
705 2497 809 2541 sumus
832 2483 942 2550 dicens,
964 2479 1027 2558 Ego
1050 2485 1080 2538 et
1100 2477 1196 2556 Beier,
1220 2487 1323 2572 ostem-

110 2560 146 2621 dit
166 2561 236 2624 duos
260 2580 334 2633 esse,
366 2579 440 2642 qnos
463 2574 572 2646 aequat
592 2575 622 2626 et
642 2567 750 2644 iungit.
792 2565 902 2624 Postea
923 2580 995 2623 vero
1017 2563 1090 2623 baec
1110 2559 1230 2622 brevius
1253 2577 1322 2640 qut·

109 2643 176 2716 dent,
198 2646 252 2706 scd
275 2663 337 2707 non
357 2645 455 2708 minus
476 2647 553 2708 clare
575 2665 610 2710 ac
630 2647 788 2727 perspicae
811 2647 951 2728 explieat:
981 2645 1141 2708 Connemus
1163 2645 1267 2706 Patris
1288 2645 1323 2706 in
1399 2641 1406 2654 '

111 2726 177 2792 situ
198 2740 227 2792 et
243 2728 319 2792 Filii
337 2733 370 2792 in
395 2730 555 2794 Paracleto
578 2743 643 2794 tres
665 2732 761 2812 efficit
784 2732 986 2805 cobnsrcntes,
1008 2729 1140 2790 circum
1161 2745 1199 2788 en
1212 2727 1321 2797 altero,

110 2817 156 2892 gai
181 2826 242 2876 tres
263 2833 361 2876 unum
382 2817 461 2892 sint,
486 2833 549 2878 non
569 2835 668 2887 unus,
696 2817 842 2895 monsedo
866 2815 1059 2878 dictumest:
1096 2810 1159 2889 Ego
1183 2817 1213 2870 ct
1233 2809 1323 2870 Pater

110 2913 190 2958 nnutn
211 2916 327 2971 sumus,
350 2901 390 2960 od
410 2901 599 2963 substantiae
618 2902 775 2970 unitatem,
799 2917 862 2962 non
884 2899 923 2960 ad
944 2899 1067 2958 numeri
1077 2893 1324 2974 singularitatem

112 2979 187 3050 ilbid.
209 2999 241 3042 ca
264 3027 273 3042 .
295 2985 371 3046 25..
825 3003 828 3009 ·
1006 3040 1012 3048 .

188 3002 331 3138 Qualinrvis
349 2987 452 3128 inuiam
472 3065 513 3128 ibi
535 3083 645 3128 nomen
664 3083 817 3147 personne
837 3082 899 3126 non
920 3061 1074 3134 adhibeat,
1104 3059 1254 3156 superinri
1274 3067 1322 3120 ta-

111 3167 172 3210 nen
190 3150 257 3213 loeo
280 3149 362 3210 illurn
384 3169 420 3212 eo
442 3169 531 3212 usum
552 3151 647 3212 luisse
669 3149 903 3210 animadvertere
916 3145 1050 3226 potuisti.
1080 3145 1140 3206 Sed
1154 3145 1323 3240 dtstnnpttus

111 3233 198 3294 abbat
217 3234 364 3313 prolatum
385 3234 511 3309 ridebis,
533 3235 584 3296 nbi
607 3251 728 3316 rursum
749 3232 838 3294 variis
861 3232 969 3294 Sacrae
991 3229 1161 3308 Scripturas
1183 3235 1323 3290 testimo-

112 3317 162 3378 niis
182 3304 370 3381 demnirstrat
390 3327 451 3381 tres
472 3319 505 3382 in
528 3319 714 3380 sanctissima
736 3317 880 3378 'lrinitnic
902 3333 971 3378 esse
1003 3330 1149 3394 personas
1176 3327 1325 3392 mamque

113 3399 252 3464 dumtaxat
273 3409 417 3466 naturam.
446 3403 564 3465 Etenim
585 3403 616 3464 id
638 3403 686 3464 ille
706 3401 815 3482 probat
835 3400 883 3462 his
905 3400 1057 3462 Genusum
1078 3397 1193 3460 verbis:
1217 3397 1325 3459 Facia-

112 3503 169 3548 nm
191 3487 340 3566 boniinem
360 3489 399 3550 ad
420 3491 578 3567 imaginem
599 3498 629 3550 et
649 3487 877 3550 similitudinem
897 3493 1036 3548 nostram
1058 3482 1179 3578 (lienes.
1201 3481 1225 3542 l.
1248 3482 1325 3556 26.)-

113 3567 233 3632 italiis:
255 3571 330 3633 licce
344 3573 439 3634 Adam
458 3573 561 3650 [octus
583 3583 628 3634 est
648 3581 792 3652 tanguam
810 3589 893 3631 unus
915 3585 954 3631 em
973 3569 1061 3630 nobis
1083 3564 1168 3641 (lbra
1183 3564 1234 3627 lll.
1248 3565 1324 3640 22).

112 3650 176 3715 llam
196 3654 267 3716 inde
288 3655 336 3716 ille
358 3655 403 3716 sic
423 3663 658 3735 argumentatur:
690 3655 770 3730 Quia
790 3659 851 3717 iam
872 3653 1056 3716 adbaerebot
1075 3649 1125 3712 ilii
1146 3647 1252 3721 Filius,
1275 3661 1325 3707 se-
1354 3653 1358 3662 “

113 3739 201 3800 cunda
224 3756 371 3819 persona,
399 3739 507 3804 Sermo
535 3744 642 3820 ipsius,
671 3747 700 3801 et
729 3743 820 3802 tertia
848 3736 983 3818 Spiritus
1012 3740 1045 3796 in
1067 3733 1226 3829 ⁴Sermone,
1258 3729 1325 3792 ideo

110 3820 271 3900 pluraliter
287 3828 520 3904 pronuntiauit:
553 3822 716 3896 Faciamus,
739 3829 932 3892 canosinam,
955 3829 984 3882 et
1003 3817 1101 3879 nobis.
1141 3813 1218 3874 Turn
1235 3811 1326 3908 patalis

114 3915 187 3980 post:
223 3906 357 3988 lienique
385 3927 513 3990 segnem
535 3908 699 3988 Scriptura
720 3907 879 3985 distinguit
899 3909 981 3966 inter
998 3913 1167 3982 personna:
1199 3895 1237 3957 Et
1258 3896 1329 3956 lectt

113 3985 184 4051 bens
203 3991 372 4052 bominem:
394 3992 433 4053 act
454 3992 610 4071 imaginem
625 3991 684 4054 Dei
702 3989 772 4052 lecit
787 3987 883 4050 illum.
916 3988 978 4050 bier
999 4001 1062 4048 non
1083 3999 1179 4053 suam,
1203 3985 1233 4042 si
1243 3997 1327 4041 unns

114 4078 160 4150 pai
182 4075 314 4154 iaciebat
340 4085 371 4136 et
396 4093 459 4139 non
485 4087 554 4139 erat
581 4076 620 4137 od
641 4078 727 4138 cuins
748 4069 903 4153 sedebat?
945 4069 1024 4132 lirat
1044 4076 1152 4136 antnn,
1180 4066 1327 4165 adueniret

115 4158 262 4236 mammeae
294 4159 442 4237 indebat,
477 4162 517 4222 ad
544 4160 617 4224 Filii
641 4158 769 4228 scilicet,
804 4160 857 4238 gui
883 4155 969 4218 bomo
996 4152 1126 4231 [uturns
1157 4158 1272 4211 certmr
1296 4155 1328 4210 et

114 4245 208 4304 aerior
229 4247 388 4321 maginem
409 4262 496 4322 epam
516 4244 634 4323 [comat
654 4244 715 4306 dici
734 4242 890 4311 bominem,
923 4241 976 4319 gni
996 4245 1068 4298 tuuc
1091 4234 1126 4296 de
1155 4232 1225 4296 limo
1255 4233 1328 4312 sor-

115 4329 188 4386 nari
213 4326 348 4398 babebat,
375 4331 473 4407 imago
501 4333 570 4392 ocri
588 4340 620 4391 et
640 4325 817 4390 scitu'litudo.
861 4323 922 4384 Nec
948 4321 1037 4396 longe
1063 4325 1181 4398 postea:
1218 4316 1327 4385 Albana,

114 4403 210 4486 instit,
240 4429 258 4471 a
280 4409 365 4474 Patre
384 4411 501 4485 Filium,
530 4413 674 4495 quomodo
703 4413 839 4489 ocmperc
861 4406 967 4468 debeas
988 4409 1049 4465 iam
1066 4403 1236 4502 professus.
1250 4415 1328 4501 sum,
1355 4480 1356 4489 ἵ

116 4507 267 4568 personae,
289 4496 709 4566 consummatissimus,
732 4495 771 4555 ad
798 4493 1029 4559 distinctionem,
1056 4504 1120 4550 non
1141 4487 1181 4549 ad
1202 4486 1330 4548 dmrsro·

115 4591 185 4640 nem.
231 4579 369 4643 &terum
389 4583 449 4645 etsi
467 4581 575 4665 ubique
596 4591 681 4645 teneo
701 4595 795 4642 unam
815 4575 1018 4640 substantiam
1039 4576 1071 4634 in
1093 4571 1192 4634 trabas
1219 4567 1333 4631 coim-

1073 4669 1127 4724 ta*
