3114 5240
276 369 334 432 146
367 383 556 426 ursssnrarro
573 381 604 424 ue
619 380 666 432 eu.
682 379 766 426 seer.
781 380 866 426 snos.
883 381 1076 428 rsnrumtuu
1088 383 1311 427 mouoourmuu
1326 383 1410 427 eurr.

268 531 344 615 'quin
365 532 596 595 Christianorum
628 549 725 606 eausa,
756 531 842 594 siouu'
874 531 952 612 apud
981 533 1133 596 universas
1158 534 1302 612 8868888,
1333 536 1374 597 ita
1399 535 1480 614 apud

273 637 376 682 eorum
397 617 558 697 praesides,
579 615 691 678 iudices
713 635 747 678 ao
767 616 954 696 magistratus
975 625 1112 697 perorata
1142 617 1257 681 illorum
1278 619 1478 682 innoeentiam

273 703 409 766 omuibus
439 699 624 780 praenosset
669 701 701 762 Si
724 719 798 780 sergo
819 701 1025 781 Apologetieus
1047 703 1122 766 liber
1141 703 1217 766 eirea
1237 722 1345 767 aunum
1367 703 1478 767 Christi

273 788 339 862 GC..
368 785 612 866 quemadmodum
633 785 770 858 diximus,
797 785 943 865 publicam
965 787 996 848 in
1017 787 1111 850 lucens
1133 787 1258 852 emissus
1280 795 1337 862 est,
1363 789 1396 850 hi
1418 788 1478 852 duo

272 873 309 935 ad
329 872 469 935 Nationes
490 869 557 932 libri
578 870 664 950 paulo
687 877 753 932 ante
774 870 910 950 divulgati
931 872 1047 934 ruerent
1067 872 1165 951 (tuin)

765 1090 930 1142 narremus
949 1091 984 1140 Vl.

271 1197 303 1242 De
329 1197 408 1242 horum
431 1197 535 1240 librorum
559 1202 687 1250 argumento
706 1202 728 1238 et
743 1202 815 1239 unum
832 1195 885 1238 ittun
903 1195 990 1250 plenius
1006 1196 1168 1252 perfectiusque
1185 1196 1208 1242 iu
1225 1197 1258 1240 eia
1275 1209 1341 1252 quam
1358 1198 1381 1242 in
1397 1197 1478 1254 npetu·

757 1263 828 1317 88688
845 1269 997 1318 pertractetur.

353 1377 440 1440 Plora
467 1377 585 1458 apsidem
617 1378 648 1440 in
677 1377 825 1458 superiori
852 1378 974 1440 articulo
1006 1378 1157 1440 retulimus
1185 1379 1355 1442 Tertulliani
1377 1380 1477 1454 verba,

271 1464 378 1544 quibus
400 1469 525 1524 testatur
546 1481 579 1524 se
600 1463 684 1542 plura
706 1463 737 1524 iu
758 1462 806 1524 his
821 1461 857 1524 sd
877 1461 1017 1524 Nationes
1039 1463 1123 1526 libris
1145 1465 1380 1542 praetermisisse
1402 1483 1477 1543 quae

270 1550 302 1611 iu
322 1547 509 1629 Apologetieo
538 1548 634 1610 fusius
663 1547 807 1628 explieare
834 1546 1010 1610 demoverat
1053 1547 1090 1608 At
1116 1549 1188 1610 haee
1208 1549 1293 1628 plane
1314 1557 1479 1628 repugnant

270 1634 387 1694 Norunt
415 1631 547 1711 88181888
574 1632 622 1711 qui
651 1631 830 1694 metendum
861 1632 999 1694 hrumoe
1019 1633 1297 1696 commentationum
1317 1651 1476 1712 88888888-

270 1726 332 1778 tum
354 1715 489 1778 inlibris
512 1716 547 1777 ad
562 1715 702 1778 Nationes
723 1714 855 1790 uberius
877 1717 1035 1796 perfectius
1057 1717 1229 1798 meliorique
1255 1718 1356 1780 ordine
1385 1735 1476 1796 88888

270 1801 302 1864 in
321 1801 510 1881 Apologetioo
533 1801 714 1880 pertractari.
756 1799 892 1862 Animum
914 1801 991 1864 enun
1013 1801 1116 1864 neseio
1125 1821 1192 1881 8888
1215 1803 1330 1866 ratione
1349 1802 1474 1864 indure-

268 1894 337 1948 rant
357 1903 433 1957 aere,
455 1885 624 1958 vehemens,
647 1892 764 1946 amatum
784 1886 913 1946 auetoris
933 1886 1080 1964 ingenium
1103 1887 1276 1966 igneumque
1297 1887 1374 1950 iliius
1403 1905 1476 1949 aetr-

271 1989 338 2032 men
365 1969 478 2049 passim
503 1969 610 2047 ubique
632 1969 662 2029 in
684 1968 730 2032 iris
752 1969 858 2031 micare
879 1971 973 2044 libris,
1004 1971 1057 2032 sod
1079 1988 1148 2032 euna
1168 1972 1297 2033 violento
1318 1971 1396 2034 iiiios
1418 1971 1476 2034 im·

269 2062 340 2136 petu
361 2061 476 2134 raptum
497 2053 580 2132 ptura
602 2053 760 2134 seripsisse
790 2072 865 2132 quae
898 2055 1053 2116 nonsatis
1080 2055 1227 2129 meditata,
1248 2056 1340 2136 polita
1360 2056 1476 2119 1188818-

270 2159 328 2220 que
349 2145 427 2199 sunt
470 2139 578 2201 Verum
594 2137 660 2208 ruit
685 2137 770 2216 piane
791 2138 863 2200 haee
883 2138 994 2218 opinio,
1017 2139 1043 2200 si
1064 2139 1269 2220 Apologetious
1291 2148 1362 2221 post
1382 2141 1476 2206 tineos

127 2237 135 2260 ·
268 2224 313 2285 nu
333 2223 475 2294 Nationes
494 2223 529 2284 ah
552 2241 598 2296 eo,
622 2222 708 2284 siouti
727 2221 864 2294 vidimus,
886 2224 1034 2303 proiectus
1056 2225 1151 2298 inerit

352 2307 506 2368 Praeterea
534 2299 649 2369 oensiat
668 2289 752 2386 piura
773 2307 869 2386 magui
893 2327 964 2369 sane
985 2309 1126 2370 momenti
1148 2310 1178 2370 in
1198 2310 1388 2390 Apologetioo
1411 2309 1476 2372 dis-

268 2393 376 2488 putari,
404 2410 477 2472 quae
504 2392 535 2452 in
561 2391 644 2451 libris
672 2392 708 2452 ad
731 2391 871 2452 Nationes
899 2393 1009 2456 omissa
1038 2402 1117 2468 sunt,
1146 2395 1262 2457 tametsi
1284 2395 1454 2458 nonnulla
1447 2415 1478 2458 m

268 2477 316 2538 his
344 2477 475 2538 rioissim
503 2475 585 2537 libris
613 2485 643 2538 et
669 2475 838 2555 neutiquam
866 2477 896 2538 in
927 2475 976 2540 iilo
999 2477 1139 2556 legantur.
1185 2479 1303 2541 Cunctis
1325 2488 1422 2542 autem
1445 2487 1478 2541 ut

268 2561 342 2624 haee
366 2561 459 2640 inagis
485 2561 571 2640 plana
600 2579 634 2622 ae
655 2560 810 2639 perspicua
830 2562 911 2634 fiant,
944 2562 1138 2624 exhibendum
1160 2564 1329 2626 eensuirnus
1350 2564 1478 2628 iudioem

269 2645 405 2726 capitum,
427 2645 457 2706 in
479 2645 585 2725 quibus
607 2645 708 2706 eadem
729 2652 862 2723 aguntru.
891 2645 963 2708 lude
984 2646 1062 2708 enirn
1082 2649 1284 2728 unusquisque
1298 2649 1382 2712 iaoiie
1398 2649 1477 2712 iudi·

268 2730 354 2806 eahit,
377 2731 406 2792 in
428 2729 535 2810 quibus
556 2729 587 2790 hi
608 2729 675 2790 lteri
697 2749 714 2791 a
735 2749 769 2791 se
790 2729 914 2792 invieem
936 2731 1113 2810 diserepant.

718 2915 833 2977 runsx
864 2877 1026 2978 murruu

431 3037 453 3084 io
472 3035 558 3115 quihus
575 3034 742 3100 apologeticus
761 3043 784 3085 et
802 3034 855 3085 iibri
873 3035 902 3085 od
921 3035 1034 3086 Nationes
1052 3035 1114 3085 iuter
1132 3051 1159 3086 se
1177 3037 1324 3088 conveniunt.

416 3152 505 3212 Liber
526 3151 639 3230 primus
661 3154 698 3214 ad
719 3152 870 3215 Nationes.
915 3199 923 3216 .
967 3198 976 3215 .
1017 3153 1232 3234 Apologetious.

418 3235 548 3317 Caputi
553 3279 978 3300 .........
1020 3238 1088 3317 688.
1114 3243 1141 3301 1.

1019 3323 1088 3402 688.
1112 3326 1142 3387 2.

903 3449 924 3468 ..
969 3452 977 3469 .
1021 3408 1090 3486 cap.
1113 3411 1143 3471 2.
1166 3411 1245 3472 et3.

1021 3492 1091 3572 688.
1114 3495 1143 3556 3.
1167 3495 1266 3558 8146

1021 3577 1090 3656 688.
1112 3580 1142 3640 4.

1020 3662 1089 3740 688.
1113 3664 1141 3724 t.
1166 3635 1247 3727 et8.

1019 3747 1087 3826 Cap.
1112 3749 1152 3818 8.,
1174 3763 1235 3808 uon
1257 3754 1363 3811 toturn.

808 3830 1371 3909 Η..ωωαῇ-

651 3958 816 3976 ....
914 3915 1437 3995 ..6881218148115

417 3997 511 4077 Caput
533 4001 581 4060 11
608 4001 656 4062 12.
682 4001 729 4063 13.
753 4007 783 4061 et
807 4003 854 4062 14.
914 4043 921 4059 .
967 4044 974 4061 .
1018 4001 1161 4078 68816.

417 4081 511 4162 Caput
533 4085 581 4144 14.
608 4087 655 4147 15.
678 4093 707 4146 et
731 4087 816 4148 16..
967 4083 1087 4164 ..688
1110 4087 1142 4149 6.

416 4166 581 4245 6888117.
650 4168 1161 4248 .......688..35

417 4250 582 4329 6888118.
651 4253 1161 4333 .......cspoo

417 4333 580 4413 6888116.
649 4382 814 4399 ....
964 4381 973 4400 .
1016 4338 1084 4418 688
1107 4343 1158 4404 47
1182 4341 1233 4406 48.
1256 4343 1307 4407 46.

415 4417 505 4479 Liber
526 4421 673 4484 secundus
695 4422 731 4483 ad
751 4422 902 4484 Nationes.
963 4423 1229 4504 .Apoiogetious.

415 4501 579 4581 6888112.
647 4553 655 4569 .
700 4552 708 4568 .
753 4551 760 4569 .
964 4508 1086 4587 .688.
1112 4513 1160 4574 16.

414 4585 509 4668 Caput
531 4593 580 4652 17
647 4637 657 4652 .
701 4637 709 4654 .
754 4637 763 4654 .
965 4592 1085 4674 ..688
1108 4596 1159 4660 25.
