3126 5250
525 163 565 220 v.

493 409 627 452 sannone
649 410 707 453 nic.
730 411 767 454 en
788 409 914 454 nonnas.
1250 395 1313 462 167

106 557 258 620 ordmam'o
283 577 344 639 pro
374 559 510 633 Cbristo,
543 559 603 621 alia
627 571 656 622 et
680 565 805 641 privata
827 559 979 642 caespitur
1001 561 1139 641 bospitio.
1181 565 1314 644 Aqnosce

106 648 194 723 itaque
217 645 421 726 differentiam
442 645 553 707 etbnici
572 653 601 706 et
620 645 718 724 fidelis
740 651 772 707 in
792 657 898 708 marte.
929 645 965 707 Si
980 663 1040 727 pro
1062 644 1126 707 Dte
1150 649 1313 722 occumbas,

103 739 132 788 ut
150 727 331 790 Paracletus
352 741 465 802 monet,
487 747 550 792 nan
571 732 602 791 in
623 729 763 793 mallibus
784 730 920 809 febribus
943 740 972 791 et
991 733 1025 791 in
1045 730 1178 801 lectulis.
1207 736 1260 796 sed
1281 738 1313 796 in

102 817 267 893 martyriis,
289 818 319 875 ei
338 832 454 876 emacem
471 823 552 876 tuam
567 813 658 876 tollas
679 824 709 877 et
731 821 866 896 sequaris
889 815 1059 886 Dominum,
1080 824 1115 877 ut
1136 819 1201 896 ipse
1217 813 1313 899 prae-

103 902 178 978 cepit,
205 909 272 960 tota
288 899 430 977 paradisi
450 898 542 961 clavis
567 909 637 962 tuus
661 905 783 978 sanatis
806 911 851 962 est
879 899 972 974 (ldem
994 899 1046 962 lib.
1067 900 1103 960 de
1124 901 1227 963 Anima
1249 921 1311 982 cap.

99 985 167 1058 55).
216 981 350 1043 Tertium
372 982 469 1061 itaque
489 983 585 1044 locum
609 983 645 1044 ab
667 993 791 1064 ntroqnm
812 984 869 1046 iam
892 1003 908 1045 a
929 983 1017 1045 nobis
1038 994 1201 1047 memorato
1224 1005 1311 1066 sepa·
1406 1047 1418 1072 ,

97 1075 187 1127 ratum
205 1065 326 1138 indicat,
342 1065 421 1146 qnod
436 1068 581 1147 privatum
595 1077 765 1148 martyrum,
781 1067 939 1150 dequibus
955 1067 1030 1130 inlra
1046 1068 1188 1145 dicemus,
1204 1071 1310 1151 bospi-

97 1151 165 1212 oum
187 1151 321 1230 appellat
341 1151 422 1226 (lnlr.
445 1171 507 1232 cap.
534 1158 582 1217 15.
604 1153 665 1220 nrt.
688 1157 742 1230 4.).
1288 1193 1292 1204 .

174 1235 351 1297 Praeiverat
370 1235 428 1315 ipsi
449 1236 526 1299 baud
548 1237 635 1299 dubie
655 1237 811 1312 Irenaens,
844 1237 894 1317 qni
921 1236 1056 1299 similiter
1077 1238 1114 1298 de
1134 1239 1294 1318 martyribn

96 1339 176 1381 snam
201 1320 327 1398 explicat
348 1321 537 1383 sententiam:
561 1323 692 1386 Ecclesia
715 1329 803 1394 omni,
827 1321 929 1401 inquit,
952 1318 987 1384 in'
1000 1322 1062 1384 loca
1079 1324 1114 1385 ab
1130 1342 1203 1396 eam,
1225 1343 1313 1406 quam

97 1403 180 1469 babet
197 1423 273 1484 erqa
286 1406 382 1467 Deam
398 1405 593 1480 dilectionem,
615 1408 838 1470 multitudinem
851 1417 1023 1486 martyram
1037 1411 1071 1468 in
1086 1413 1312 1490 omnitempore

93 1494 266 1569 praerm'ttit
280 1491 319 1551 ad
334 1490 455 1552 Patrem
470 1492 557 1564 (lren.
580 1491 631 1554 lib.
646 1492 692 1554 lv.
716 1511 740 1554 c.
763 1492 874 1553 Haeres
896 1509 958 1570 cap.
972 1494 1022 1556 33.
1046 1496 1074 1569 §-
1097 1494 1128 1555 9.
1151 1511 1218 1554 nov.
1242 1493 1311 1555 edit.

95 1592 156 1654 pag.
172 1578 274 1652 272.)
318 1575 375 1635 Sed
398 1593 459 1650 cur,
483 1576 668 1650 obsecrate,
691 1577 727 1637 ad
748 1577 874 1650 Patrem,
897 1576 954 1637 nisi
976 1585 1009 1638 ut
1029 1584 1165 1638 aeternae
1186 1578 1311 1640 felicita-

95 1659 129 1720 tis
150 1659 319 1738 praemium
341 1659 440 1720 statim
460 1669 528 1739 post
549 1655 674 1722 mortem
697 1659 938 1740 consequantur?

176 1743 339 1822 Utriusque
369 1753 463 1806 autem
492 1745 624 1824 opinioni
652 1745 813 1825 discipulus
842 1743 1013 1805 Tertulliani
1041 1744 1202 1824 Cyprianus
1230 1746 1311 1808 hisce

95 1829 278 1907 totidemque
310 1829 408 1889 verbis
439 1837 542 1908 postea
575 1831 767 1909 subscripsit:
805 1831 884 1892 beati
903 1834 987 1902 saus,
1017 1834 1070 1910 qui
1089 1847 1128 1892 ea
1149 1831 1233 1893 vobis
1254 1850 1313 1912 per

95 1913 268 1992 qlariarum
289 1917 416 1993 oestiqio
438 1926 633 1977 commeantes
656 1919 716 1976 iam
739 1917 773 1977 de
796 1914 916 1976 saeculo
944 1925 1136 1976 recesserunt
1158 1917 1312 1994 consecto-

94 2017 151 2078 que
179 2001 288 2060 itinere
310 2001 435 2060 virtutis
463 2018 497 2060 ac
518 1999 591 2080 fidei
611 2001 650 2062 aci
678 1999 866 2080 compleamm
896 2010 926 2061 et
947 2000 1082 2061 ascrclum
1103 2000 1227 2061 Domini
1246 2002 1312 2063 llo⁴

93 2086 173 2144 nn'na
204 2086 271 2162 ipso
298 2084 446 2162 qaudente
475 2095 625 2146 venerunt
653 2083 799 2164 (Cypriam
828 2084 922 2164 Epist.
952 2086 1002 2148 37.
1032 2101 1097 2163 pag.
1121 2087 1193 2160 73.)
1236 2085 1312 2146 alibi

94 2183 160 2226 nero
191 2167 304 2228 diserte
339 2167 463 2227 affirmat
492 2169 663 2248 martyrium
685 2187 753 2230 esse
776 2169 937 2230 secundum
960 2168 1121 2248 baptisma,
1154 2170 1234 2251 quod
1254 2190 1311 2232 nos

98 2252 128 2310 de
148 2253 264 2313 mundo
287 2253 455 2314 recedentes
483 2258 585 2314 statim
604 2254 667 2315 Deo
696 2253 827 2334 copulat.
873 2253 965 2314 Suum
993 2253 1099 2314 dehinc
1124 2253 1232 2316 librum
1263 2254 1311 2316 bis

97 2335 188 2396 uerbis
213 2335 357 2396 absolvit:
386 2336 420 2398 Si
442 2337 531 2398 talem
549 2343 718 2418 persecutia
741 2342 893 2400 inuenerit
912 2339 972 2400 Dei
990 2338 1127 2410 militem,
1150 2343 1232 2400 vinci
1251 2358 1313 2402 nan

101 2426 205 2498 poterit
228 2425 329 2482 uirtus
351 2422 391 2482 ad
408 2421 562 2501 praelium
579 2433 733 2503 prompta.
781 2423 831 2484 Vel
851 2426 880 2484 si
899 2427 1031 2484 accersio
1055 2434 1123 2485 ante
1142 2443 1311 2504 praeuene-
1402 2465 1408 2480 ·

107 2507 148 2574 rit,
166 2509 234 2566 sine
253 2510 391 2586 maesnio
414 2524 476 2568 non
497 2511 559 2568 erit
577 2509 662 2587 fides,
686 2525 760 2589 quoe
781 2518 850 2568 erat
865 2508 904 2569 ad
916 2513 1100 2586 martyrium
1111 2520 1311 2589 praeparata.

109 2585 166 2649 Sine
185 2591 299 2652 damno
322 2594 467 2671 temporis
489 2610 612 2654 merces·
629 2593 726 2654 iudice
752 2593 816 2654 Deo
847 2592 1005 2663 redditar;
1043 2595 1076 2652 in
1100 2598 1311 2673 persecutione

105 2672 214 2746 militia,
251 2677 285 2734 in
310 2694 384 2754 pace
419 2680 599 2738 conscientia
633 2687 802 2739 coronatur
837 2676 929 2748 (ldem
957 2675 1078 2737 Exhort.
1106 2677 1222 2756 blartpr.
1246 2697 1311 2757 pag.

104 2759 162 2822 168.
186 2758 263 2820 lbid.
286 2777 351 2838 pag.
377 2761 469 2836 184.)Ι
505 2761 570 2821 Non
594 2760 710 2822 dilatam
733 2761 821 2840 igitur
842 2760 963 2840 putabat
983 2768 1130 2821 aeternam
1153 2769 1311 2842 martyrum

99 2841 213 2918 ponam
238 2851 270 2904 ct
290 2843 467 2906 felicitatem.
510 2843 615 2906 Nonne
644 2853 739 2906 autem
768 2847 841 2908 haec
870 2844 966 2906 adbuc
991 2844 1168 2905 delibaverat
1190 2863 1225 2906 ex
1245 2865 1310 2907 ma-

98 2927 183 3004 gistro
209 2947 267 2988 sno
291 2936 320 2989 et
340 2928 466 2990 Auctore
487 2939 591 2991 nostro
614 2929 810 3003 Tertulliano,
839 2929 888 3008 qni
911 2928 1047 2990 similiter
1067 2928 1179 2990 dixerat
1199 2939 1311 3010 marty-

97 3012 167 3073 rium
191 3031 261 3074 esse
284 3013 445 3074 secundum
465 3013 626 3094 baptisma.
660 3033 718 3098 qno
739 3021 881 3093 martyres
903 3021 980 3074 recta
1009 3013 1155 3074 ducantur
1176 3014 1213 3074 ad
1235 3013 1310 3075 divi-

96 3112 159 3158 nam
182 3093 313 3159 sedem?
354 3097 488 3158 asseruit
516 3097 593 3159 enim
615 3097 682 3159 illos
703 3098 808 3160 invicta
830 3097 969 3176 patientia
992 3105 1020 3158 et
1042 3097 1213 3159 fortitudine
1231 3117 1312 3179 pra-

96 3181 162 3242 duci
181 3183 222 3244 od
243 3185 483 3263 experimentum
504 3184 667 3262 felicitatis,
691 3183 730 3244 ad
752 3186 935 3244 occasionem
956 3183 1102 3244 secundae
1114 3186 1310 3256 intinctionis,

95 3267 131 3326 ecl
151 3271 248 3348 ipsius
278 3269 396 3328 diuinae
417 3268 493 3329 sedis
517 3269 692 3330 adscensum
720 3267 852 3342 (Tertull.
874 3266 924 3327 lib.
947 3267 984 3328 de
1005 3266 1127 3328 Patient.
1151 3285 1213 3346 cap.
1240 3269 1310 3347 13.)Ι

96 3349 188 3421 Quam
210 3369 282 3412 vero
305 3352 463 3413 secundam
485 3352 686 3414 intinctionem
710 3351 787 3424 alibi,
809 3352 850 3412 nti
873 3350 1048 3426 videbimus,
1071 3352 1232 3414 secundnm
1255 3372 1310 3415 vo·
1430 3417 1440 3428 ‚

97 3437 318 3580 ciantstlavacrum,
341 3455 399 3514 qno
423 3437 520 3498 omnia
541 3437 688 3499 donantur
709 3437 812 3499 delicta
835 3444 865 3498 et
885 3443 948 3500 tata
968 3435 1021 3498 Dei
1044 3429 1134 3516 gratia
1156 3438 1311 3500 redimitur

95 3523 104 3592 1
167 3539 261 3601 .cap.
288 3523 336 3584 16.
362 3519 423 3581 Art.
447 3523 499 3599 3.).

177 3606 213 3666 m
235 3605 314 3667 sicut
335 3604 422 3680 illius,
444 3605 484 3668 ita
507 3614 536 3666 et
556 3605 669 3667 lrenaei
691 3624 751 3667 non
774 3606 876 3666 eadem
897 3605 1012 3667 videbar
1027 3605 1121 3666 luisse
1136 3606 1171 3666 dc
1187 3605 1310 3666 aliorum

96 3686 237 3752 iustorum
268 3689 420 3751 animabus
449 3689 602 3751 sententia.
645 3690 687 3751 lle
714 3690 772 3751 illis
795 3689 902 3770 qnippe
929 3690 1068 3751 lrenacus
1090 3689 1163 3750 baec
1183 3689 1310 3750 tradidit.

97 3771 168 3834 Post
186 3776 321 3854 corporis
344 3781 485 3837 martem:
518 3775 655 3846 abibunt,
684 3775 789 3854 inquit,
819 3780 850 3835 in
871 3775 1050 3837 invisibilem
1074 3773 1178 3845 locum,
1203 3774 1311 3852 defini-

96 3865 159 3918 tum
179 3865 220 3922 eis
243 3879 262 3921 a
284 3859 347 3921 Deo
371 3869 399 3922 et
420 3862 462 3922 ibi
480 3879 573 3942 usquc
595 3861 633 3921 ad
660 3863 914 3921 resurrectionem
943 3858 1224 3929 commorabuntur,
1257 3875 1311 3918 su-

98 3947 239 4006 stinentes
264 3948 526 4016 resurrectionem,
554 3952 710 4024 postquam
732 3947 853 4005 uenient
874 3945 914 4004 ad
934 3950 1123 4023 conspectum
1145 3939 1201 4002 Dei
1221 3941 1309 4016 (lren.

98 4023 146 4085 lib.
168 4029 199 4088 V.
223 4046 287 4107 cap.
306 4031 361 4098 31.
383 4045 448 4108 pag.
472 4031 567 4106 331.).
610 4028 711 4109 Neque
732 4027 850 4100 mirum,
882 4045 1001 4106 quaeso,
1029 4024 1082 4085 tibi
1105 4025 1154 4096 sit,
1184 4025 1210 4085 si
1233 4025 1309 4086 'ler-

98 4109 230 4174 tnllianus
253 4122 366 4187 noster,
399 4113 645 4192 quemadmodum
677 4114 825 4185 Innocens,
855 4112 958 4173 incerti
986 4108 1185 4188 ancipitesque
1206 4109 1237 4170 in
1260 4129 1309 4172 as-

100 4192 244 4271 signandis
268 4197 430 4258 animarum
452 4216 575 4278 corpore
597 4199 760 4259 solntarnm
781 4196 936 4258 domiciliis
957 4195 1098 4260 haereant
1124 4212 1179 4255 nec
1206 4195 1310 4257 eodem

100 4295 211 4359 semper
242 4281 332 4344 moda
371 4283 536 4361 loquantur.
589 4281 655 4343 Non
687 4282 779 4361 magis
813 4281 921 4342 etenim
954 4287 1049 4342 certae
1082 4285 1310 4358 constantesque

102 4361 228 4434 inerunt,
264 4368 342 4428 sicut
375 4365 443 4428 alibi
470 4367 689 4440 annotavimus,
721 4367 843 4428 aliorum
869 4374 1002 4428 veterum
1023 4362 1169 4425 Ecclesiae
1191 4364 1311 4426 Petrum

100 4451 256 4512 sententiae
269 4451 428 4524 (admonit.
451 4453 482 4513 in
503 4452 553 4513 lib.
569 4452 705 4513 cimbros.
728 4451 764 4512 de
779 4450 863 4510 Bnno
877 4448 980 4510 Mortis
997 4449 1081 4510 Tam.
1097 4448 1120 4509 l.
1136 4467 1201 4528 pag.
1214 4451 1309 4526 385.).

181 4535 377 4615 Quaecunque
399 4545 495 4597 antem
517 4537 605 4598 luerit
624 4535 758 4598 Auctoris
779 4533 875 4596 nostri
898 4533 934 4595 de
949 4533 985 4595 iis
1007 4532 1118 4615 opinio,
1139 4541 1218 4595 recte
1235 4552 1308 4594 con-

106 4617 205 4696 tendit,
238 4639 303 4683 eam
323 4639 384 4683 non
411 4620 549 4684 debuisse
575 4621 658 4684 reiici
679 4641 697 4685 a
718 4619 889 4701 gentilibus,
921 4637 1047 4700 quornm
1067 4619 1170 4701 fidem,
1205 4617 1309 4698 inquit,
1341 4633 1346 4644 ·
