3122 5250
460 423 595 468 socrum
615 423 674 470 nra.
696 423 734 470 u
755 423 887 470 noum..
1213 407 1278 472 328

81 581 167 646 cotun
197 591 259 636 nou
280 573 431 653 deleudit5
462 576 870 657 interruptas-confitetur,
900 575 1058 638 dunatus
1079 577 1194 654 patius
1215 577 1280 656 apte

80 657 160 730 (idem
179 656 227 719 lib.
249 658 272 719 l.
294 659 331 720 ad
351 658 416 720 Nat.
439 677 503 740 cap.
521 665 573 736 1.).
606 659 761 722 Neminem
782 660 870 740 igitur
889 659 1057 742 poutitslsat
1077 678 1110 721 se
1131 659 1278 725 Christia-

80 759 140 803 ιιι]
159 760 233 816 οοιο,
255 743 308 804 sed
331 756 425 815 retro,
452 745 517 806 siro
535 744 624 806 citius
646 753 676 808 st
697 755 792 819 autea,
821 763 882 806 nou
903 745 997 807 luisse
1019 763 1052 806 ac
1073 761 1190 806 summo
1210 745 1277 825 pti-

79 825 209 888 stioorum
231 827 404 890 delictorum
438 829 469 890 in
490 829 575 890 tetris
596 829 777 892 idololatriae
798 829 929 892 tenebris
956 829 1154 892 admissorum
1172 828 1279 892 dolore

79 911 251 974 elidebatur.
295 912 450 974 Praeterea
481 917 511 976 si
531 914 692 978 ductetur
711 914 748 976 ab
769 913 868 994 aliquo
887 933 923 976 ιο
945 913 1133 976 christianam
1153 913 1277 992 religio-

77 1013 135 1056 nem
160 997 291 1076 profiteri
312 997 474 1060 etidcirco
495 997 621 1062 trabitur
641 999 678 1060 ad
699 998 828 1062 iudicum
848 999 1013 1072 tribunalis,
1041 1017 1103 1062 uota
1126 999 1277 1078 defendi:

78 1084 102 1140 ri
117 1093 284 1164 comatur,
307 1082 334 1143 si
353 1081 561 1162 interrogatur,
581 1101 643 1144 non
664 1083 786 1158 resistit,
808 1103 870 1144 non
891 1083 1065 1155 dissimulat,
1091 1101 1152 1144 non
1178 1089 1278 1162 negat,

77 1163 122 1224 sad
142 1165 215 1226 ultro
238 1173 269 1228 ot
288 1166 427 1246 gloriam,
451 1167 614 1248 confitetur
634 1167 727 1243 (Idem
740 1168 895 1248 dpoloqot.
909 1187 973 1248 asp.
989 1171 1063 1245 ld),
1085 1185 1120 1228 ac
1132 1167 1277 1246 Lyuuqo,

76 1247 106 1308 de
125 1267 178 1329 qao
199 1269 257 1312 nos
279 1259 381 1331 postea
402 1269 469 1314 cum
491 1251 671 1314 'lerodliano
704 1253 836 1315 dicemus
869 1253 959 1327 (tona
980 1271 1043 1332 cap.
1067 1255 1116 1316 1e.
1138 1251 1200 1314 nrt
1222 1254 1276 1330 3.),

75 1331 149 1412 lange
168 1334 285 1408 tortior,
308 1337 466 1398 dunnctus
487 1341 603 1417 prutioe
618 1341 689 1418 opit.
719 1336 1103 1418 Qeraproptsrtpoloqetico
1118 1355 1172 1398 suo
1188 1335 1278 1398 hem

75 1415 114 1478 his
132 1419 228 1480 verbis
250 1419 390 1500 imponit:
427 1421 590 1484 Senterctia's
618 1426 738 1499 uestris,
768 1422 886 1496 ethnici,
911 1427 1027 1504 prunus
1049 1424 1175 1500 ιοὺοιιι.
1218 1420 1279 1484 Cur

75 1500 157 1580 erqo?
199 1503 287 1578 Quia,
310 1521 377 1566 cum
399 1505 579 1568 damnamur
600 1525 619 1568 α
639 1506 782 1578 cobis‚.u
802 1507 865 1569 lieo
888 1506 1075 1570 absolvimur
1091 1503 1277 1578 (Tertulliau.

74 1583 299 1668 lpoloqet..cap.
320 1593 397 1664 bbb·
439 1589 574 1653 Eundem
600 1590 687 1670 plane
713 1591 744 1652 ln
771 1591 892 1652 modum
919 1591 1038 1665 Lucius,
1070 1597 1146 1652 teste
1173 1597 1278 1652 succo

75 1668 182 1747 lustino,
210 1674 321 1754 gratias
350 1673 469 1748 Urbico,
500 1675 549 1754 qui
580 1674 662 1737 illurn
690 1675 942 1749 condemnaverat,
971 1674 1086 1736 retulit:
1123 1667 1200 1738 est
1219 1673 1277 1742 sat

71 1749 153 1852 χιξριν
179 1754 304 1822 εἰδέναι
332 1751 494 1842 ῶμολόγοι
520 1759 675 1862 πονηρῶν
702 1757 875 1824 δεσποτῶν
901 1754 1147 1823 τῶντοιούτων
1168 1749 1278 1843 eirrql-

74 1835 191 1918 λοχθαι,
215 1839 385 1926 γινώσκων
405 1843 461 1907 καὶ
482 1841 568 1926 πρὸς
587 1863 645 1907 ιον
655 1846 791 1928 Πατέρα
811 1844 865 1908 atui
887 1841 1027 1928 βασιλέα
1047 1843 1113 1907 τῶν
1128 1834 1277 1926 οὐρανῶν

73 1922 285 2006 autberum:
314 1927 353 1989 lli
371 1929 486 2010 quidem
507 1947 539 1991 ιι
559 1934 690 2010 pretium
710 1929 763 1992 ille
785 1931 889 1993 debere
900 1930 1064 2010 professor
1078 1939 1133 2005 ut,
1154 1927 1279 1992 οιιῶιι

73 2015 166 2090 quippe
191 2014 321 2077 domicia
350 2031 381 2075 se
408 2013 538 2076 liberari
561 2026 592 2077 et
618 2015 657 2076 od
677 2014 773 2077 om
794 2014 916 2076 Putrem
943 2025 972 2078 et
997 2032 1095 2093 repens
1122 2013 1278 2076 caelorum

74 2099 194 2158 transire
224 2097 342 2173 (lustin.
363 2097 486 2178 Apolog.
508 2097 545 2160 ll.
567 2097 604 2160 ad
625 2098 724 2161 Senat„
746 2117 811 2178 paq.
833 2101 909 2174 43.).
952 2098 1011 2160 Sed
1033 2098 1073 2171 id,
1105 2098 1132 2160 si
1153 2115 1278 2160 ueoesso

74 2189 147 2254 ussa,
167 2181 294 2244 infinitis
315 2183 530 2261 propemodum
552 2181 693 2262 exemplis
714 2183 798 2245 facile
818 2191 923 2263 posset
943 2182 1139 2262 comprobari.

142 2263 207 2328 Non
236 2266 346 2328 mirum
374 2267 482 2346 itaque,
511 2266 536 2327 si
564 2285 622 2346 quo
643 2267 748 2332 maiori
770 2268 940 2330 crudelitato
962 2267 1071 2329 ethnici
1092 2265 1276 2330 Christianos

72 2343 153 2420 patio
174 2350 374 2424 temerabunt,
396 2371 433 2412 eo
455 2351 555 2430 plures
578 2369 614 2412 en
636 2370 739 2413 eorum
762 2353 914 2432 sanguine,
937 2351 1021 2431 quasi
1042 2350 1276 2412 loeumdissimo

73 2431 181 2508 semine,
202 2435 388 2497 oriebantur.
432 2436 492 2498 Sed
513 2436 591 2509 audi,
612 2436 748 2503 obsecro.
769 2438 926 2500 Auctorem
946 2443 1092 2508 nostrum,
1121 2435 1171 2514 qui
1192 2435 1277 2497 hisco

73 2515 178 2580 ollem
201 2520 303 2582 verbis
324 2520 469 2600 ipsosmet
489 2521 623 2582 ethnicos
644 2521 817 2600 alloquutur:
840 2520 1205 2602 Necquidquomproficit
1219 2537 1278 2582 carr·-¹

71 2604 194 2676 patruus
216 2623 350 2688 quaeque
374 2605 537 2668 crudelitas
557 2617 669 2678 uestro,
691 2605 832 2668 illecebra
853 2617 899 2668 eat
917 2608 1011 2685 mup'a
1026 2615 1131 2668 ιιοιοι.
1161 2603 1275 2680 Plures

71 2683 215 2764 bibuntur,
239 2694 356 2772 qswties
379 2696 519 2752 metemur
539 2707 559 2750 σ
580 2689 674 2753 cobis.
715 2689 819 2751 Seuere
832 2703 878 2754 est
891 2694 1013 2770 sanquis
1031 2689 1277 2750 Christianorum

71 2767 238 2835 ttuuttisn.
260 2773 415 2853 apologet
438 2793 501 2853 cap.
524 2776 598 2852 bb).
640 2773 715 2834 Alibi
736 2793 823 2835 roro:
849 2774 909 2836 Nec
931 2774 1054 2855 deficiet,
1076 2771 1181 2850 inquit,
1204 2771 1277 2833 boec

71 2863 160 3002 pigram
174 2877 266 2939 quom
295 2869 367 2921 tuuc
394 2859 553 2941 aedificari
576 2862 664 2930 ιαὀι,
696 2877 763 2920 curu
791 2859 874 2921 coedi
898 2858 1018 2920 udatur
1050 2856 1143 2930 (Idem
1162 2854 1213 2916 lib.
1236 2855 1274 2918 ad

115 2957 132 3018 p
162 2943 224 3004 .in
246 2944 340 3017 fine).

141 3025 219 3098 Quin
242 3027 332 3089 etiam
346 3027 373 3088 is
387 3027 453 3106 ipse
467 3035 627 3106 martpmm
642 3026 775 3106 sanguis,
797 3032 856 3086 um
870 3025 939 3087 torti
956 3023 1160 3103 constantique
1174 3025 1273 3084 auium

71 3107 178 3185 effusus,
200 3129 308 3174 omnes
330 3130 457 3190 prorsus
478 3111 602 3190 gentilos
623 3111 686 3172 sire
707 3109 901 3190 philosophos
922 3109 984 3172 sire
1008 3108 1093 3182 alios,
1115 3107 1165 3188 qui
1179 3125 1278 3188 quos·.

71 3188 125 3252 dam
148 3194 184 3257 ad
212 3195 401 3258 tolerantiam
428 3194 542 3258 doloris
569 3204 600 3257 et
620 3195 724 3257 mortis
746 3201 945 3274 contemptum
966 3193 1075 3255 hortati
1097 3199 1178 3267 sunu
1206 3192 1272 3254 elo-
1405 3217 1408 3232 ¹

71 3278 174 3350 nentia
194 3280 466 3361 longe-superavit.
510 3279 583 3342 Nam
604 3279 789 3359 eloquentior
809 3279 863 3341 luit
883 3277 1024 3341 Cicerone
1046 3278 1076 3340 io
1087 3276 1272 3351 Tusculanis,

72 3357 135 3421 sicut
158 3363 199 3425 ait
220 3365 422 3427 Tertullianus
450 3364 541 3440 (ldcm
563 3365 714 3444 apologet
735 3365 792 3426 loc.
815 3364 885 3440 cit).
929 3364 1038 3424 Harum
1061 3370 1158 3424 autem
1179 3380 1271 3441 quae-

72 3443 186 3510 stionum
217 3451 296 3512 liber
319 3453 450 3530 prinus,
473 3459 511 3512 ut
537 3449 671 3512 ciusdem
693 3449 845 3515 Ciceronis
868 3447 965 3512 verbis
987 3457 1112 3522 utamur,
1140 3448 1176 3509 de
1198 3465 1273 3510 cou-

72 3535 212 3597 tenncudo
233 3546 341 3605 morte,
364 3533 511 3596 secundm
528 3535 563 3597 de
577 3534 734 3597 tokroudo
749 3533 863 3605 dolore,
887 3534 921 3595 ds
936 3533 1121 3613 oepritudaise
1136 3531 1273 3596 huiutdu

73 3618 174 3690 tertius,
197 3631 332 3700 quartus
356 3621 390 3681 de
410 3619 535 3700 reliquis
549 3622 643 3680 οιιοιι·
651 3617 943 3700 perturbationibus,
965 3620 1087 3698 quintus
1111 3658 1270 3676 .......

73 3695 141 3761 docet
161 3705 201 3768 od
223 3705 308 3766 beate
329 3704 489 3766 uiuendum
510 3707 653 3766 uirtutem
675 3722 706 3765 se
727 3707 795 3786 ipsc
816 3721 880 3765 ease
903 3712 1071 3765 contentam
1092 3698 1196 3776 (Cicer.
1219 3696 1270 3758 lib.

73 3775 102 3838 ll·
120 3783 153 3846 dc
172 3786 269 3849 Diria.
293 3807 322 3868 p.
345 3789 417 3852 248.
439 3787 490 3849 lin.
515 3791 554 3852 14
571 3791 716 3866 etsequ.
745 3787 910 3848 Fecundior
932 3786 1019 3847 etiam
1040 3785 1088 3846 ille
1110 3789 1271 3862 martyrum

73 3871 174 3944 sanguis
207 3873 266 3935 luit
294 3873 407 3935 Seneca
438 3873 469 3933 in
497 3871 648 3943 Feretrius,
678 3889 751 3949 qaas
779 3871 847 3932 alibi
869 3869 1020 3950 deperdita
1051 3867 1216 3942 (dissertat.
1239 3865 1271 3926 in

75 3943 183 4017 ledam.
199 3975 266 4038 cap.
281 3961 330 4022 to.
345 3957 462 4034 tros)
483 3965 513 4018 et
534 3975 550 4018 a
571 3955 722 4018 Lactantio
743 3954 829 4016 citata
850 3953 1105 4016 animadvertimus
1128 3949 1270 4026 (Lactaut.

74 4027 432 4104 lutulentorum
463 4059 526 4122 cap·
550 4043 624 4118 13.).
665 4039 699 4100 lo
727 4039 784 4100 hoc
810 4047 908 4101 autam
935 4038 1011 4100 libro
1039 4036 1075 4097 de
1102 4041 1271 4113 cmteuptu

76 4123 162 4182 ¹¹¹⁰on
183 4126 394 4206 disputaverat
437 4125 585 4187 lbisertior
605 4141 723 4204 quoqne
742 4124 797 4185 luit
816 4123 865 4185 ille
883 4123 1005 4202 sanguis
1024 4119 1164 4199 Diogene,
1191 4117 1272 4181 baud

74 4197 146 4294 ‘lille
164 4208 286 4290 Cynico,
313 4229 400 4290 οιιοσι
427 4211 554 4290 ipsemet
574 4207 770 4271 Tertullianus
795 4207 856 4270 alio
878 4206 909 4268 in
929 4206 1005 4268 libro
1027 4204 1074 4266 uia
1096 4202 1193 4266 vorbis
1211 4204 1269 4264 de.

75 4300 167 4363 stittet:
201 4297 362 4379 Affectan'o
396 4296 528 4358 burano
562 4297 686 4356 ισιιιιιοι
719 4295 958 4376 οιοαοαίοιίιοιιι
985 4299 1110 4370 stapam
1134 4288 1271 4368 somate

76 4366 241 4441 tlouttian.
264 4379 314 4441 lib.
337 4380 374 4442 de
394 4380 520 4442 Pudeat.
547 4397 610 4459 cap.
633 4381 687 4455 2.).
731 4377 783 4438 llle
813 4385 926 4450 anum,
958 4382 1034 4436 teate
1064 4373 1199 4448 Laertio,
1231 4372 1270 4434 ad

76 4449 190 4544 lssmm
221 4463 466 4527 tolerantiam-se
492 4464 590 4544 ipsum
617 4461 698 4524 omni
724 4481 761 4524 ex
786 4467 869 4542 parte
909 4458 1061 4524 exorcebat
1092 4457 1270 4538 scripsitque

78 4531 163 4606 llum
190 4549 229 4610 de
256 4557 362 4623 morto,
390 4568 447 4630 quo
477 4547 514 4610 ad
540 4565 605 4612 eam
628 4547 779 4627 prtisntor
806 4543 956 4607 temndam
982 4543 1055 4605 alios
1076 4541 1268 4623 proculdubio

78 4617 230 4696 tuom
267 4634 374 4712 <auu
400 4635 451 4698 nu
473 4633 520 4694 n.
548 4631 580 4694 n
607 4633 672 4695 vau
690 4631 813 4711 osagen.
841 4633 871 4708 a.
893 4631 933 4694 ss
957 4637 986 4692 u
1007 4631 1082 4704 sot.
1122 4627 1168 4690 aa
1194 4627 1278 4690 unu.

513 4761 516 4770 .
1012 4723 1070 4781 pls
