3078 5248
406 407 579 454 anrssssnrr
602 408 730 455 sosors.
753 409 934 456 merassas.
1219 395 1292 489 tlt*

64 564 260 638 negaverant,
292 558 524 636 reprehensione
557 559 663 640 dignos
695 567 884 624 censuerunt
927 559 970 625 Eu
1003 560 1058 622 hac
1088 560 1283 641 perversitate

65 643 234 706 studiorum
255 649 286 704 et
306 641 508 716 consiliorum,
541 645 649 723 quibus
671 643 845 706 delensoras
867 645 908 706 illi
930 645 967 708 ad
989 645 1172 711 excusandos
1194 645 1281 708 Mon-

65 729 191 790 tanistas
214 727 441 806 desponderunt,
462 725 546 790 sutile
567 729 687 807 patebit,
710 729 802 792 scmd
824 728 946 792 sublatis
968 729 1075 809 quibus
1097 737 1207 792 temere
1232 731 1282 792 ni·-

64 821 169 874 tuntur
195 812 403 886 fundamentis,
431 811 521 874 multa
543 813 609 876 sine
630 827 735 892 magno
757 814 882 896 nepotio¹
899 814 1015 894 dispelli
1036 833 1135 893 posse,
1163 823 1196 876 nt
1216 815 1281 878 dis·
1320 863 1326 876 ,

61 896 141 976 pulit
174 896 262 958 edam
299 896 425 975 plurius
460 897 661 962 Heiuecciusf.
718 897 795 972 Nos,
834 908 867 960 ut
898 899 1042 974 diximus,
1079 919 1095 960 a
1125 899 1282 995 pingendis

62 979 255 1043 blontanistis
281 991 404 1060 propter
431 999 575 1044 summam
603 984 634 1046 in
661 981 803 1062 eligendis
825 984 962 1062 genuinus
984 984 1133 1046 coloribus
1154 983 1281 1046 difficrd-

62 1073 155 1128 tatem
183 1065 356 1128 cohibemus
384 1084 513 1128 manum.
554 1067 739 1130 difficultatis
768 1077 867 1130 autern
893 1068 1011 1148 plenum
1044 1087 1119 1148 opus
1142 1087 1209 1130 csse
1229 1068 1281 1142 illi,

61 1152 115 1230 qui
131 1151 402 1214 ltlontanisticanrm
423 1149 615 1214 historiarum
636 1159 773 1216 auctores
794 1171 955 1232 eorumque
976 1154 1065 1214 tidem
1093 1161 1121 1214 et
1146 1152 1282 1232 peritiam

60 1236 100 1296 ad
124 1253 246 1296 emman
268 1236 456 1309 revocabunt,
478 1255 514 1298 ox
536 1237 676 1300 orientur.
705 1237 806 1317 Neque
829 1237 908 1300 enim
922 1239 1102 1300 monendum
1117 1257 1185 1302 osse
1199 1246 1281 1317 puto,

60 1319 216 1381 Panasuii
237 1328 267 1382 et
286 1320 442 1400 Epiphanii
463 1339 500 1382 su
574 1330 632 1384 tam
653 1324 855 1384 auctoritatem
878 1322 953 1386 malo
974 1331 1070 1386 tutum
1092 1323 1148 1385 iter
1162 1323 1282 1402 praebi-

60 1413 160 1466 turam
182 1423 261 1466 osse.
289 1405 332 1466 Ne
353 1404 564 1484 Hieronymum
585 1407 703 1486 quidem
724 1415 755 1468 et
773 1408 970 1486 Augustiuum
992 1417 1022 1470 at
1041 1415 1142 1492 patres
1164 1416 1281 1470 ceteros

60 1489 101 1550 ab
125 1496 218 1552 aetate
239 1489 369 1550 Montani
391 1489 539 1568 aliquanto
559 1491 735 1553 remotiores
749 1500 841 1554 testes
856 1511 959 1554 secure
974 1491 1104 1564 citarem,
1126 1491 1183 1554 nisi
1198 1492 1282 1572 prius

61 1574 267 1652 antiquiorum
295 1581 459 1646 auctorum,
488 1594 524 1636 ex
545 1575 652 1654 quibus
673 1577 704 1638 bi
725 1594 779 1638 sua
799 1577 1038 1656 depromserunt,
1066 1577 1155 1640 [idem
1175 1577 1280 1656 explo-

60 1657 200 1720 raverim.
245 1658 377 1720 Servavit
404 1659 484 1720 enim
505 1659 650 1724 Eusebius
678 1662 839 1740 fragmenta
861 1661 1129 1724 robustissimorum
1151 1661 1280 1741 scripto·
1347 1663 1353 1674 “

60 1761 132 1804 rum
165 1743 202 1804 de
232 1743 439 1817 llontonismo,
471 1745 522 1822 qui
542 1745 673 1808 Montani
700 1753 825 1808 aetatem
852 1746 1011 1825 attiqomut
1033 1753 1074 1819 ct,
1105 1746 1164 1808 nisi
1186 1746 1302 1820 lallor,¹

63 1827 173 1890 ceteris
195 1827 331 1890 omnibus
352 1827 383 1890 in
404 1829 671 1892 commemorandis
692 1829 779 1892 buius
802 1837 899 1894 sectae
920 1831 1052 1892 doctrina
1067 1839 1097 1892 et
1110 1829 1177 1892 latis
1191 1849 1280 1908 prae-

65 1912 166 1974 eundo
195 1912 340 1974 scribendi
367 1913 519 1974 materiam
547 1914 756 1993 praebuerunt
800 1914 883 1987 Quae
909 1924 1099 1978 monumenta
1127 1915 1153 1976 si
1175 1914 1283 1978 dubiae

63 1996 137 2058 fidei
164 2003 234 2058 suut
259 2007 288 2058 et
315 1998 483 2077 suspicione
504 2017 565 2060 non
588 2017 645 2062 una
666 2007 850 2078 premuntur,
878 1999 947 2080 quid
969 2001 999 2061 in
1020 1999 1143 2062 historia
1162 2000 1280 2062 Monta-

63 2079 156 2142 nismi
177 2080 263 2142 nobis
284 2081 510 2161 pollicebimur?
538 2091 589 2144 aut
608 2083 678 2162 quid
700 2084 737 2146 de
757 2084 894 2148 laticibus
914 2083 1110 2164 sperabimus,
1137 2084 1162 2146 si
1184 2084 1280 2146 lontos

58 2166 161 2226 etiarn*
181 2166 315 2228 nonnihil
344 2167 476 2230 sordium
496 2167 629 2230 vehunt?
673 2168 768 2241 Quam
789 2169 889 2232 multis
911 2187 980 2230 raro
1002 2169 1075 2230 locis
1099 2169 1186 2230 ctiam
1203 2161 1282 2230 'haee
1401 2204 1409 2216 ·

62 2250 224 2312 auctoritas
253 2251 348 2330 prisca
369 2252 490 2321 vacillet.
518 2253 619 2332 paucis
641 2254 845 2328 ostendemus,
876 2255 993 2333 quando
1026 2253 1109 2332 prius
1141 2253 1178 2315 de
1205 2251 1280 2331 ipsis

61 2335 235 2396 auctoribus
265 2336 408 2415 quaedam
437 2337 607 2400 dixerimus.
659 2337 831 2402 Eusebiusk
863 2339 894 2400 in
925 2338 1117 2400 describenda
1149 2335 1280 2398 lloutani

62 2431 144 2482 secta
163 2427 286 2490 auctore
308 2438 453 2500 anonymo
476 2422 575 2494 utitur,
599 2441 636 2484 ex
657 2424 740 2485 cuius
760 2423 845 2487 libris
865 2422 961 2485 tribus
982 2433 1085 2486 contra
1104 2421 1183 2483 illam
1206 2422 1278 2482 bae-

62 2505 145 2566 resin
168 2504 288 2584 scriptis
310 2507 451 2584 quaedem
472 2508 632 2584 fragmenta
655 2509 780 2570 servavit
800 2517 830 2570 et
851 2507 942 2586 operi
957 2527 1012 2570 suo
1033 2507 1166 2569 intexuit.
1195 2506 1281 2568 llunc

64 2589 241 2669 scriptorem
268 2589 469 2663 Heineccius¹,
499 2591 735 2654 Tfflemonnusa
751 2602 795 2654 et
820 2592 951 2671 plerique
973 2591 1168 2654 recentiorum
1189 2589 1277 2652 Aste-

62 2674 141 2736 rium
163 2674 311 2738 Urbanem
332 2674 424 2737 luisse
445 2683 558 2755 putant,
579 2676 825 2756 psrurnprovide,
847 2695 914 2738 meo
926 2676 1043 2754 quidem
1065 2683 1103 2747 et,
1119 2681 1152 2736 ut
1162 2671 1285 2751 opinor,

63 2758 197 2820 omnium
229 2758 279 2837 qui
300 2759 421 2822 Eusebii
443 2759 530 2822 rerba
552 2759 715 2824 studiosius
736 2761 928 2840 inspexerint,
950 2759 1068 2820 iudicio.
1101 2758 1202 2819 Refert
1215 2758 1277 2820 Eu-

62 2843 178 2916 sebius,
205 2843 416 2923 Apollinarium
443 2843 698 2924 Hieropolitanum
724 2853 826 2906 contra
847 2844 1039 2906 llontanistss
1068 2841 1227 2920 scripsisse
1249 2849 1280 2903 et

64 2947 131 2990 cum
153 2946 189 2990 eo
210 2927 311 3006 plures
332 2929 411 2990 viros
434 2930 538 2990 doctos
560 2927 708 3004 [πλειους
728 2929 794 2992 τῶν
816 2927 935 3011 λογίων
952 2919 1101 3009 ἀνδρῶν),
1124 2924 1278 3002 exquibus

64 3011 171 3089 aliquis
193 3013 270 3085 (τῶν
292 3009 321 3076 s'
362 3015 467 3093 μένων
488 3017 551 3088 τις)
573 3032 657 3076 susm
679 3033 746 3076 cum
764 3013 848 3074 noris
863 3011 1015 3092 prophetis
1029 3009 1157 3072 habitam
1172 3009 1278 3090 dispu-

65 3096 207 3158 tationem
234 3097 328 3160 tribns
359 3098 433 3160 ibris
456 3098 625 3177 complexus
648 3099 696 3160 sit
740 3097 792 3160 llle
813 3098 903 3176 igitur
924 3095 1041 3176 quidem
1063 3105 1127 3156 non
1142 3095 1277 3158 Asterius

64 3179 201 3242 Urbanus
223 3181 258 3243 ab
280 3182 409 3244 Eusebio
430 3181 538 3245 dicitur
558 3201 614 3244 nec
634 3183 728 3245 luisse
749 3190 857 3262 potest,
889 3189 923 3256 ut
944 3199 979 3241 ax
999 3179 1073 3258 ipsis
1094 3180 1277 3259 fragmentis,
1306 3225 1311 3234 .

64 3264 91 3326 si
115 3265 231 3327 curiose
252 3267 395 3346 legantur,
418 3275 548 3347 apparet
577 3267 686 3347 Allegat
701 3267 781 3329 enirn
796 3284 958 3344 anonymus
972 3265 1037 3344 ipse
1051 3263 1158 3326 librum
1171 3264 1278 3326 leterii

65 3349 174 3410 Urbani
202 3350 323 3430 suisque
356 3371 389 3413 se
411 3351 509 3414 verbis
531 3360 561 3415 ot
582 3352 803 3431 allegationibus
825 3351 897 3413 satis
920 3347 955 3412 ab
976 3348 1093 3410 Asterio
1115 3347 1295 3428 distinguit¹

63 3434 171 3496 Fraudi
193 3454 262 3498 vero
284 3436 423 3498 rorussis
445 3436 620 3516 quibusdam
641 3437 705 3510 luit,
727 3437 806 3516 quod
828 3436 900 3496 haec
921 3433 1009 3496 rerba
1024 3433 1277 3496 credideriutEu-

65 3519 139 3582 sebii
162 3539 240 3595 esse,
260 3539 326 3582 cum
348 3521 408 3582 sint
429 3521 576 3601 anonymi,
600 3530 629 3584 et
648 3522 794 3584 Asterium
816 3519 965 3582 Urbanrun
986 3518 1022 3582 ab
1043 3518 1172 3581 Eusebio
1195 3519 1285 3582 citari·

62 3605 238 3684 putaverint,
266 3624 333 3668 cum
361 3606 397 3668 ab
424 3625 569 3686 anonymo
591 3617 628 3678 et,
658 3607 738 3687 quod
756 3606 957 3684 consequitur,
990 3621 1056 3665 cum
1077 3603 1193 3665 asterio
1216 3621 1279 3664 non

63 3690 272 3752 confundendo
299 3690 384 3752 citato
412 3690 481 3753 sint
523 3691 613 3763 litor,
643 3691 725 3752 ossius
758 3692 917 3768 fragmenta
938 3688 1082 3767 quaedam
1103 3686 1277 3748 Euselrius¹

1 3843 2 3850 ,
63 3774 199 3846 servarit,
219 3774 393 3853 Apollonius
415 3783 470 3847 est,
493 3775 529 3836 de
551 3793 609 3852 qno
631 3775 703 3835 mihi
724 3775 830 3836 iterum
853 3773 999 3836 sententia
1021 3772 1204 3850 quorundam
1226 3787 1277 3830 re-

1 3921 2 3924 ,
63 3858 238 3930 contionum,
265 3859 316 3938 qui
342 3879 409 3922 cum
430 3860 568 3926 Montano
595 3857 660 3918 viro
683 3877 718 3920 ac
738 3858 897 3938 superstite
919 3855 1079 3938 scripsisse
1099 3853 1279 3933 perhibent⁰

1 3939 2 3944 ’
65 3951 202 4021 suspecta
222 3941 347 4005 viderur.
384 3944 585 4022 llieronymus
606 3943 694 4014 euim,
718 3943 768 4022 qui
788 3942 935 4021 Apollonii
954 3941 1061 4004 librum
1083 3939 1147 4017 ipse
1169 3946 1278 4012 uada-

1 4021 2 4110 ]
66 4025 115 4098 rit,
139 4045 175 4088 ex
196 4046 232 4088 eo
254 4029 373 4102 rolcrtr,
396 4028 565 4090 llontanum
587 4035 616 4089 et
636 4027 822 4088 mulierculas
834 4035 913 4088 vates
928 4026 1016 4088 vitam
1031 4020 1193 4102 suspendio
1209 4022 1277 4084 lini-
1321 4087 1326 4094 ,

1 4121 3 4128 ’
65 4110 153 4171 risse.
179 4110 314 4182 llaemde
336 4112 504 4175 auctoribus
525 4111 610 4190 ipsis,
633 4129 807 4191 quamquam
828 4111 911 4183 levia,
933 4129 1003 4171 cnra
1018 4115 1114 4168 tamen
1130 4116 1160 4167 et
1174 4125 1279 4168 emen-

98 4300 114 4348 i.
133 4297 248 4349 lollicb.
263 4299 403 4350 lisineecius
421 4300 526 4361 Prulnng
544 4299 587 4349 der
604 4313 646 4348 so·
731 4309 762 4346 m.
787 4295 923 4346 'lillemont
950 4295 1076 4344 liemoires
1095 4307 1155 4356 pour
1172 4295 1278 4344 sarriri
1350 4299 1359 4316 ‘

1 4365 3 4455 ἰ
64 4375 199 4428 genanuten
224 4381 301 4418 neuen
330 4368 464 4431 Propbetcu
491 4381 542 4431 cap.
560 4368 596 4417 vt.
621 4363 646 4430 fi.
697 4365 814 4414 l'bistoiro
838 4364 924 4414 aceles.
949 4363 1018 4414 Tem.
1037 4361 1066 4411 ll.
1093 4361 1117 4410 Ρ.
1136 4358 1177 4410 lll.
1201 4377 1226 4427 p.
1244 4361 1278 4413 69

66 4433 225 4554 affigens.
244 4502 336 4552 Eccles.
356 4501 444 4552 llistor.
463 4502 514 4552 lib.
532 4502 555 4550 V.
576 4517 646 4566 capp.
697 4448 753 4549 Ἤ..
772 4497 859 4548 Enseb.
879 4497 918 4547 cit.
936 4496 990 4546 loco
1009 4511 1061 4560 cap.
1081 4495 1119 4546 18.

66 4569 97 4622 tt
114 4580 136 4620 et
157 4571 196 4620 l'l.
731 4583 754 4617 o.
772 4566 908 4615 'lillcmont
927 4565 966 4614 cit.
986 4565 1039 4614 loco
1060 4579 1083 4627 p.
1101 4563 1141 4614 68.

98 4637 115 4686 l.
133 4639 244 4690 lleinecc.
263 4638 301 4690 cit.
319 4637 382 4688 loco.
478 4681 480 4688 ,
730 4650 754 4700 p.
773 4633 908 4697 llisronynr.
923 4631 960 4687 tte
978 4633 1023 4684 lir.
1042 4633 1131 4748 llssnstr.
1150 4647 1201 4695 cap.
1220 4631 1260 4682 lli.

1022 4715 1054 4766 33
