3132 5238
240 357 283 424 60
468 373 659 420 orssnnrrrro
681 375 935 420 oneresrumunr
955 375 1021 418 vrrr
1043 375 1081 418 sr
1104 373 1235 418 scnrrrrs

241 527 272 588 in
293 524 603 591 tainaovemoanus
633 525 670 588 sd
697 523 856 588 Eusebium
878 524 940 586 udt
959 524 1038 586 huns
1058 523 1186 588 libellum
1210 525 1246 586 de
1267 523 1358 586 Pallio
1381 523 1461 585 Ter·
1480 519 1488 530 “

241 611 354 676 tulliani
376 627 499 689 openrm
521 609 612 672 luisse
633 609 795 689 primitias,
817 609 928 672 scilieet
942 609 1163 682 Tertullianm
1186 609 1237 688 rpri
1260 617 1462 688 togatuserat,

242 715 317 794 opus
339 695 478 760 babuisse
498 694 586 773 pollio
608 695 738 774 priorem
759 694 890 792 habitum
911 702 1035 790 mutare,
1057 703 1148 758 uteo
1169 693 1460 790 pmdtereturcbri-
1559 741 1560 746 1

242 791 385 854 martum,
413 787 570 858 propterea
597 779 676 858 quod
701 797 856 859 proprmm
878 779 1110 842 Christianorum
1132 787 1213 868 esset
1233 778 1367 859 patirum,
1396 797 1460 840 non
1559 807 1560 834 i

242 867 340 930 minus
361 879 449 944 qum
471 863 660 926 Graooorum.

327 951 445 1029 Optime
466 949 593 1012 Baronio
622 948 778 1028 prob'stum
807 956 852 1012 est
872 949 908 1010 ad
930 966 1038 1010 annum
1060 947 1194 1010 cxcvtr.
1215 949 1246 1026 δ.
1273 950 1320 1013 19.
1344 956 1460 1028 etseq.
1557 981 1558 986 κ

242 1037 303 1102 hoe
328 1053 404 1114 opus
433 1033 654 1096 a·Tertulliano
676 1033 797 1095 nonnisi
818 1033 895 1094 eirea
915 1051 1024 1096 annum
1046 1032 1166 1096 ccvttn
1188 1033 1331 1112 scriptum
1354 1033 1459 1095 luisse.
1557 1067 1560 1104 4

241 1119 402 1184 Salmasius
424 1118 495 1180 item
517 1127 618 1180 noster
639 1118 723 1180 Notis
746 1118 781 1180 ad
802 1117 910 1180 librum
931 1118 968 1178 de
989 1116 1080 1180 Pallio
1108 1117 1208 1197 lapsos
1236 1117 1266 1180 iu
1296 1117 1459 1196 posteriori
1557 1175 1558 1178 ,

242 1205 363 1268 articulo
386 1202 546 1266 Pamelium
568 1211 597 1264 et
617 1203 798 1283 Scaligerum
819 1202 935 1264 invictis
957 1202 1136 1282 argumentis
1159 1201 1378 1264 demonstravit.

328 1289 436 1350 Verum
457 1287 485 1349 si
507 1297 566 1350 taen
588 1288 704 1350 erudito
725 1288 788 1350 viro
810 1287 1009 1350 contradicere
1030 1287 1115 1361 lieet,
1137 1305 1243 1348 seroor
1263 1286 1398 1358 multum,
1421 1305 1462 1349 ne
1553 1265 1560 1349 f

242 1375 311 1438 dum
340 1374 425 1436 firme
451 1372 558 1451 probat
584 1372 702 1451 pallium
731 1371 786 1434 bac
807 1380 899 1434 aetate
922 1391 982 1434 non
1004 1372 1097 1434 luisse
1119 1389 1304 1434 oommunem
1325 1371 1460 1456 omniurn
1551 1389 1553 1394 ·

242 1459 475 1522 Christianorum
497 1457 637 1531 habitum,
659 1457 767 1541 minori
788 1475 855 1518 urm
877 1457 991 1520 ratione
1013 1465 1126 1518 asserat
1146 1457 1265 1535 pallium
1280 1465 1351 1518 tuno
1364 1449 1459 1519 lais'se
1549 1527 1550 1532 ἵ

106 1585 107 1590 1
243 1543 380 1606 solomm.
394 1542 633 1622 presbyterorum
655 1541 816 1621 proprium,
839 1560 875 1602 ex
895 1561 954 1620 quo
970 1549 1051 1620 putat
1066 1549 1126 1602 tum
1141 1541 1269 1619 primurn
1283 1541 1315 1602 in
1330 1541 1459 1621 presby-

241 1635 372 1689 terorum
394 1626 498 1688 ordine
520 1627 663 1687 adlectum
685 1627 777 1688 luisse
792 1625 1019 1700 Tertullianum,
1042 1625 1157 1704 quando
1179 1626 1299 1705 palbum
1321 1626 1458 1704 pbiloso-

240 1711 292 1791 ptd
325 1711 504 1789 adsumpsit,
538 1720 567 1773 et
598 1712 673 1773 bano
703 1729 759 1790 pro
787 1709 875 1790 pallio
905 1711 1149 1772 declamationem
1176 1709 1357 1774 scholastioo¹
1379 1711 1457 1790 stylo
1548 1757 1555 1796 :

241 1795 401 1859 mansan.

241 1964 438 2035 destituerent,
461 1962 561 2041 quales
583 1964 702 2024 fuorunt
723 1963 773 2041 qui
794 1964 878 2042 vulgo
901 1955 1036 2044 ἀσκηταὶ
1060 1964 1129 2025 dieti
1144 1972 1223 2035 suut,
1245 1963 1323 2024 undo
1338 1964 1458 2026 tandem

323 1879 446 1942 Pallium
468 1878 585 1957 paridem
607 1878 643 1940 ab
664 1878 701 1940 iis
724 1879 773 1958 qui
795 1879 941 1942 austerius
962 1879 1038 1942 vitae
1060 1897 1152 1958 genus
1174 1829 1255 1942 iuter¹
1273 1878 1461 1940 Christianos
1557 1951 1558 1954 Ἴ

242 2057 344 2129 quomo
371 2049 492 2110 ineunte
519 2047 616 2110 seculo
638 2047 849 2110 monaolrorum
878 2065 968 2126 genus
1000 2048 1144 2127 originem
1177 2047 1293 2122 babuit,
1326 2057 1459 2110 sumtum
1547 2113 1560 2139 m

242 2134 334 2198 luisse
356 2132 497 2198 concedo.
542 2131 707 2194 Ridendum
735 2132 812 2192 euim
834 2151 868 2194 so
889 2132 1055 2212 propinavit
1077 2132 1220 2216 Georgius
1241 2133 1462 2209 Ambianensis,
1551 2203 1560 2234 ι

241 2218 290 2298 qui
311 2218 419 2280 librum
444 2217 480 2278 de
502 2216 592 2278 Pallio
620 2217 661 2278 nil
688 2216 765 2278 slisrd
793 2217 854 2278 vult
886 2235 972 2295 quam
999 2217 1154 2280 monastici
1183 2225 1275 2280 status
1304 2218 1461 2280 detonsio-

242 2319 321 2366 nem.
350 2302 458 2364 ilerum
480 2308 529 2362 aut
544 2301 715 2362 Tertulliani
736 2319 807 2362 aevo
829 2319 889 2363 non
910 2302 984 2364 alios
1006 2319 1092 2382 quam
1113 2301 1301 2382 presbyteros
1322 2321 1358 2363 ex
1369 2303 1462 2364 Chri·

242 2388 345 2454 stianis
366 2386 486 2466 pallium
508 2385 650 2460 induisse,
669 2392 722 2448 ‘aut
743 2405 794 2448 eos
817 2387 866 2465 qui
886 2387 923 2448 ad
946 2387 1108 2467 presbyteri
1130 2388 1251 2466 gradum
1266 2396 1351 2448 eram
1364 2389 1462 2450 everti

243 2489 345 2536 omnes
367 2471 485 2551 pallium
506 2469 649 2543 induisse,
671 2489 732 2532 non
753 2471 839 2532 rideo
860 2472 910 2550 qui
921 2471 1081 2534 Salmasius
1104 2471 1233 2552 potuerit
1253 2473 1460 2551 pronuntiare.
1538 2453 1555 2565 ζ

240 2556 366 2620 Polliam
398 2555 485 2634 igitar
517 2555 726 2618 saoerdotalem
758 2556 887 2617 habitam
918 2564 981 2618 tum
1008 2554 1215 2639 διηκριτικῶς
1235 2575 1251 2618 a
1274 2556 1461 2620 Tertulliano
1542 2618 1546 2630 ,

242 2659 304 2721 cap
327 2645 358 2704 4.
380 2640 467 2702 buius
489 2637 556 2700 libri
577 2659 644 2702 oum
667 2639 810 2701 Salmasio
832 2639 976 2712 arbitror,
1003 2659 1063 2702 non
1092 2641 1169 2720 quod
1192 2641 1281 2702 vestis
1303 2649 1385 2704 esset
1407 2661 1463 2704 sa-
1537 2628 1556 2739 Ξ

242 2725 392 2788 oerdotum
414 2724 543 2804 propria,
565 2725 618 2786 sed
639 2725 727 2802 prod,
750 2725 818 2786 dum
841 2743 905 2786 eam
926 2725 1072 2788 induisset
1083 2726 1281 2788 Tertullianus
1303 2726 1361 2787 iam
1383 2745 1461 2806 pre-

243 2811 351 2891 sbyter,
374 2809 562 2872 saeerdotalis
584 2809 700 2872 habitus
722 2809 827 2872 luisset
847 2811 931 2872 saeta.

223 2899 230 2916 ⁸
324 2897 418 2973 Atque
440 2893 574 2973 equidem
595 2912 656 2954 non
676 2894 762 2956 rideo
784 2893 834 2972 qui
856 2895 939 2956 aliter
960 2913 977 2956 a
999 2895 1142 2958 Salmasio
1164 2895 1230 2974 ipso
1252 2895 1373 2974 intelligi
1396 2914 1462 2974 po-

242 2979 331 3044 tuerit
351 2979 521 3058 Hieronymi
542 2979 624 3040 loous
647 2979 683 3040 de
706 2977 885 3040 Tertulliano
907 2980 1066 3042 asserentis
1088 2999 1156 3042 suna
1185 2999 1251 3041 curn
1271 2980 1311 3042 od
1330 2981 1461 3042 medinm

241 3085 334 3146 sagus
367 3075 493 3126 oetatem
521 3065 684 3144 presbyter
712 3063 859 3126 deebriat
887 3068 1117 3144 perenatasset,
1149 3064 1265 3126 inuidis
1292 3073 1396 3146 posteo
1425 3075 1461 3125 st

243 3148 428 3214 contumeliis
452 3148 630 3210 elericorum
651 3147 855 3210 Romanorum
878 3149 1070 3211 adlimam
1085 3151 1191 3228 dapnes
1206 3149 1367 3230 delapsum.
1392 3145 1460 3228 Age

242 3233 321 3296 eniin
344 3232 379 3305 si,
402 3241 434 3294 ut
454 3241 536 3310 putat
557 3232 729 3306 Salmasius,
752 3233 788 3294 de
809 3232 901 3294 Pallio
923 3232 1030 3294 librrnn
1049 3233 1144 3294 edidit
1169 3233 1364 3295 Tertullianus
1386 3251 1461 3296 eum
1533 3232 1537 3254 ¹

241 3317 300 3380 iam
322 3317 447 3378 Sevems
468 3317 616 3396 Augustus
645 3335 710 3379 mm
732 3317 847 3380 duobus
870 3317 952 3390 tiliis,
984 3317 1123 3396 Augustis
1145 3318 1269 3397 stipsis
1291 3317 1463 3397 appellatis,
1548 3317 1560 3360 :a

241 3401 354 3481 placide
376 3401 541 3480 imperaret,
563 3400 634 3476 iuro,
655 3411 688 3464 ut
707 3403 757 3477 ait,
780 3401 835 3464 sub
857 3401 946 3464 linem
966 3402 1083 3480 imperii
1097 3403 1209 3475 Severi,
1232 3410 1281 3464 aut
1295 3421 1364 3464 oum
1377 3402 1461 3464 iam-
1532 3401 1560 3462 't

241 3487 292 3548 diu
313 3487 497 3565 imperasset,
519 3487 598 3566 quod
621 3487 741 3548 omniuo
765 3503 872 3548 annum
889 3486 1007 3550 ccvut:
1030 3495 1170 3548 oonnotst
1195 3487 1282 3562 (obiit
1302 3487 1381 3550 enirn
1398 3489 1460 3550 Se-
1539 3489 1560 3534 *i

239 3590 327 3634 sorus
347 3589 425 3634 anno
446 3571 564 3634 Domini
584 3570 704 3648 (iffi),
736 3571 786 3651 qui
815 3571 880 3632 sieri
909 3579 1021 3650 potest,
1040 3579 1074 3633 ut
1099 3590 1177 3634 anno
1199 3580 1312 3634 tantum
1332 3571 1463 3635 uetur.
1533 3567 1560 3621 7²

238 3657 394 3736 presbyter
414 3658 507 3718 laetus
529 3654 583 3729 sit,
605 3657 656 3734 qui
678 3657 735 3718 iam
757 3674 834 3718 anno
849 3655 955 3718 ccvii.
978 3656 1009 3718 in
1023 3655 1108 3718 libris
1123 3657 1262 3720 adversm
1275 3657 1464 3732 Marcionem

240 3741 406 3804 Catholieos
428 3741 507 3820 grad
534 3741 737 3820 psydrioorum
759 3740 890 3804 convicio
912 3741 1118 3814 insectabatur,
1141 3750 1226 3820 atque
1248 3741 1321 3802 adeo
1343 3741 1401 3804 ism
1425 3742 1463 3804 in
1538 3738 1558 3793 ‘si

239 3827 370 3890 Montani
392 3827 497 3906 dogma
518 3827 613 3888 luerat
633 3825 785 3905 tielapsrrs,
815 3845 881 3888 oum
903 3826 985 3905 prins
1008 3845 1101 3904 usque
1124 3827 1161 3888 ad
1180 3826 1306 3888 mediam
1328 3833 1464 3890 aetatem
1536 3836 1555 3861 ⁸·

239 3911 271 3974 in
292 3911 422 3974 Ecclesia
442 3911 605 3990 presbyteri
627 3929 749 3972 munere
771 3911 895 3990 tungem
915 3909 1151 3989 permansisset?

325 3996 362 4058 tt
383 3997 455 4058 baso
474 3997 594 4058 minime
615 4003 693 4056 staro
712 4003 850 4074 possunt,
872 3995 991 4056 omnino
1014 3995 1170 4058 dicendum
1197 4002 1268 4057 tuno
1297 3993 1460 4074 presbyte-

206 4083 207 4088 ’
241 4097 344 4141 rorum
365 4095 425 4140 non
447 4082 597 4160 propriam
617 4087 729 4142 vestem
750 4079 843 4142 fuisse
862 4079 991 4158 palium
1013 4080 1084 4158 quin
1106 4099 1142 4140 eo
1158 4081 1249 4142 vestis
1264 4097 1370 4158 genere
1386 4099 1462 4144 urm

241 4163 285 4225 uti
313 4163 399 4224 vetet
421 4164 616 4227 Tertullianus
647 4164 756 4227 iamdiu
775 4164 944 4244 pressim,
972 4165 1032 4226 imo
1054 4179 1090 4226 ex
1111 4165 1258 4228 Emlesiae
1279 4164 1464 4244 presbytero
1531 4171 1560 4222 'aa

1534 4005 1560 4060 nm

1533 4079 1560 4142 rit

241 4248 418 4312 nasama
517 4269 542 4322 s,
565 4249 642 4330 apud
656 4249 742 4310 Afros
763 4267 826 4312 rem
841 4259 877 4312 ut
890 4265 994 4312 noram
1010 4267 1044 4312 ao
1056 4249 1241 4329 peregrinam
1256 4250 1346 4312 luisse
1360 4251 1461 4312 aesti-
1532 4258 1560 4322 ¹t

239 4339 357 4407 mamm,
380 4350 436 4411 qua
507 4334 562 4394 deo
583 4335 642 4395 hoo
662 4341 794 4408 trac-tatu,
817 4333 953 4395 novitatis
966 4333 1105 4396 insidiam
1119 4334 1272 4408 amariam,
1295 4334 1460 4398 defendere

1534 4353 1551 4400 i,

240 4417 329 4480 lirerit
349 4433 512 4497 aggressus.
543 4419 575 4480 ln
596 4419 673 4482 baare
693 4437 757 4480 roan
776 4427 866 4482 notus
886 4425 934 4480 est
954 4418 1077 4480 oelebris
1099 4419 1254 4480 admodum
1276 4419 1359 4480 loom
1374 4419 1457 4481 Coe·
1547 4459 1560 4496 „

239 4501 337 4566 lostini
359 4502 381 4564 l.
404 4520 496 4581 papae
517 4502 549 4564 in
569 4503 692 4582 epistola
714 4503 749 4564 ad
771 4505 929 4583 episcopos
949 4503 1117 4582 provinoiae
1131 4501 1304 4566 Viennensis
1324 4510 1355 4566 et
1375 4504 1459 4566 Nar-

239 4587 392 4654 bonensis.
431 4587 505 4650 Gum
537 4588 616 4650 enim
636 4589 830 4668 quorumdum
853 4587 1101 4668 presbyterorum,
1123 4587 1173 4667 rpri
1193 4587 1290 4652 ammi
1312 4588 1402 4668 pallio
1422 4598 1459 4652 et

1534 4519 1560 4621 b

1552 4629 1560 4673 il

1536 4699 1560 4762 ἠ
