3082 5238
199 382 203 392 ·
241 355 306 422 588
326 370 364 414 ns
378 367 453 411 rnna
465 363 579 410 asrars
593 364 629 410 uc
644 361 792 408 noemma
806 359 996 406 scrumosus
1012 359 1209 406 'turoneum
1223 359 1408 406 omrnrrrro

765 547 795 622 s.
820 543 949 606 xxxrv.

330 665 424 731 Primi
444 663 564 743 generis
585 661 666 724 haud
687 659 776 722 dubie
798 659 854 722 dici
876 667 977 740 potest
997 658 1073 721 liber
1094 659 1131 720 de
1147 658 1312 730 Orationes
1331 658 1400 738 quai,
1424 659 1481 720 nisi

247 754 435 818 vehementer
455 746 549 818 fallor,
572 745 686 824 primus
710 752 757 804 est
778 744 910 806 omnium
924 741 1099 804 Tertulliani
1116 743 1167 821 qui
1182 749 1307 808 aetatem
1332 743 1480 814 tulenmt,

246 853 411 916 magnoque
432 831 564 894 omnium
586 846 746 899 consensu,
774 827 799 888 si
821 827 858 889 ab
880 827 1058 890 Hoffmanuo
1081 826 1254 888 discesseris
1263 838 1283 898 ⁰,
1314 827 1409 888 euius
1434 829 1479 888 in-

187 965 191 970 ·
245 929 356 986 tereret
377 915 476 978 omnia
497 911 670 975 Tertulliani
692 911 801 990 scripta
822 912 859 974 ad
880 930 948 974 eum
963 909 1173 972 blootanistam
1187 911 1312 982 referre,
1334 911 1371 971 in
1394 910 1479 972 libris

247 1003 383 1070 castioris
406 998 557 1063 doctrinae
579 1003 760 1058 numeratur.
804 995 898 1074 Atque
924 995 949 1056 si
978 996 1053 1055 torte
1082 1003 1222 1074 suspecta
1249 1003 1297 1056 est
1319 993 1403 1054 [ides
1428 995 1478 1054 ffi-

245 1089 310 1152 larii
323 1082 528 1154 Pictaviensis,
547 1079 597 1160 qui
612 1079 754 1158 seriptum
765 1078 845 1140 bunc
858 1077 989 1140 libellum
1004 1086 1070 1138 aute
1085 1076 1255 1140 Tertulliani
1274 1077 1480 1140 deiectionem

245 1192 306 1235 non
330 1171 456 1234 obscure
478 1165 639 1244 significat,
661 1162 811 1226 tamenin
833 1161 908 1224 libro
936 1162 1001 1242 ipso
1033 1169 1078 1222 tot
1105 1169 1175 1223 sunt
1195 1171 1283 1222 notae
1306 1163 1478 1224 sententia-

245 1275 313 1320 rum
340 1254 523 1315 diversarum
552 1247 588 1308 ab
617 1247 665 1319 iis,
703 1265 776 1326 quas
804 1255 907 1324 postea
936 1245 968 1307 in
997 1244 1115 1323 scriptis
1145 1245 1296 1306 erroribus
1321 1245 1478 1307 blontaui-

246 1347 357 1404 starum
380 1334 496 1398 iniectis
529 1331 670 1403 defendit,
704 1340 736 1392 ut
768 1329 834 1390 libri
856 1328 944 1392 istius
967 1329 1101 1390 doctriua
1124 1329 1236 1390 nemini
1259 1330 1300 1392 sit
1321 1329 1362 1390 ad
1390 1350 1478 1410 repe-

246 1422 382 1486 riendum
410 1417 546 1488 difficilis,
580 1414 630 1494 qui
658 1429 838 1492 comparare·
858 1421 1053 1493 utrorumque
1082 1413 1244 1474 sententias
1273 1411 1358 1474 velit.
1410 1413 1480 1474 llam

248 1507 376 1586 primum
399 1510 522 1582 quantae
543 1495 608 1560 bie‘
628 1507 699 1559 sunt
720 1497 822 1558 laudes
849 1497 948 1576 operis
971 1495 1097 1558 Hermae
1126 1496 1206 1574 quod
1227 1495 1339 1558 Pastor
1364 1497 1477 1558 inscri-

246 1590 336 1664 bitur,
373 1605 438 1648 curn
469 1582 714 1645 consuetudinem
740 1579 914 1642 considendi
942 1579 1024 1642 linita
1051 1580 1186 1641 oratione
1217 1579 1424 1642 observatum
1449 1581 1480 1641 ab

247 1673 354 1736 Herma
376 1688 438 1732 nou
458 1685 559 1730 secum
586 1684 718 1746 pugnare
745 1664 886 1737 ostendit,
919 1663 998 1742 quod
1026 1663 1093 1742 sere
1120 1667 1319 1744 scripturam,
1351 1684 1403 1736 ar,
1437 1671 1480 1736 (oe

247 1755 318 1819 illud
354 1756 421 1833 sere
453 1751 568 1813 cuidam
595 1749 734 1812 invidiam
761 1757 881 1826 nostrae
909 1747 1074 1808 sententiae
1102 1755 1229 1825 moreat)
1256 1757 1372 1828 postea
1406 1755 1480 1810 rcri-

244 1851 371 1920 pturcm
406 1854 532 1916 prorsus
569 1832 719 1915 appellet?
784 1831 870 1904 Quod
911 1831 1027 1893 tametsi
1063 1850 1123 1893 noo
1157 1831 1202 1892 sic
1236 1833 1379 1909 ceperim
1420 1853 1481 1894 eum

248 1921 427 1985 Muratorioe
450 1919 584 1998 aliisque,
607 1917 691 1996 quasi
714 1915 912 1978 Tertullianus
934 1915 1061 1976 Hermae
1082 1914 1174 1977 libros
1203 1915 1318 1976 referat
1340 1915 1376 1978 in
1402 1917 1480 1978 libris

246 2007 282 2068 N.
305 2007 340 2067 T.
362 2004 511 2066 canonicis
535 2001 678 2080 (loquitur
710 1999 789 2060 enim
820 2019 855 2060 ex
883 2019 966 2061 more
996 1998 1089 2077 magis
1117 1999 1360 2085 adversariorum
1397 2020 1479 2079 quaro
1517 2053 1518 2066 ,

249 2097 334 2166 suo),
373 2097 470 2150 tamen
499 2104 560 2146 non
588 2084 751 2145 contemnit
771 2083 897 2143 Hermae
920 2083 1134 2156 auctoritatem,
1169 2083 1222 2144 sed
1243 2081 1301 2143 sibi
1329 2085 1479 2149 conciliat

240 2175 335 2250 ¹longe
359 2189 446 2232 secus
475 2178 562 2247 atque
590 2168 619 2227 in
649 2166 726 2228 libro
754 2167 791 2227 do
812 2165 955 2227 Pudicitia
982 2169 1019 2238 (o.
1045 2170 1088 2230 10.
1107 2174 1136 2227 ct
1157 2169 1232 2242 Tb),
1261 2165 1290 2226 io
1324 2186 1394 2246 quo
1426 2188 1479 2228 nou

247 2256 337 2318 modo
359 2254 486 2315 llermae
509 2253 593 2312 ellata
615 2251 759 2330 repudiat,
783 2250 836 2312 sed
859 2250 993 2330 spurium
1020 2249 1092 2311 illud
1115 2249 1252 2312 omuibus
1275 2253 1478 2313 consentien-

247 2339 326 2401 tibus
349 2337 491 2416 scripturn
514 2334 640 2413 appellet
668 2344 698 2396 et
724 2333 805 2394 illum
827 2332 1030 2396 moechorum
1041 2333 1207 2395 Pastorem.
1264 2333 1360 2406 Quod
1388 2337 1477 2396 miror

247 2428 452 2501 argumentum
474 2419 609 2478 miratum
632 2418 662 2478 in
685 2418 789 2478 dllixio
812 2417 906 2478 luisse
927 2417 1138 2498 llollmannum
1161 2416 1401 2491 existimantem,
1425 2439 1477 2480 noo

248 2505 413 2584 exagitasse
435 2501 648 2563 Tertullianum
674 2501 705 2561 in
733 2509 837 2564 nostro
867 2500 966 2564 libello
988 2501 1112 2561 Hermae
1134 2500 1289 2563 Pastorem
1315 2513 1478 2582 propterea

247 2589 326 2669 quod
348 2587 404 2650 sibi
427 2586 552 2647 Hermae
576 2585 734 2646 auctoritas
764 2603 824 2646 non
853 2591 964 2645 tantum
994 2584 1159 2646 obstitisset
1187 2603 1272 2663 quam
1305 2593 1389 2660 tum,
1418 2607 1476 2648 cum

247 2679 379 2736 exararet
396 2660 507 2732 librum
529 2669 566 2730 de
587 2667 738 2742 Pudicitia,
766 2687 856 2746 quare
878 2686 934 2729 nec
953 2668 1059 2730 luisset
1079 2687 1215 2742 necesse,
1245 2677 1279 2729 ut
1310 2670 1382 2731 eius
1413 2691 1475 2750 prc-

248 2757 321 2818 tium
350 2756 485 2816 elevaret.
528 2752 602 2814 Nam
624 2751 740 2814 etiamsi
769 2769 829 2812 noo
857 2770 1000 2830 negemus
1028 2752 1122 2831 magis
1153 2752 1354 2814 adversariam
1387 2757 1477 2816 lirisse

248 2840 373 2904 Hermae
406 2837 625 2900 auctoritatem.
643 2835 824 2898 Tertulliano
853 2833 884 2896 iu
914 2836 1003 2896 rebus
1035 2836 1083 2908 iis,
1121 2855 1243 2914 quarum
1277 2837 1403 2899 mentio
1438 2851 1476 2899 est

249 2923 354 2986 iniecta
376 2923 407 2983 in
429 2921 527 2984 libello
551 2921 587 2982 de
602 2919 755 2991 Pudicitia,
779 2919 842 2980 eius
864 2927 961 2980 tamen
984 2919 1020 2980 de
1036 2920 1144 2981 Herma
1165 2919 1305 2982 iudicium
1320 2921 1354 2981 in
1372 2933 1475 2983 nostro

247 3008 283 3068 de
306 3007 448 3070 Oratione
469 3005 545 3066 libro
568 3022 628 3064 non
652 3004 748 3065 solnm
770 3003 864 3064 multo
897 3012 944 3064 est
971 3003 1082 3074 mitius,
1112 3004 1165 3064 sed
1198 3003 1239 3066 ita
1269 3018 1476 3083 comparatum

124 3095 130 3106 '
246 3091 344 3162 etiam,
368 3097 400 3150 ut
420 3089 485 3168 ipse
497 3089 623 3149 Hermae
645 3087 847 3149 auctoritatem
870 3105 931 3147 non
954 3087 1091 3148 universe
1113 3087 1311 3149 contemsisse
1331 3091 1475 3152 rideatur.

244 3175 286 3236 Ac
306 3173 377 3238 illud
399 3175 467 3251 sere
488 3176 653 3253 scriptura,
676 3171 754 3250 quod
776 3172 834 3232 vim
856 3171 944 3232 buius
966 3171 1129 3249 argumenti
1158 3172 1291 3233 minuere
1315 3172 1475 3236 Hoffman-

245 3277 303 3320 nus
336 3255 515 3328 arbitratur,
553 3255 625 3316 satis
658 3263 706 3316 est
737 3253 773 3315 ab
810 3273 846 3315 eo
875 3255 974 3334 inepte
1003 3256 1177 3334 explicatum
1206 3255 1258 3328 sie,
1296 3267 1335 3318 ut
1364 3267 1476 3320 temere

245 3341 343 3404 dicere
354 3339 480 3400 voluerit
494 3338 716 3411 Tertullianum,
739 3356 848 3400 nomen
858 3338 991 3400 Pastoris
1005 3338 1132 3400 llermae
1153 3339 1251 3401 libello
1264 3339 1399 3418 imponi,
1416 3362 1475 3405 cnm

248 3423 318 3484 illud
348 3441 456 3484 nomen
485 3421 564 3484 nullo
592 3422 682 3484 modo
710 3431 875 3495 mereatum
911 3441 977 3483 nam
1007 3421 1076 3484 illud
1106 3424 1173 3503 sere
1196 3427 1369 3504 emptore,
1404 3437 1476 3488 corte

247 3515 293 3572 est
314 3507 353 3568 ita
376 3505 605 3586 intelligendum,
627 3507 778 3568 Hermiaoi
801 3505 890 3568 libelli
913 3507 1117 3568 auctoritatem
1145 3509 1206 3568 lere
1229 3507 1360 3569 eandem
1395 3529 1475 3590 quero

246 3610 399 3654 sacrorum
420 3589 562 3652 librorum
585 3591 691 3669 putari,
714 3591 793 3670 quod
815 3591 912 3670 ipsum
934 3608 970 3651 ex
993 3607 1029 3650 eo
1051 3599 1141 3670 patet,
1175 3591 1253 3671 quod
1277 3611 1347 3652 cum
1373 3605 1475 3673 postea

244 3694 369 3756 prorsus
391 3679 577 3755 scriptoram
605 3674 690 3746 dicat,
720 3693 816 3753 oeque
843 3674 887 3735 sic
914 3691 992 3746 enm,
1022 3682 1053 3735 ut
1081 3675 1198 3756 opinor,
1227 3675 1429 3754 appellasset,
1455 3679 1476 3738 si

245 3766 303 3823 tam
327 3759 383 3840 ipsi
407 3766 573 3820 contemtus
596 3757 721 3819 Hermas
744 3758 861 3829 luisset,
890 3774 977 3837 quam
1008 3767 1070 3818 crat
1091 3766 1225 3838 tempore
1247 3762 1425 3842 conscripti
1445 3764 1475 3824 de

245 3841 387 3908 Pudicitia
408 3841 486 3903 libri.
533 3841 591 3902 Sed
615 3849 685 3902 sunt
706 3841 754 3901 bic
775 3841 862 3902 etism
885 3841 939 3902 alia
962 3841 1133 3903 Tertulliani
1155 3843 1232 3904 dicta
1255 3843 1392 3906 multum
1418 3848 1473 3908 dis

244 3928 393 4006 crepantia
420 3926 456 3987 ab
489 3925 537 4000 iis,
560 3943 634 4004 quac
655 3925 686 3985 iu
701 3923 785 3986 libris
797 3924 1011 3986 ltlontanisticis
1026 3927 1193 4005 proposuit,
1216 3943 1292 4004 quae
1308 3931 1475 3992 ostendunt

245 4009 418 4080 clarissime,
440 4018 503 4071 tum
523 4009 610 4087 longe
625 4008 710 4070 eliam
732 4009 825 4070 inisse
839 4007 1011 4070 Tertulliani
1034 4009 1217 4089 disciplinam
1240 4027 1333 4087 quam
1357 4025 1474 4094 postea.

245 4094 386 4155 Videlicet
407 4093 539 4154 sectione
564 4093 878 4171 18.tp.35.l1urac.
908 4111 974 4154 cum
1001 4093 1131 4173 disputat
1146 4094 1288 4156 adversus
1313 4115 1388 4170 eos,
1421 4100 1473 4178 qui.

245 4177 313 4238 dum
336 4195 371 4238 sc
392 4176 457 4238 cibo
480 4175 677 4248 abstinebant,
700 4195 755 4238 nec
776 4177 850 4236 alios
874 4176 1010 4238 solebant
1031 4179 1133 4240 osculo
1162 4178 1300 4256 excipere
1324 4201 1409 4254 non,
1432 4185 1472 4246 sit

243 4261 371 4322 cotidie
394 4259 534 4332 Poscltoe,
557 4265 801 4346 proflcommuma
825 4273 853 4322 ct
882 4265 970 4341 qnasi
992 4261 1117 4341 publicu
1143 4265 1251 4324 rbr'um'r‘
1276 4263 1397 4346 religio
1428 4279 1474 4338 est,

278 4425 300 4459 e.
319 4408 442 4460 Dissertat.
462 4413 524 4462 citat.
543 4409 568 4477 ἦ.
583 4413 626 4462 Xl.
646 4427 670 4478 p.
689 4411 720 4462 tt
739 4427 777 4476 sq.
843 4413 847 4430 '
882 4409 1474 4480 ebibliotbeoacdmbroslenaeeodieeintegrm

276 4476 294 4525 l.
319 4474 398 4526 (216.
417 4477 473 4528 edit.
492 4479 550 4529 lad.
568 4480 620 4529 dat
639 4479 762 4531 llnmtorii
780 4494 827 4545 qna
880 4478 954 4530 cdidlt
972 4479 996 4527 in
1008 4479 1136 4528 incedetis
1145 4479 1236 4528 uncinis
1244 4479 1318 4530 Tem.
1328 4483 1374 4534 tn.
1386 4486 1475 4550 Νη.

242 4543 339 4607 utimur,
350 4546 390 4609 qni
400 4553 509 4596 nostrum
520 4545 628 4596 libellum
639 4553 707 4598 antea
717 4547 827 4597 mutilum
913 4560 936 4608 g.
955 4546 981 4596 L.
999 4561 1020 4596 c.
1039 4555 1089 4596 not.
1108 4545 1132 4596 ³.
1149 4561 1175 4611 p.
1193 4544 1235 4596 ³1.
