3020 5230
22 409 153 452 ›msaau
169 407 208 452 oa
221 409 306 454 rama
318 409 358 454 ar
373 410 431 454 mc.
448 410 557 456 maone
572 411 688 456 manna.
705 413 847 456 ranruun.
861 413 946 456 anor.
959 415 1011 457 ns.
1025 415 1150 460 samaa.
1178 401 1238 464 ott

22 556 153 620 latetur&
182 558 243 618 Nec
266 559 391 618 duriora
412 566 490 628 aunt,
512 577 587 636 quae
609 559 796 637 colliguntur,
818 570 851 622 ut
865 569 982 640 tempus
1004 561 1155 636 alliciatur,
1177 583 1237 644 qno

22 661 83 721 oga
100 640 225 702 dimissa
240 641 276 702 ad
291 640 410 718 pallium
424 643 599 720 gestandum
613 645 746 717 accessit,
768 661 822 706 seu
837 643 1022 706 Christianus
1043 647 1136 707 laeuas
1157 656 1237 712 ests:

22 727 95 786 sicut
117 732 148 785 et
168 723 217 784 ifle
239 743 342 803 parum
365 732 443 798 sunt,
457 733 551 797 certa,
573 745 647 804 quae
669 727 700 787 in
723 728 827 788 eodem
849 728 925 788 libro
948 729 984 790 de
1005 729 1097 790 Pallio
1120 748 1182 810 cap.
1205 735 1236 794 2.
1352 768 1357 773 -

22 811 74 870 lne
97 809 251 886 leguntur:
270 813 444 887 proesentis
465 813 588 889 inperii
607 811 724 891 triplae
745 815 861 882 uirtus,
883 813 948 874 Deo
971 822 1017 874 tot
1038 813 1181 893 Augustis
1204 820 1237 876 ira

22 911 112 954 turam
132 893 272 970 [coeam
308 893 363 952 etsi
387 891 470 954 lacile
491 893 590 972 possit
611 894 728 955 illorum
750 896 892 973 praelerri
914 895 1085 974 explicatio,
1107 897 1159 974 qui
1180 897 1235 958 Se-

22 994 131 1046 uerum,
165 973 315 1053 liliumque
336 974 516 1038 Antoninum
550 985 581 1038 et
600 977 735 1040 Albinum
764 979 941 1057 intelligunt.
984 979 1068 1040 Solet
1089 979 1167 1040 enim
1190 981 1238 1041 bic

22 1060 147 1138 scriptor
168 1058 395 1120 declamatorum
418 1059 526 1120 imitari
549 1060 724 1139 exemplum,
747 1062 797 1140 qui
820 1063 879 1140 ipsi
892 1063 1064 1142 confingunt
1077 1081 1235 1142 argumen-

22 1145 53 1215 i,
83 1143 165 1220 quod
187 1141 243 1202 sibi
265 1141 490 1215 desmnserunt,
520 1151 638 1222 tempus
661 1152 691 1206 et
712 1164 816 1206 omnes
838 1145 902 1206 illas
923 1163 1024 1207 rerum
1046 1147 1235 1225 appendices,

22 1227 124 1304 puibns
148 1233 282 1304 tempora
304 1226 401 1287 solent
422 1226 578 1288 commode
600 1235 629 1287 et
650 1229 783 1290 studiose
805 1229 956 1307 distingui.
986 1229 1081 1308 Atque
1096 1238 1144 1290 est
1158 1239 1236 1292 certe

23 1309 168 1388 ngenium
197 1309 292 1370 nostri
320 1309 476 1389 scriptoris
505 1310 668 1383 eiusmodi,
702 1320 734 1372 ut
761 1312 884 1373 mirillcc
911 1312 1009 1374 omnia
1037 1313 1126 1391 lingat
1148 1323 1235 1393 atque

22 1400 191 1472 mmponat,
224 1393 307 1470 quasi
333 1411 445 1456 meram
474 1401 505 1454 et
525 1403 635 1455 certam
657 1395 812 1457 historiam
834 1396 1014 1474 perscribam
1050 1415 1116 1457 cum
1138 1404 1236 1458 umen

22 1475 195 1538 coniecturis
216 1476 280 1537 suis
302 1476 366 1556 ipse
393 1477 463 1538 illud
492 1478 625 1556 reperire
653 1488 739 1556 atque
768 1479 884 1558 explere
916 1480 1025 1554 soleat,
1063 1481 1142 1558 quod
1174 1498 1235 1541 noo

22 1561 112 1622 ninus
136 1559 289 1637 ignorabat
309 1559 385 1640 ipse,
408 1577 495 1638 quam
518 1561 576 1622 elii.

99 1643 268 1704 Africanum
290 1662 323 1704 se
351 1645 420 1706 lauit
448 1643 589 1723 scriptor,
623 1644 659 1704 ab
681 1644 766 1705 initio
788 1644 854 1706 libri
877 1645 914 1705 de
935 1646 1043 1706 Pallio:
1079 1646 1235 1727 Principes

22 1746 134 1808 reeuper
156 1727 295 1805 Africae,
329 1733 394 1790 oiri
414 1727 668 1807 Carthaginenses
696 1736 750 1788 etc
773 1747 830 1789 nec
856 1729 964 1790 desunt
984 1729 1039 1790 alia
1061 1731 1237 1790 documenta

22 1812 92 1872 :lara
115 1811 146 1871 in
168 1811 215 1871 bis
243 1810 342 1882 libris,
375 1819 409 1872 ut
430 1829 506 1890 opus
528 1829 589 1872 non
616 1811 671 1884 sit,
705 1811 858 1891 copiosius
883 1811 947 1872 talia
969 1813 1148 1874 confirmari.
1192 1813 1235 1874 lle

25 1893 201 1956 nstitutionc
222 1894 351 1955 bominis
373 1894 496 1966 liberali,
518 1913 574 1973 qua
597 1895 665 1955 inde
686 1914 702 1954 a
724 1895 851 1974 pueritia
872 1913 946 1956 usus
969 1896 1018 1968 eit,
1042 1896 1140 1956 solent
1162 1915 1233 1958 eru·

22 1979 66 2038 liti
89 1979 148 2038 iarn
170 1978 221 2038 diu
243 1977 418 2038 sententiam
439 1979 517 2038 lerre
540 1998 575 2038 ex
596 1978 644 2038 bis
665 1978 749 2039 libris
771 1979 857 2058 ipsis,
880 1980 930 2057 qui
953 1980 1111 2057 capnitis,
1135 1979 1233 2040 histo·

22 2062 99 2128 icis,
122 2059 326 2141 pbilosophis,
354 2059 445 2134 lctis,
474 2062 596 2122 medicis
624 2062 713 2122 multa
735 2071 870 2140 excerpta
892 2063 1064 2136 exhibeant3
1087 2071 1132 2123 'ut
1152 2063 1235 2124 lacile

22 2145 93 2204 >redi
116 2145 222 2223 possit,
245 2145 420 2224 scriptorem
442 2144 597 2224 diligenter
619 2153 663 2206 tot
683 2155 819 2206 auctores
840 2146 977 2208 manibus
997 2165 1136 2207 versasse
1159 2146 1233 2218 suis,

22 2237 81 2288 tute
105 2246 188 2288 sacra
210 2228 385 2288 Christiana.
429 2229 490 2290 Neo
511 2229 657 2301 diffiteor,
691 2231 836 2290 rationem
858 2247 919 2290 non
942 2229 1049 2290 deesse
1070 2230 1139 2289 huic
1161 2247 1232 2289 sen-

22 2311 123 2372 ,entiae
146 2329 281 2384 omnem3
318 2313 369 2372 sed
392 2320 422 2373 et
443 2311 513 2372 illud
535 2312 619 2374 laoile
640 2313 823 2391 reperimus,
846 2313 936 2374 nimia
958 2313 1113 2374 sedulitate
1134 2313 1233 2372 bomi-

22 2413 83 2456 nem
112 2395 178 2456 talia
208 2413 368 2474 congerere
396 2403 483 2474 atque
505 2397 567 2458 lere
595 2396 753 2457 obtrudere
781 2395 946 2474 legentibus
985 2415 1039 2458 nec
1069 2413 1136 2456 raro
1166 2415 1234 2456 enm

22 2479 106 2538 rideri
127 2495 232 2557 parum
254 2497 378 2556 aequum
401 2479 608 2558 interpretem,
643 2481 692 2558 qui
715 2498 834 2540 omnem
864 2480 1114 2559 opportunitatem
1137 2483 1247 2555 captet*

25 2563 167 2635 uidendi,
189 2561 308 2623 ludendi
324 2571 352 2622 et
366 2562 499 2633 iocandi3
522 2581 579 2640 qua
600 2563 630 2622 in
652 2581 685 2622 rc
707 2564 750 2622 sic
771 2562 901 2622 abutitur
922 2562 1051 2641 ingenio,
1075 2569 1108 2624 ut
1129 2579 1234 2640 parum

22 2647 193 2724 gravitaret
215 2645 315 2707 sobrie
337 2653 403 2723 agat
425 2645 623 2722 lectoremque
643 2644 802 2706 verborum
831 2644 888 2705 ista
910 2646 990 2706 vario
1006 2644 1120 2722 fulgore
1136 2644 1232 2722 impe-

23 2729 75 2788 liat
95 2729 199 2807 magis,
229 2747 315 2807 quem
338 2729 455 2789 adiuret
477 2726 512 2787 ad
534 2727 629 2806 proba
650 2728 756 2790 indicia
777 2727 907 2788 serenda.
951 2727 1039 2787 Multa
1061 2727 1091 2786 in
1113 2732 1233 2804 promtu

23 2813 117 2873 tabuit
138 2811 187 2872 bic
209 2813 337 2892 scriptor
359 2819 389 2872 et
410 2810 494 2890 quasi
516 2811 547 2870 in
568 2817 731 2883 numerato,
756 2829 790 2870 cx
813 2810 951 2870 universo
974 2810 1024 2869 illo
1047 2817 1105 2868 tam
1120 2808 1231 2868 multo-

23 2915 80 2956 um
113 2895 307 2973 scriptorum,
344 2911 517 2974 graecorum
543 2891 767 2971 latinorumque
793 2909 935 2964 numero,
972 2893 1033 2952 sive
1059 2891 1124 2969 ipse
1151 2890 1230 2962 olim,

23 2981 83 3039 nde
105 2997 121 3038 a
143 2978 285 3057 pucritia,
316 2977 438 3058 legerit,
472 2977 533 3036 sive
561 2976 629 3036 inde
651 2977 687 3036 ab
715 2976 812 3053 aliquo
834 2983 968 3052 tempore
990 2974 1097 3035 litteris
1120 2974 1234 3035 dederit

23 3073 165 3123 strenuam
200 3081 337 3140 operam,
377 3060 438 3120 sive
472 3059 597 3120 eliorum
630 3059 803 3120 ministeriis
837 3057 953 3118 adiutus
982 3057 1070 3118 luerit
1097 3057 1126 3116 in
1155 3058 1233 3117 scri-

23 3147 121 3206 sendo.

580 3311 609 3384 a.
633 3307 670 3368 u.

358 3425 520 3476 Tertullianus
538 3425 627 3476 Romae
645 3427 689 3476 luit
706 3426 768 3476 inter
786 3425 897 3476 elericos.

98 3541 294 3621 Hieronymus
329 3541 445 3604 ridetur
479 3550 508 3603 et
540 3541 605 3621 ipse
636 3542 778 3604 historica
810 3547 960 3604 momenta
992 3541 1070 3602 nulla
1102 3539 1234 3616 reperire

23 3627 162 3706 potuisse,
192 3645 267 3703 quae
288 3625 324 3688 ad
348 3624 521 3686 Tertulliani
543 3626 728 3706 superiorem
751 3626 840 3689 vitam
862 3623 1037 3701 pertineant,
1083 3623 1133 3683 Sic
1155 3622 1234 3681 enim

23 3709 150 3772 narrati:
187 3709 404 3780 Tertullianus,
426 3707 598 3787 presbyter,
621 3725 699 3769 nunc
719 3709 839 3770 demum
861 3706 973 3783 primm
995 3713 1065 3784 post
1085 3705 1234 3764 Victorem

23 3803 45 3854 et
66 3792 252 3870 Apollonium
273 3789 447 3852 Latinorum
469 3789 590 3868 ponitur
611 3790 777 3870 provinciae
798 3789 929 3860 llricae,
962 3787 1086 3850 civitatis
1109 3784 1233 3846 Cartha-

23 3875 166 3954 ginicnsia,
188 3883 272 3952 patre
294 3871 467 3934 centurione
488 3873 703 3950 proconsulari.
1069 3947 1077 3956 ῃ
1316 3887 1320 3892 ·

100 3957 177 4017 Haec
198 3957 413 4033 Hieronymum
445 3954 495 4033 qni
516 3955 661 4034 prolecto,
685 3957 711 4017 si
732 3956 817 4035 plura
838 3955 990 4034 requirere
1011 3963 1097 4033 atque
1120 3951 1233 4014 discere

24 4039 163 4120 potuisset
189 4039 225 4101 ad
253 4039 408 4100 historiam
430 4036 601 4100 Tertulliani
630 4039 780 4112 facientia,
813 4039 891 4101 haud
918 4037 1007 4098 dubie
1035 4037 1084 4098 bic
1111 4035 1232 4096 omuino

24 4121 247 4203 perscripsisset.
276 4121 355 4184 Nihil
377 4121 532 4202 quicquam
554 4121 642 4202 igitur
664 4141 700 4182 ex
721 4121 940 4184 narrationibus
962 4119 1086 4180 aliorum
1109 4119 1145 4180 ad
1159 4117 1237 4178 llic:

24 4225 168 4286 ronymum
189 4205 341 4286 perrenit3
372 4205 422 4286 qui
445 4213 542 4268 umen
563 4205 651 4285 paulo
672 4206 853 4285 postadun,
877 4203 1025 4266 audivisse
1048 4221 1081 4265 so
1103 4223 1121 4266 e
1140 4201 1231 4264 Paulo

52 4382 69 4432 l.
88 4379 121 4429 lle
137 4380 237 4429 Palleat.
257 4377 312 4428 inde
330 4378 360 4428 ab
378 4377 455 4428 lnltiu.
648 4377 730 4426 melior
753 4377 800 4424 iore
817 4381 839 4423 te
854 4373 1002 4437 puttoaeptta
1020 4373 1116 4435 dipecte
1133 4375 1174 4428 eat,
1202 4381 1231 4416 ea

51 4463 72 4510 g.
90 4448 122 4496 lle
139 4447 216 4498 Pallio
241 4460 261 4496 e.
280 4443 323 4495 o:
340 4445 368 4496 at
385 4459 425 4510 epo
444 4446 491 4496 inea
506 4459 542 4494 me
559 4444 596 4493 illi
648 4459 693 4508 pao
713 4443 867 4492 Christianam
882 4441 967 4488 sertin
984 4441 1086 4503 coeptui.

24 4519 84 4566 etun
100 4517 189 4565 diuinae
206 4519 282 4565 aeetae
299 4528 326 4563 ne
341 4514 595 4576 diseiplieeecommer-
681 4510 703 4558 lt.
723 4507 750 4558 ln
769 4507 884 4568 catalogo
902 4521 923 4554 c.
942 4503 982 4553 bd.

24 4585 74 4632 aare
96 4597 195 4634 coreno.
239 4581 317 4631 Gauda
337 4580 438 4645 palliam
460 4587 481 4629 et
505 4579 601 4640 exulta,-
