3144 5236
234 223 304 292 228
341 235 531 292 orssenrarrp
547 233 577 276 tn
593 233 642 282 on.
658 229 741 273 surr.
756 229 843 271 scon.
859 199 1056 292 rauranum
1070 225 1298 269 srocoesrrcou
1313 203 1400 268 cerr.

236 389 439 459 simulatione,
471 383 571 459 fraude
604 388 635 442 et
667 377 856 456 ambiguitate
885 376 991 458 polum
1020 377 1146 440 dr'ct'mus
1176 386 1205 439 et
1233 376 1315 438 uobis
1338 375 1461 438 ethnicis

237 473 450 558 torquentibus
483 467 618 528 lacerati·
641 475 671 525 et
704 467 825 524 cruemi
855 463 1082 540 vociferamur:
1118 461 1216 523 Deum
1249 460 1374 522 colimus
1403 477 1462 540 per

239 558 394 623 Christum
416 551 524 627 (lbid.),
556 567 611 628 per
643 565 731 626 quem
753 565 806 608 seu
829 564 889 625 quo
911 545 1038 607 docente
1053 563 1117 623 ,nos
1140 544 1297 606 didicimus
1319 544 1386 622 quis
1408 563 1460 604 ve-

235 660 291 702 rus
314 641 353 700 sit
373 639 463 709 llens,
486 653 572 713 quem
595 649 700 692 omnes
722 631 820 692 colere
842 629 960 691 dehent.
989 630 1026 689 dt
1040 630 1141 703 homo,
1164 628 1326 707 arguebant
1341 627 1458 702 ethnici,

236 725 294 787 hut
315 722 458 785 Christus.
502 719 586 790 Esto,
608 715 771 795 respondet
793 713 1007 788 Tertullianus3
1035 731 1097 774 non
1119 713 1229 774 idcirco
1253 720 1350 773 umen
1372 711 1456 772 Chri-

237 807 326 870 suani
353 825 420 867 eum
448 803 579 864 colentes
607 799 740 878 torqueri
772 807 801 859 et
828 797 922 860 occidi
951 798 988 859 ab
1017 797 1142 860 ethnicis
1164 797 1321 868 dehebant,
1349 795 1456 856 nisibi

234 892 372 965 ludaeos,
396 889 525 949 Graecos
548 905 582 947 ac
595 885 746 946 llomanos
769 883 857 945 etiam
880 882 986 943 eodem
1007 883 1098 943 modo
1120 881 1360 942 condemnarent.
1383 879 1456 942 Nam

164 1001 167 1016 ·
233 975 345 1048 ludaei,
368 972 470 1051 inquit,
492 972 590 1033 Deum
607 987 667 1048 per
689 968 836 1030 homiuem
858 966 985 1045 Moysen
1007 967 1106 1029 colere
1128 967 1309 1028 didicerunt.
1347 965 1380 1024 ln
1395 964 1459 1038 suis

235 1059 344 1138 qnippe
365 1056 448 1116 libris
462 1055 587 1134 lloyses'
603 1051 701 1114 docuit
723 1071 780 1131 qua
802 1050 916 1112 ratione
938 1051 1104 1130 quibusque
1125 1049 1232 1112 ritibus
1247 1049 1327 1111 Deus
1350 1048 1387 1110 ab
1402 1048 1459 1109 illis

234 1142 292 1230 ⁰⁰¹!
313 1139 449 1286 38333333
464 1237 534 1284 sero
553 1221 693 1302 Orpheus
707 1219 833 1288 Pieriae,
849 1195 946 1297 pergit
959 1171 1074 1279 ductor·
1082 1226 1195 1290 noster,
1208 1217 1352 1279 Musaeus
1367 1216 1460 1279 Athe-

123 1359 127 1366 .
233 1314 292 1384 uis,
315 1309 482 1388 Melampus
497 1307 596 1388 Arpis,
621 1304 812 1386 Trophonius
827 1303 968 1366 Boeotiae
979 1303 1201 1379 initiationibus
1216 1301 1373 1381 falsorum
1389 1302 1461 1363 deo-
1511 1307 1516 1319 ‘

233 1413 305 1457 rum
328 1395 460 1456 homiues
483 1389 695 1470 ohir’quoeruut
716 1387 825 1465 (ibid),
848 1387 906 1446 hoc
920 1394 966 1448 est
980 1387 1171 1466 alligaremnt
1185 1394 1214 1446 et
1226 1385 1460 1447 obstrinxerunt

233 1477 294 1540 Nos
322 1495 394 1538 vero
422 1476 491 1538 alibi
520 1475 705 1537 ostendimus
735 1471 770 1532 ab
794 1471 915 1550 Orpheo
945 1470 1111 1532 introducta
1134 1470 1228 1532 luisse
1249 1469 1352 1530 Liberi
1376 1487 1460 1530 sacra
1532 1469 1536 1476 '

233 1569 264 1622 et
290 1563 376 1634 festa,
410 1579 484 1639 quae
512 1559 621 1620 ideirco
650 1557 778 1636 Orphica
806 1555 949 1634 appellata
977 1563 1047 1616 sunt
1078 1553 1245 1627 (Dissertat.
1269 1555 1300 1614 in
1322 1553 1458 1615 lactant.

232 1663 297 1724 cap.
319 1647 371 1708 30.
394 1645 455 1704 hrt.
479 1645 534 1716 3.).
576 1641 640 1702 dlio
663 1649 760 1702 autem
783 1639 813 1700 in
835 1640 901 1700 loco
924 1639 1076 1701 citavimus
1098 1637 1222 1699 Diodori
1244 1638 1335 1699 Siculi
1358 1638 1460 1712 rerba,

233 1729 339 1808 quibus
361 1736 462 1788 namat
482 1726 638 1788 Herculem
660 1725 782 1786 venisse
803 1725 945 1796 Athenas,
967 1731 1001 1784 ut
1021 1723 1125 1784 matris
1140 1722 1298 1784 Eleusinae
1308 1722 1459 1784 initiare-

231 1821 281 1872 tur
302 1810 461 1890 mysteriis,
495 1828 621 1888 quorum
643 1811 781 1870 Musaeus
805 1807 916 1887 Orphei
938 1806 1015 1868 libus
1038 1804 1258 1891 προεστηκὼς,
1287 1807 1460 1885 praefectus

232 1903 304 1968 erat,
328 1895 377 1974 qui
399 1894 525 1973 proinde
548 1893 673 1954 docebat
693 1892 842 1971 quomodo
864 1892 912 1954 his
934 1891 1070 1953 homines
1094 1892 1296 1969 obligarentur
1324 1895 1409 1966 (tom.
1436 1891 1460 1952 1.

221 1981 368 2058 Apparet.
390 1978 441 2039 lib.
463 1978 513 2038 lll.
536 1977 661 2038 Dissert.
684 1981 714 2041 2.
738 1976 807 2055 Cap.
831 1979 882 2040 35.
904 1995 934 2056 p.
959 1978 1073 2050 tutu).

315 2063 471 2123 Praeterea
498 2061 577 2122 idem
604 2061 753 2122 Diodorus
784 2060 915 2132 Sindus,
942 2059 1196 2140 quemadmodum
1226 2058 1256 2120 in
1285 2067 1391 2120 nostra
1421 2055 1461 2120 de

229 2145 374 2206 Lactantii
402 2145 485 2206 libris
513 2145 722 2206 dissertatione
748 2143 962 2218 annotavimus,
990 2144 1098 2206 litteris
1121 2143 1269 2205 mandarit
1288 2143 1457 2220 Melampo-

230 2230 297 2291 dem
325 2248 361 2290 ex
382 2229 512 2308 Aegypto
541 2228 572 2287 iu
595 2215 744 2290 Graeciam
773 2229 960 2290 transtulisse
989 2229 1098 2290 sancita
1120 2229 1234 2290 Baccho
1257 2229 1341 2305 orgia
1372 2227 1458 2301 (llis-

230 2321 334 2374 sertat.
363 2331 443 2374 mox.
473 2312 522 2372 cit.
551 2312 673 2372 ltiodor.
702 2312 753 2372 lib.
775 2313 798 2371 l.
826 2312 965 2373 Biblioth.
993 2331 1023 2392 p.
1046 2316 1120 2389 til-l.
1175 2311 1334 2373 Subiunxit
1364 2311 1459 2373 etiam

229 2397 394 2458 labulosam
423 2397 460 2458 de
482 2396 609 2476 Saturno
632 2413 666 2455 ac
688 2394 842 2456 Titanibus
864 2405 959 2474 atque
973 2397 1097 2458 deorum
1118 2396 1324 2458 allectionibus
1347 2414 1459 2459 narra-

228 2480 349 2554 tionem,
379 2499 453 2559 quae
482 2479 600 2540 tametsi
623 2477 760 2539 omnibus
782 2495 842 2537 non
864 2479 1017 2557 probetur,
1047 2498 1107 2542 non
1129 2499 1233 2560 pamm
1257 2491 1355 2542 umen
1377 2498 1459 2541 con-

229 2564 310 2626 ducit
331 2565 366 2626 ad
389 2563 561 2625 Tertulliani
583 2562 679 2622 nostri
700 2561 898 2641 propositum.

313 2648 505 2728 Trophonius
527 2665 619 2726 porro
634 2646 735 2724 Ergini
756 2653 807 2706 aut
827 2646 927 2725 potius
941 2647 1085 2726 Apollinis
1107 2647 1184 2709 lilius
1206 2667 1275 2710 esse
1291 2648 1458 2722 terebatur,

227 2731 311 2794 cuius
334 2732 496 2806 oriudum,
519 2731 597 2792 sicut
617 2729 685 2792 alibi
708 2729 907 2792 Tertullianus
930 2732 980 2806 ait,
1002 2732 1034 2792 in
1062 2732 1183 2796 Boeotia
1215 2731 1334 2794 extabat
1360 2733 1457 2806 (Ter-

226 2816 339 2878 tullian.
362 2816 422 2878 loc‘
441 2817 490 2877 cit.
514 2824 543 2878 et
563 2816 614 2876 lib.
639 2815 675 2876 de
697 2814 792 2875 duim.
816 2833 841 2874 c.
865 2817 940 2890 46.)
983 2815 1020 2876 lt
1046 2816 1131 2894 plura
1161 2815 1197 2876 de
1230 2835 1266 2878 eo
1295 2824 1325 2876 et
1345 2816 1458 2878 aedili-

225 2900 298 2962 catis
328 2901 365 2962 ab
393 2901 499 2962 eodem
532 2899 705 2980 Trophonio
734 2899 859 2960 deorum
887 2917 922 2960 ac
948 2900 1121 2960 nominatim
1153 2900 1296 2978 Apdllinis
1317 2900 1458 2979 Delphici

225 2983 343 3064 templis
366 2984 527 3046 memoriae
548 2983 746 3062 prodiderunt
766 2983 938 3056 Pausanias,
959 2983 1117 3056 lucianus,
1147 2983 1458 3056 CiceroJPbilostra-

224 3075 283 3139 tus,
310 3067 451 3129 Erasmus
479 3076 510 3129 et
537 3067 585 3128 alii
612 3087 629 3128 a
656 3067 744 3128 nobis
773 3068 803 3127 in
826 3063 972 3144 superiori
994 3068 1031 3128 de
1051 3068 1173 3129 Arnobii
1194 3068 1285 3130 libris
1303 3068 1458 3130 disserta·

224 3149 306 3210 tione
329 3151 409 3211 citati
431 3151 568 3225 (Pausan.
591 3150 642 3212 lib.
664 3151 715 3212 lll.
738 3151 775 3211 de
796 3151 901 3212 Boeot.
922 3170 953 3230 p.
976 3154 1050 3216 311.
1077 3151 1199 3216 Lucian.
1222 3151 1296 3214 llial.
1319 3153 1457 3232 blenipp.

224 3239 279 3293 etc.
312 3248 342 3310 p.
367 3235 428 3297 116
451 3243 565 3312 etseq.
595 3233 688 3296 Cicer.
717 3234 768 3294 lib.
790 3235 813 3295 l.
842 3234 962 3296 Tuscud.
983 3254 1012 3314 p.
1038 3239 1108 3300 134.
1137 3236 1276 3298 Philostr.
1299 3235 1350 3298 lib.
1373 3237 1457 3299 Vlll.

121 3351 126 3356 =
184 3353 193 3364 ι
223 3315 260 3376 de
281 3315 340 3377 vit.
361 3316 497 3395 Apollon.
521 3336 551 3396 p.
575 3321 638 3382 420
660 3326 690 3377 et
712 3335 774 3396 seq.
807 3318 922 3380 Erasm.
944 3319 1034 3400 ddag.
1058 3320 1132 3382 Chil.
1155 3321 1177 3381 l.
1201 3322 1284 3399 adag.
1302 3325 1352 3384 77.
1375 3321 1452 3384 bis-

222 3407 324 3460 sertat.
348 3399 378 3460 in
399 3399 510 3462 drnob.
534 3419 596 3482 cap.
620 3405 671 3464 24.
693 3403 755 3462 Art.
779 3405 809 3464 2.
838 3402 993 3466 Dissertat.
1016 3406 1046 3466 in
1068 3405 1200 3467 Lactant.
1219 3424 1286 3484 cap.
1311 3407 1362 3470 30.
1384 3405 1454 3468 hrt.

220 3487 276 3561 4.).
314 3483 388 3558 Quis
417 3493 515 3546 autem
544 3483 619 3545 non'
633 3484 712 3546 videt
741 3503 844 3546 comm
866 3487 1037 3550 testimonio
1061 3491 1133 3550 satis
1155 3507 1304 3569 superque
1325 3489 1452 3568 probari

219 3565 256 3629 ab
278 3568 329 3629 illo
353 3576 383 3629 et
403 3569 468 3630 ahis
491 3588 507 3629 a
533 3567 714 3630 Tertulliano
732 3571 903 3632 memoratis
926 3572 1063 3634 homines
1084 3573 1299 3636 initiationibus
1321 3574 1453 3636 deorum

219 3649 256 3713 ab
279 3653 344 3714 aliis
366 3653 537 3715 hominihus
560 3653 652 3714 luisse
674 3653 826 3732 illigatos?
868 3655 993 3718 Demum
1015 3657 1063 3718 ille
1086 3657 1192 3720 adiecit
1212 3657 1336 3718 Numam
1351 3657 1451 3720 Pom·

217 3736 322 3814 pilium
352 3737 573 3816 operosissimis
594 3737 747 3798 llomanos
776 3755 917 3801 onerasse
938 3741 1185 3804 institutionibus.
1230 3743 1326 3814 Quam
1347 3751 1451 3804 autem

219 3819 250 3880 id
271 3839 374 3882 venum
397 3822 446 3896 sit,
469 3841 486 3883 a
507 3821 595 3883 nohis
618 3821 851 3883 demonstratum
878 3833 934 3885 est.

304 3889 395 3965 ilecto
427 3923 497 3985 ergo
531 3925 566 3966 ex
599 3905 646 3966 bis
679 3906 828 3967 concludit
859 3907 1056 3969 Tertullianus
1091 3927 1152 3970 non
1185 3910 1281 3970 minus
1311 3909 1449 3986 Christo,

218 3985 335 4046 etiamsi
358 3988 448 4049 bomo
470 3998 584 4052 tantum
607 3998 698 4062 esset,
721 4009 808 4068 quarn
830 3991 876 4052 bis
897 3991 1024 4053 licuisse⁴
1039 3991 1165 4070 aliquam
1188 3995 1382 4055 commentari
1398 3997 1451 4057 di-

216 4071 384 4140 uiuitoteru,
407 4091 493 4150 quam
515 4074 652 4136 homines
674 4074 771 4136 colere
786 4075 917 4136 doceret.
945 4075 982 4136 tt
1004 4075 1140 4138 Christus
1154 4096 1216 4138 non
1239 4077 1335 4139 solum
1350 4079 1450 4140 bomo

214 4150 281 4223 luit,
313 4153 366 4213 sed
393 4171 491 4218 voram
519 4177 586 4220 cum
613 4175 669 4219 suo
698 4165 818 4219 aeterno
840 4160 928 4220 Patre
955 4159 1137 4223 divinitatem
1158 4160 1255 4234 habet,
1290 4179 1364 4235 reru,
1400 4164 1447 4224 uti

206 4233 327 4302 ⁴eluctor
357 4247 462 4300 noster
488 4243 538 4312 ait,
569 4247 745 4323 proprioru·
775 4243 841 4322 quia
864 4243 933 4322 ipsi,
956 4243 1032 4305 sicut
1053 4245 1222 4320 Patri-suo,
1251 4247 1372 4326 propria
1396 4258 1448 4310 est

214 4317 400 4394 (Tertullian.
425 4323 578 4403 apologet.
601 4345 665 4406 cap.
689 4331 762 4404 21.)
806 4325 871 4387 Non
894 4327 972 4389 enim
994 4328 1052 4402 ille,
1079 4330 1324 4408 quemadmodum
1347 4331 1447 4392 Numa

208 4401 387 4484 Pompilius,
421 4413 551 4487 rupices,
581 4409 611 4472 id
633 4418 679 4472 est
701 4411 865 4491 sylvicolas,
894 4413 975 4473 ieros
999 4422 1028 4474 et
1048 4413 1202 4490 barbaros,
1229 4423 1263 4478 ut
1284 4414 1354 4477 alibi
1375 4414 1448 4495 ipse
