3166 5250
512 433 646 478 44444444
667 433 735 480 ura.¹
749 433 785 478 44
810 433 936 478 uounnr.
1265 416 1327 482 481
1416 435 1420 450 ·

112 583 187 647 nibil
208 581 286 645 aliud
298 582 510 646 Tertullianum
531 583 589 646 sibi
610 583 751 659 valuisse,
773 585 831 647 nisi
853 585 932 648 huuc
953 553 1039 648 deum
1061 603 1078 644 a
1098 603 1226 666 paupere
1250 585 1328 650 illius

12 741 21 748 ,
108 669 234 732 Ι0444144
263 667 366 742 vendi,
400 668 446 730 cui
468 687 522 748 sua
543 669 707 732 necessitas
729 677 758 731 41
779 669 879 750 inopia
908 671 964 732 sibi
987 672 1124 734 sanctior
1145 691 1231 751 quam
1254 672 1328 736 deus

111 771 187 816 suus
202 753 363 816 videbatur.
393 752 603 824 Necessitatem
625 753 703 816 enim
726 754 903 818 sanctiorem
925 756 1023 816 vocari
1044 763 1147 836 putant
1168 764 1328 819 extremam

110 839 298 918 maximeque
319 847 487 917 urgentem,
521 839 765 918 quemadmodum
787 839 888 902 Livius
910 848 996 902 vocat
1015 845 1149 903 sanctius
1164 847 1328 915 cerarium,

112 923 194 1003 quod
216 924 252 985 ad
274 923 404 996 ultimos,
427 923 530 1004 inquil,
554 943 641 986 casus
665 923 836 986 servabatur
858 924 931 996 (Lis.
954 925 1005 986 lib.
1029 925 1142 987 XXVII.
1165 945 1227 1006 cap.
1254 930 1328 1003 10..)

113 1009 201 1070 Citari
225 1026 342 1088 quoque
363 1015 479 1086 poterat
501 1007 611 1083 Cicero,
635 1008 685 1088 qui
707 1009 743 1070 ad
765 1009 891 1072 Atticum
913 1009 1033 1090 scripsit
1053 1011 1203 1072 decretum
1223 1012 1329 1086 luisse,

109 1104 149 1156 eet
174 1096 333 1173 pecuniam
361 1095 396 1156 de
424 1096 577 1156 sanctiore
598 1098 721 1156 aeraria
744 1096 907 1174 auferrent
934 1093 1039 1171 (Cicer.
1062 1093 1111 1156 lib.
1134 1095 1209 1156 illl.
1230 1095 1327 1178 Epist.

110 1177 332 1244 2040111114
355 1195 421 1257 pag.
444 1180 516 1242 284.
539 1177 590 1239 lin.
613 1183 679 1253 5...)
717 1178 924 1241 Verumtamen
955 1179 1096 1259 numquid
1129 1197 1146 1240 a
1178 1199 1269 1260 scopo
1302 1181 1329 1244 is

111 1261 233 1343 penitus
255 1261 402 1324 aberrabit
423 1263 473 1342 qui
494 1262 601 1324 dixerit
621 1262 690 1324 illud
720 1263 892 1326 adiectirum
915 1269 1096 1327 sanctiorem
1122 1282 1183 1326 non
1211 1265 1247 1327 ad
1267 1285 1327 1328 no-

108 1365 182 1410 men
211 1351 431 1420 necessitatem,
465 1346 519 1408 sed
548 1349 634 1410 denen
660 1346 787 1430 referri?
830 1347 902 1410 Nam
932 1349 1040 1410 ethnici
1068 1368 1126 1428 quo
1150 1350 1327 1418 sanctiorem

110 1433 202 1492 deum
231 1449 299 1494 esse
327 1393 537 1510 opinabantur,
575 1451 611 1492 eo
642 1432 763 1494 carioris
784 1433 865 1495 illum
887 1433 1060 1498 vendebant.
1103 1433 1141 1496 Et
1162 1444 1241 1496 certe
1262 1436 1327 1516 1444

114 1516 315 1578 Tertullianus
337 1515 446 1578 ibidem
468 1524 498 1577 et
518 1516 549 1578 in
570 1516 646 1578 libro
668 1516 704 1577 40
726 1517 884 1580 Nationes:
921 1519 986 1590 Dii,
1018 1519 1127 1598 inquit,
1162 1524 1214 1600 qai
1231 1525 1326 1600 mapa's

113 1605 227 1674 sancti,
257 1605 351 1682 mcqis
374 1602 533 1672 tributarii
553 1601 687 1676 (Tertull.
711 1601 761 1663 lib.
784 1603 807 1663 1.
830 1603 867 1664 40
887 1602 1004 1664 Natiou.
1028 1621 1090 1682 cap.
1116 1606 1188 1680 10..)
1231 1605 1327 1666 Ρ4444

109 1693 212 1748 autam
235 1686 393 1748 sivedeus
415 1705 468 1748 seu
489 1686 589 1764 potius
612 1686 776 1748 necessitas
798 1687 981 1750 ethnicorum
1002 1687 1059 1749 hoe
1080 1692 1244 1752 sanctioris
1269 1709 1326 1751 no-

114 1771 195 1831 mine
216 1769 402 1849 designetur,
425 1770 492 1832 illos
514 1771 711 1833 Tertullianus
734 1771 841 1833 merito
864 1772 910 1833 his
933 1772 1032 1834 verbis
1053 1773 1219 1852 redarguit:
1255 1774 1328 1836 Pri-

115 1865 203 1916 vatos
227 1856 303 1926 deos,
326 1874 398 1935 quos
421 1855 513 1917 Lares
536 1867 565 1918 et
580 1855 705 1918 Penates
729 1858 889 1920 domestica
911 1863 1134 1936 consecratione
1143 1858 1327 1939 perhibetis,

115 1941 275 2002 domestica
297 1939 416 2002 licentia
438 1940 605 2013 inculcatis,
631 1940 693 2000 sive
715 1940 901 2014 conculcatis,
924 1943 1115 2014 venditando,
1141 1944 1328 2023 pr’qnerondo

109 2041 174 2104 pro
196 2029 367 2087 necessitate
388 2043 423 2086 cc
444 2024 600 2086 voluntate
621 2025 729 2100 (1010..)

200 2107 300 2188 Neque
321 2108 415 2189 pluris
437 2109 580 2170 iaciebant
601 2109 674 2170 deos
697 2128 769 2172 suos
790 2109 940 2190 publicos,
969 2130 1057 2192 quos,
1086 2111 1128 2173 uti
1150 2110 1199 2172 ille
1220 2131 1328 2192 prose·-

110 2191 229 2272 quitur‚
263 2194 1054 2293 4444444111444444444041444111044444144144441.
1078 2214 1140 2274 444.
1165 2197 1203 2260 13
1227 2197 1327 2260 etlib.

112 2277 685 2355 14011414441444411.),14444444444
708 2277 871 2340 tractabant
891 2279 1006 2358 turpius
1029 2298 1063 2340 ac
1076 2280 1327 2342 contumeliosius.

113 2362 185 2423 Nam
208 2363 338 2442 privatos
359 2363 563 2443 uuusquisque
584 2381 640 2442 pro
662 2363 785 2424 arbitrio
801 2363 930 2441 quidem,
953 2364 1007 2424 sed
1021 2364 1157 2442 privatim
1172 2364 1326 2438 vendebat,
1376 2387 1383 2399 ·

109 2445 247 2526 publicos
275 2465 345 2508 vero
372 2447 502 2526 publice,
535 2454 637 2528 utpote
664 2466 738 2525 quos
767 2447 914 2509 habebant
941 2453 974 2510 in
1002 2449 1137 2510 baeturia
1168 2451 1326 2528 oects'qcies

111 2530 222 2610 libid).
265 2531 434 2593 Hasteriom
461 2531 572 2604 autem,
607 2532 634 2592 si
656 2531 794 2594 Turncbo
824 2531 927 2594 credas
960 2533 1102 2607 (Turneb.
1124 2531 1174 2594 lib.
1198 2533 1326 2596 xxvttt.

113 2616 235 2677 Advers.
259 2635 322 2695 cap.
345 2619 405 2692 5.),
432 2616 515 2678 locus
538 2623 609 2690 erat,
643 2615 693 2677 ubi
714 2616 947 2695 proscriptorum
969 2615 1045 2678 bima
1067 2617 1327 2680 venumdabantur.

99 2700 257 2779 ¹lliqaltius
279 2707 376 2762 autem
397 2709 480 2780 putat
501 2719 536 2762 co
560 2700 680 2762 nomine
701 2700 858 2779 significari
879 2700 987 2781 librum
1009 2700 1179 2774 hastarium,
1203 2719 1256 2764 seu
1279 2711 1325 2763 ta-

108 2785 257 2848 bularium
280 2793 310 2846 et
329 2793 479 2864 regestum
500 2785 727 2864 vectigaliorum
751 2803 825 2864 quae
847 2784 902 2846 sub
922 2785 1008 2846 basta
1030 2792 1059 2846 et
1079 2804 1151 2846 voce
1170 2786 1326 2865 praeconis

111 2871 314 2950 quinquennio
337 2887 453 2948 quoque
481 2869 574 2930 addici
605 2868 841 2948 redemptoribus
871 2868 1014 2930 solebant.
1058 2869 1095 2930 lu
1116 2879 1195 2931 44414
1216 2871 1327 2932 Auctor

111 2961 231 3016 noster:
257 2955 340 3028 Quos
364 2959 396 3017 in
419 2955 595 3024 bastardum,
623 2953 728 3033 inquit,
757 2957 926 3034 repersistis
944 2954 1116 3032 publicanis
1138 2955 1214 3016 snb.
1231 2999 1239 3017 .
1256 2959 1324 3026 .tis,
1385 2983 1387 2990 ¹

116 3042 198 3100 omni
226 3043 425 3120 quinquennio
454 3043 536 3100 inter
557 3038 714 3118 oectiqclia
736 3048 838 3100 cestra
856 3041 1049 3119 proscriptos
1071 3038 1208 3100 addicitis
1236 3039 1324 3109 (Ter-

116 3121 227 3183 tullian.
248 3123 297 3184 lib.
319 3123 401 3185 lad
422 3123 538 3184 Nation.
561 3141 624 3202 cap.
650 3126 723 3198 10.)
768 3121 827 3183 Sed
852 3129 1010 3200 utmmque
1036 3121 1105 3184 illud
1128 3122 1325 3185 Tertullianus

12 3261 13 3266 ,
110 3206 280 3285 significare
299 3207 494 3287 proculdubio
515 3207 639 3268 videtur.
667 3206 714 3268 dit
735 3205 813 3268 enim
835 3206 908 3269 0444
930 3206 1065 3286 publicos
1086 3206 1116 3267 in
1139 3227 1206 3269 eum
1229 3209 1327 3270 locum
1433 3221 1436 3227 ’

116 3291 284 3364 trauslcni,
318 3293 384 3365 ubi,
416 3293 492 3354 sicut
519 3292 574 3352 alia
601 3291 835 3372 proscriptorum
867 3290 946 3352 bone
974 3291 1004 3352 iu
1036 3291 1177 3354 tabulario
1195 3293 1326 3373 ,44141144

115 3375 242 3456 primam
263 3377 409 3456 descripta
429 3395 483 3456 per
505 3377 632 3456 quinque
653 3394 748 3438 annos
763 3375 997 3450 asservabantur,
1020 3375 1328 3441 donecvenderentur

12 3499 13 3506 .
114 3460 346 3541 publice,atque
368 3461 483 3524 itacui
507 3463 615 3533 ecdem,
638 3461 715 3523 sicut
734 3460 783 3524 ille
805 3461 854 3535 ait,
878 3461 974 3532 basta,
997 3461 1051 3524 sud
1074 3463 1328 3526 ecdemannotc-

108 3550 195 3608 tione
216 3549 391 3628 quaestoris,
406 3547 687 3610 dios'nitcsillornm
710 3547 869 3609 addicitur.
913 3545 1017 3608 Nonne
1039 3554 1136 3608 44414444
1159 3547 1328 3610 lactarium

12 3665 13 3694 4
114 3637 144 3692 41
165 3629 202 3693 ab
224 3649 258 3692 ea
279 3631 364 3692 basta
388 3639 417 3692 41
443 3630 479 3692 ab
507 3631 696 3692 annotatione
728 3631 790 3692 sire
815 3630 942 3709 registro
971 3631 1137 3710 quaestoris
1166 3631 1329 3709 nuncupari

113 3713 347 3879 pomitiibidquid
370 3800 424 3873 sit,
456 3767 486 3860 hi
510 3799 549 3860 dii
571 3816 631 3858 non
653 3797 751 3860 solum
772 3797 906 3872 venales,
939 3797 993 3860 sed
1015 3796 1174 3894 4441144144
1197 3811 1324 3876 quoque,

114 3883 210 3962 inquit
220 3884 426 3957 Tertullianus
449 3883 640 3955 habebantur,
662 3881 728 3960 quia
750 3901 804 3962 pro
827 3881 1062 3962 quinquennali
1054 3901 1084 3942 rn
1099 3881 1226 3942 hastario
1242 3899 1325 3942 mora

12 3965 14 4036 i
114 3967 232 4045 aliquod
270 3931 436 4030 solvebatur
471 3967 592 4046 vectigal
627 3985 662 4028 ac
696 3966 836 4028 tributum
873 3965 1323 4044 ildemdpologet.cap.13·i.

12 4081 15 4124 t
116 4051 233 4123 Quanto
255 4053 352 4131 igitur,
375 4052 479 4114 amabo
501 4060 540 4125 14,
564 4051 708 4113 04044444
731 4058 760 4112 41
782 4050 942 4131 4444414414
966 4050 1066 4112 miseri
1088 4049 1129 4110 illi
1152 4048 1192 4110 dii
1214 4049 1324 4111 allicie-

68 4125 73 4140 ‘
114 4133 246 4197 bantur?
275 4137 341 4210 Quo
364 4138 442 4198 enim
464 4137 552 4198 modo
576 4135 611 4197 ad
635 4153 687 4197 eos
708 4135 877 4196 vendendos
900 4143 930 4196 et
951 4134 1092 4198 emendos
1113 4132 1182 4194 illuc
1202 4133 1275 4195 itum
1297 4134 1324 4196 si

114 4239 254 4300 quaeras:
278 4221 327 4284 844
338 4222 524 4302 Capitolium
546 4219 739 4300 respondebit
749 4218 957 4292 Tertullianus
979 4223 1022 4280 414
1043 4217 1199 4280 olitorium
1219 4220 1326 4322 sorum

12 4364 16 4374 .
107 4310 230 4386 petitur
251 4305 341 4381 (idem
363 4307 457 4384 ibid.)
501 4306 596 4368 Minus
624 4305 736 4366 benc
728 4323 758 4366 m
787 4303 961 4382 quibusdam
989 4301 1090 4363 editis:
1126 4301 1228 4365 Si...
1245 4307 1324 4376 .si,

12 4409 14 4416 ·
111 4391 253 4470 444814.
266 4436 275 4451 .
288 4437 316 4452 ..
340 4397 382 4454 414
419 4392 462 4453 ,144
483 4390 558 4452 libro
581 4390 690 4470 quippe
712 4389 747 4450 ad
762 4387 901 4452 Nationes
922 4386 1062 4466 legimus:
1086 4385 1134 4448 814
1148 4385 1323 4470 Serapeum,

111 4479 156 4537 sic
180 4475 360 4556 Capitolsnm
378 4481 496 4558 petitur
526 4474 587 4550 (lib.
609 4475 632 4535 l.
656 4475 692 4536 ad
714 4472 829 4534 Nation.
853 4491 915 4551 cap
941 4471 1112 4547 10.),1444
1142 4480 1188 4534 441
1219 4473 1324 4535 eodem

12 4575 13 4580 ¹
111 4561 203 4622 modo
225 4561 374 4640 similique
395 4559 504 4621 tributo
526 4559 687 4620 hastarium
709 4558 746 4619 40
767 4556 840 4618 0444
855 4556 1042 4637 4444444044
1058 4575 1091 4617 44
1104 4557 1322 4620 venundandos

13 4653 14 4662 ’
107 4641 242 4720 locatur,
276 4646 425 4726 4444444404
457 4643 644 4725 Capitolium,
678 4644 839 4724 Serapeum
866 4649 895 4704 et
921 4643 1017 4704 iorum
1044 4641 1201 4704 olitorium.
1245 4642 1326 4707 Nulli

149 4747 534 4797 1444444444444.44.444444.
563 4748 626 4796 Tora.
638 4747 675 4794 111.
1093 4740 1124 4793 dl
