3126 5250
229 331 293 396 204
327 345 519 390 nisssnrsrlo
534 345 565 387 lit
580 345 628 396 QU·
643 343 728 388 ΗΠ.
743 345 829 390 FLOR·
845 343 1039 388 insumam
1052 343 1279 388 APOLOGETIGU!
1294 345 1379 388 GET‘I'·

228 499 306 571 loom
329 495 381 559 nbi
401 495 488 558 inlesi
509 494 600 575 positi
622 501 702 568 sunt
725 493 901 557 melantiam
922 493 967 558 sio
987 493 1126 574 explimt:
1149 493 1274 574 inseror
1289 493 1376 558 Picto
1391 513 1448 557 ce-

230 583 277 646 lut
296 584 442 664 qramium
464 591 566 644 terrae
587 580 729 644 describit
749 585 782 642 in
803 579 967 652 Phaedone,
997 599 1055 661 quo
1079 598 1178 643 manes
1201 579 1284 644 iubes
1304 580 1449 643 mundio·

229 669 304 732 lium
324 667 460 730 sordium
481 665 660 746 confluendo
682 675 711 727 et
731 666 775 728 ibi
794 664 951 728 desidmdo
974 664 1115 729 ecboient
1135 675 1165 726 et
1179 669 1268 746 quasi
1280 682 1371 728 coeno
1386 669 1443 728 im-

227 753 446 816 munditiarum
477 769 605 812 saarum
635 754 816 812 crassiorem
848 749 989 814 bouchem
1020 761 1050 814 ct
1073 751 1231 829 privatum
1256 747 1319 811 iilic
1346 755 1448 812 dress

227 840 348 917 str'pent.
378 834 470 898 Nobis
492 835 589 914 inseri
608 853 670 896 reon
691 835 773 896 nuda
795 837 944 896 acoositcs
967 853 1021 896 nec
1046 832 1211 898 subdivalis
1226 833 1328 914 aliqua
1341 835 1450 896 masaa·

230 924 349 984 sennan
372 920 553 983 ereduntur:
576 919 628 982 sed
649 922 683 980 ia
702 919 790 997 sessa
812 931 915 982 terrac
937 929 965 980 et
985 923 1019 980 in
1040 917 1103 980 aito
1125 923 1255 982 acetr'tae
1278 929 1307 980 et
1328 921 1446 997 ins’pcis

228 1006 394 1068 obumbres
416 1008 479 1066 eius
502 1005 646 1066 abstrusa
662 1003 863 1084 profunditas
885 1002 1018 1076 (lumb.
1039 1002 1090 1064 lib.
1112 1001 1150 1063 de
1170 1002 1274 1064 Anima
1293 1007 1444 1081 capha).

226 1089 311 1152 Unde
331 1107 401 1150 sero
424 1088 500 1150 hano
520 1087 690 1170 opinionem
713 1086 892 1162 delibaveril,
915 1087 942 1148 si
963 1086 1028 1166 quis
1049 1086 1144 1148 adhue
1164 1087 1305 1167 requiret,
1327 1087 1387 1150 hoe
1405 1086 1446 1148 il·

227 1174 285 1237 lius
306 1173 416 1236 ibidem
437 1191 617 1252 responsum
639 1172 696 1233 cito
718 1171 832 1234 audiet:
861 1171 1011 1252 Siquidem
1034 1171 1152 1236 Christo
1174 1175 1208 1236 in
1231 1173 1318 1236 corde
1341 1185 1447 1236 terrae

228 1259 365 1324 triduum
390 1262 499 1321 mortis
530 1257 651 1339 apenos
681 1269 872 1336 enpunatnne,
902 1257 934 1318 id
954 1267 1000 1320 est
1019 1260 1053 1318 in
1075 1273 1196 1320 recessu
1217 1259 1322 1319 intimo
1344 1269 1375 1320 et
1396 1260 1448 1318 in·

228 1354 317 1406 terno
340 1355 369 1410 ct
389 1346 424 1404 in
449 1346 518 1422 ipsa
548 1354 635 1405 terra
664 1351 779 1422 operto,
807 1346 837 1404 ei
861 1346 946 1404 intra
972 1345 1072 1422 ipsam
1099 1340 1201 1404 clauso
1227 1354 1258 1405 ct
1284 1341 1448 1420 infcriori-

228 1428 284 1494 bas
307 1427 404 1490 adbuc
425 1427 541 1505 abyssis
563 1437 775 1507 superstructo
799 1471 806 1486 .
830 1471 839 1487 .
863 1471 871 1486 .
963 1437 999 1488 ut
1019 1424 1084 1487 illic
1101 1425 1297 1506 patriarchas
1318 1437 1348 1488 ct
1366 1443 1447 1506 pro·

223 1511 332 1594 phetas
362 1523 508 1592 compotes
536 1516 587 1574 sui
611 1512 736 1591 faceret.
780 1509 879 1574 Habes
907 1522 935 1573 et
957 1513 1109 1590 reqioucm
1129 1510 1303 1588 inferarum
1323 1511 1447 1573 subter-

227 1614 354 1660 rancam
377 1596 499 1658 credere
520 1593 604 1668 (ibid.
627 1613 690 1674 oap.
714 1597 788 1671 55-l.
832 1592 985 1656 Platonem
1012 1601 1110 1656 autem
1131 1593 1172 1654 ihi
1193 1612 1313 1656 rursum
1333 1593 1365 1654 in
1387 1594 1448 1658 iam
1558 1629 1559 1686 q

227 1680 317 1742 citato
339 1699 356 1741 a
376 1679 464 1742 nohis
482 1679 640 1740 Phaedone
661 1677 770 1752 laudat,
793 1685 826 1738 ut
847 1678 981 1740 ethnicos
1003 1679 1059 1740 hee
1079 1678 1221 1759 principis
1242 1677 1446 1759 philosopho·
1558 1689 1559 1758 ξ

226 1783 294 1826 rum
317 1782 439 1826 suorum
460 1762 633 1826 aumontate
653 1763 749 1825 adhue
768 1761 932 1826 revinceret
954 1762 1038 1838 (Plal.
1060 1761 1170 1826 Phasi„
1193 1772 1263 1826 tom.
1285 1763 1309 1823 1.
1331 1782 1363 1844 p.
1382 1767 1442 1828 111
1558 1843 1559 1848 ¹

228 1855 260 1910 et
282 1853 388 1928 seqq).
492 1877 499 1894 ·

732 2032 900 2084 narremus
917 2031 942 2082 l.

227 2138 260 2181 lle
284 2145 374 2181 aeterna
398 2141 525 2180 saumonem
546 2135 695 2186 acarnaniam
720 2146 764 2191 qao
787 2134 810 2180 11
834 2135 885 2179 laco
911 2136 1036 2188 meldunam
1059 2143 1133 2179 anana
1150 2147 1177 2180 aa
1195 2136 1267 2179 statim
1284 2144 1337 2192 post
1353 2143 1439 2182 nom

227 2206 336 2256 11111111.
359 2204 394 2248 vel
416 2203 478 2248 illam
501 2203 529 2248 cd
552 2210 673 2253 cananum
695 2215 767 2258 aeque
784 2202 859 2248 iudicii
878 2201 936 2246 dlem
953 2203 1084 2259 quibusdan
1101 2203 1124 2246 ln
1142 2203 1258 2248 domiciliis
1277 2211 1398 2260 emmae,
1414 2215 1438 2248 ac

228 2284 272 2330 qus
295 2272 380 2316 ratione
398 2269 548 2315 Tertullianus
570 2272 650 2327 probet
673 2278 794 2318 memorata
811 2272 919 2314 haetenus
934 2271 1067 2316 chrisimos
1085 2271 1198 2326 rolmlanls
1215 2272 1297 2328 placita
1314 2285 1360 2318 naa
1378 2283 1441 2329 peaes

286 2339 313 2384 ab
331 2337 424 2384 ethelric
441 2338 510 2393 reiici,
529 2346 567 2383 aut
582 2345 672 2396 propter
689 2349 766 2382 aarum
784 2337 936 2382 defensionem
955 2337 1091 2382 Christianae
1109 2351 1154 2383 non
1172 2339 1254 2383 dehere
1272 2341 1346 2384 vexari
1365 2349 1389 2384 ct

778 2405 890 2450 trucidari.

313 2522 377 2597 Qua
399 2522 513 2584 reliam
534 2521 639 2596 malos,
662 2522 931 2596 alamundarus,
952 2521 1164 2603 improbusque
1186 2521 1324 2584 homines
1346 2531 1447 2586 aeter-

228 2626 299 2672 num
326 2607 403 2687 ignis
431 2607 617 2687 suppliciam,
646 2605 748 2668 eadem
769 2606 866 2669 bonos
888 2607 1045 2686 iustosque
1067 2607 1245 2687 sempiterna
1267 2615 1366 2668 manet
1388 2607 1448 2670 bo·

228 2711 492 2840 llltmltlll
516 2710 672 2839 litem
686 2692 1450 2858 lltlttlnllhiltinisheim

227 2862 284 2925 alii
299 2875 373 2944 post
393 2861 739 2941 (Tertullianhpologet
762 2863 912 2940 capla),
933 2860 999 2940 quia
1021 2861 1099 2922 idem
1121 2861 1227 2940 ipsum,
1250 2860 1291 2922 uti
1307 2861 1448 2940 superius

228 2947 414 3020 dictumest,
437 2954 574 3008 nostraem
594 2965 702 3025 corpus
723 2953 867 3025 resurget.
911 2945 988 3008 Tum
1009 2946 1230 3023 veientana,
1263 2943 1359 3024 pergil
1389 2945 1448 3022 ille,

228 3051 265 3177 ll
267 3031 1066 3194 ‘ttltltlllltltlthlllhli‘llll‘llll
1069 3029 1451 3178 illutibilis

229 3198 422 3278 permanebit.
444 3199 543 3260 binii
570 3206 667 3260 antem
697 3199 869 3264 substantia
894 3201 1026 3279 propria
1047 3203 1238 3263 aeternitatis
1272 3199 1358 3274 (ibid.
1383 3218 1449 3280 cap.

228 3285 304 3359 se),
327 3300 383 3361 qna
404 3281 473 3343 iusti
493 3283 630 3344 homines
653 3300 714 3344 non
735 3283 832 3358 solnm
853 3281 1080 3358 immortalitate,
1103 3284 1156 3344 sed
1178 3283 1315 3348 lelieitate
1335 3303 1448 3364 perpe-

228 3375 288 3441 tua,
319 3366 365 3426 rel
394 3366 562 3445 sicutipse
588 3366 728 3446 loquitur,
756 3379 879 3431 aeterno
908 3369 1072 3448 refrigerio
1094 3380 1124 3432 et
1146 3368 1248 3430 dioirm
1269 3374 1451 3434 amoenitate

229 3452 364 3514 intentur
386 3450 470 3520 lllsid
493 3469 555 3530 cap.
578 3455 654 3527 47.).

314 3535 409 3607 Quom
430 3542 511 3596 certo
534 3544 631 3598 autem
652 3543 683 3596 et
702 3553 772 3596 vere
792 3535 823 3598 id
843 3543 1003 3610 asseverat,
1025 3544 1084 3598 mm
1106 3535 1189 3608 laeile
1210 3536 1353 3616 ipsiusde
1367 3537 1448 3612 loco,

228 3619 279 3684 ubi
305 3619 422 3682 illorum
449 3620 563 3683 animae
591 3619 767 3699 corporibus
795 3619 908 3682 solutae
935 3620 972 3682 ad
1000 3629 1163 3684 extremum
1191 3639 1284 3700 usque
1306 3621 1450 3686 indicium

228 3705 417 3788 recipientur,
444 3704 564 3766 dubium
592 3723 626 3766 aa
654 3705 842 3766 fluctuantem
864 3704 994 3767 mimum
1015 3705 1272 3785 deprehendimus.
1315 3705 1450 3770 anam

228 3789 338 3854 etenim
359 3789 391 3853 in
412 3807 468 3852 suo
488 3788 693 3868 Apologelieo:
722 3789 911 3863 Paradisum,
940 3790 1045 3870 inquit.
1068 3795 1256 3854 nona'ncmus
1280 3790 1379 3854 locum
1403 3793 1450 3856 di-

229 3880 318 3940 cinae
339 3879 528 3940 amoenitatis
545 3876 723 3956 recipiendis
740 3887 916 3938 sanctorum
931 3877 1089 3957 spiritibus
1105 3875 1294 3948 destinatum,
1316 3881 1449 3940 maceria

229 3961 357 4041 modam
387 3965 490 4040 iqneae
523 3959 605 4022 illiue
637 3977 734 4022 zonae
762 3977 782 4020 a
809 3965 916 4024 notitia
948 3961 1030 4024 orbis
1064 3965 1226 4024 tonmsania
1259 3973 1450 4042 seqreqatnm

231 4043 340 4121 libid).
382 4043 419 4105 dt
444 4043 578 4106 nonnulli
606 4043 774 4106 existimant
798 4042 839 4106 ihi
862 4063 930 4106 eum
951 4043 1120 4125 respexisse
1141 4043 1177 4106 ad
1198 4044 1271 4106 haee
1292 4045 1448 4108 Geneseos

229 4126 334 4190 verba:
357 4127 505 4211 discitque
519 4129 614 4192 dolam
635 4140 665 4192 et
685 4127 845 4194 collocavit
865 4139 935 4192 ante
954 4129 1133 4209 paradisum
1154 4129 1320 4211 uoluptatis
1337 4130 1449 4192 cheru-

231 4211 289 4276 bim
310 4221 339 4274 et
360 4215 530 4291 flammeum
559 4214 693 4295 qiadium
721 4224 810 4296 atque
841 4213 1022 4286 uersatilem,
1053 4215 1092 4290 ad
1125 4215 1346 4278 custodiendam
1368 4219 1449 4278 aiam

230 4295 307 4376 liqui
326 4297 405 4360 uitae
426 4298 547 4371 (Genea.
568 4297 620 4362 111.
643 4298 718 4375 ult).
760 4297 1095 4378 absentaremus
1139 4297 1205 4361 Non
1227 4299 1305 4362 enim
1326 4298 1358 4362 in
1379 4299 1445 4362 ani·

230 4398 312 4442 mum
340 4380 479 4444 inducere
507 4403 594 4447 suum
619 4389 749 4464 possunt
770 4382 895 4445 maceria
915 4382 1017 4462 igneae
1038 4402 1131 4446 zonae
1150 4382 1229 4445 idem
1251 4391 1338 4463 atquc
1359 4385 1445 4446 llam·

230 4483 298 4526 meo
319 4463 415 4544 gladio
438 4466 604 4546 significari.
636 4469 743 4530 Putant
763 4467 861 4548 itaque
883 4467 1016 4530 denotari
1037 4467 1126 4530 alum
1146 4466 1245 4548 ignem
1266 4469 1445 4532 amoenioris

229 4549 287 4612 loci
308 4549 460 4616 arbitrum.
503 4553 611 4618 Verum
637 4553 711 4618 haee
731 4552 833 4634 opinio
854 4552 969 4618 rabone
991 4552 1097 4628 sallem
1116 4551 1213 4634 aliqua
1233 4551 1330 4618 fulciri
1352 4553 1428 4618 debe
