3092 5234
439 375 573 420 suenone
595 377 637 419 to.
659 377 725 420 sus.
751 378 912 422 nosssuar.
1220 368 1283 430 nott

46 522 273 586 Tertullianum
295 525 430 604 potuisse
448 533 518 605 post
533 525 675 604 scriptum
696 526 775 588 huno
787 526 894 588 lilarum
910 528 945 589 ad
963 528 1154 594 llontanistas
1175 531 1282 608 delabi,

45 609 102 686 qui
139 615 199 670 tam
231 609 357 670 dilucide
394 610 570 670 sententiam
603 610 743 672 adversus
772 611 902 672 Montani
931 611 1063 674 scholam
1091 614 1202 676 dixerat
1238 617 1283 678 rel

44 692 136 752 huuc
159 691 277 766 librtun,
300 693 331 754 in
352 711 411 772 quo
426 693 556 754 Montani
579 693 748 756 molitiones
772 703 853 755 tanto
875 695 986 773 impetu
1009 697 1136 758 damnati
1159 700 1285 774 inerant,

45 775 147 837 ettam
182 777 214 836 in
246 776 341 850 libris,
378 796 453 856 quos
482 786 619 855 tanquam
640 778 817 840 llontanista
845 780 981 853 exaravit,
1019 789 1052 840 ut
1080 781 1109 841 in
1132 783 1168 842 de
1190 781 1283 844 Carne

46 859 170 922 Christi
199 863 237 936 (c
261 863 291 925 2.
315 867 413 938 extu),
441 861 569 923 laudare.
624 861 726 940 Neque
753 881 824 924 vero
852 863 953 924 muari
982 865 1049 943 quis
1072 864 1168 938 debet,
1206 866 1281 927 Ter-

45 944 212 1005 tullianum
241 952 301 1006 um
328 963 361 1006 se
390 945 558 1008 adiunxisse
585 946 750 1007 defensioni
774 947 973 1008 doctrinarum
995 947 1025 1009 in
1048 949 1283 1011 Christianorum

44 1027 200 1090 Ecclesiis
223 1037 425 1107 susceptarum
447 1029 477 1090 in
511 1029 586 1090 libro
616 1048 704 1108 quem
733 1040 868 1108 tempore
889 1031 1063 1094 delectionis
1086 1053 1157 1096 suae
1179 1035 1214 1094 ab
1236 1035 1282 1096 his

44 1112 199 1174 Ecclesiis
214 1114 391 1192 scripseram
421 1113 576 1176 tamenim
593 1114 650 1175 iam
666 1114 732 1192 ipso
748 1122 881 1193 tempore
901 1117 1058 1178 restinctus
1080 1117 1282 1196 aliquomodo
1354 1159 1361 1166 -

45 1205 118 1257 erat
150 1196 200 1258 ille
232 1197 403 1258 Tertulliani
433 1196 463 1256 in
494 1215 581 1260 secus
616 1198 777 1259 sentientes
805 1199 986 1262 orthodoxae
1007 1201 1155 1262 Ecclesiae
1181 1202 1281 1264 socios

44 1282 141 1340 luror
173 1299 265 1359 seque
294 1281 406 1360 placato
430 1281 581 1360 paulisper
602 1281 700 1342 animo
724 1282 752 1342 in
785 1282 949 1344 haereticos
976 1293 1168 1358 converterat,
1204 1285 1283 1345 unde

44 1365 153 1424 maior
182 1383 250 1425 cum
275 1373 354 1426 reete
385 1363 583 1428 sentientibus
609 1383 776 1428 cousensus
806 1366 852 1426 rel
880 1368 982 1428 mitior
1012 1369 1047 1430 de
1070 1369 1107 1429 iis
1138 1369 1283 1430 sententia

45 1446 163 1508 extitit

615 1561 631 1592 0

597 1651 626 1724 a.
648 1647 747 1708 xtrv.

145 1780 205 1840 lam
221 1781 258 1842 de
273 1779 367 1851 libris,
391 1781 440 1858 qui
457 1790 527 1842 sunt
541 1781 577 1842 de
593 1780 687 1842 Carne
703 1781 813 1842 Christi
829 1783 923 1862 deque
936 1783 1039 1845 Carnis
1054 1785 1282 1846 Resurrectioue

46 1883 116 1924 non
148 1871 194 1926 est
218 1863 297 1943 quod
316 1864 406 1924 multa
428 1865 570 1936 dicamus,
595 1883 661 1926 nrm
677 1866 757 1926 hune
771 1885 806 1926 eo
822 1867 1021 1944 posteriorem
1040 1888 1107 1930 esse
1123 1869 1199 1930 illius
1215 1869 1281 1930 libri

46 1950 82 2008 in
107 1949 169 2008 hoo
192 1946 326 2010 excitatio
350 1948 422 2008 satis
445 1949 550 2009 doceat
571 1952 608 2018 (c.
632 1952 661 2012 2.
685 1968 714 2028 p.
738 1952 810 2012 379.
834 1950 866 2010 ll.
897 1959 927 2011 et
954 1971 983 2030 p.
1006 1954 1078 2017 380.
1103 1952 1158 2028 C.),
1178 1971 1212 2013 ac
1233 1952 1281 2014 ille

47 2033 175 2093 demunt
204 2039 275 2110 post
301 2031 408 2092 librum
437 2033 473 2093 de
501 2031 723 2094 Haereticorum
755 2033 991 2113 Praescriptione
1019 2036 1203 2114 compositus
1231 2036 1280 2108 sit,

45 2115 134 2194 quod
159 2115 264 2176 eodem
286 2115 377 2176 modo
399 2123 520 2194 apparet
541 2115 610 2189 (vid.
633 2120 663 2193 ξ.
687 2115 812 2189 attile,
835 2127 865 2178 at
885 2127 984 2178 certus
1007 2120 1114 2180 horum
1136 2119 1279 2180 libromna

47 2217 151 2259 annus
175 2217 235 2260 non
258 2205 384 2260 constat
429 2199 552 2260 Restant
573 2201 662 2278 igitur
683 2200 704 2260 ii
725 2198 802 2271 libri,
826 2220 953 2280 quorum
974 2203 1062 2276 nulla,
1086 2211 1119 2265 ut
1141 2203 1211 2264 milii
1234 2203 1279 2262 vi·

46 2283 150 2354 detur,
173 2282 254 2344 ratio
272 2283 316 2342 vel
339 2282 442 2343 aetatis
465 2285 509 2344 rel
531 2283 682 2344 doctrinae
704 2285 779 2344 tradi
800 2293 901 2363 potest
922 2286 961 2358 (is
984 2287 1062 2348 enirn
1091 2295 1154 2348 erat
1176 2287 1280 2348 tertius

47 2375 177 2427 nostrae
201 2367 372 2444 scriptionis
394 2366 499 2443 locus),
521 2367 558 2428 de
581 2367 687 2445 quibus
709 2387 775 2428 oum
797 2368 856 2442 alii,
878 2370 928 2448 qui
950 2388 1014 2430 eam
1035 2388 1098 2432 rem
1122 2389 1137 2430 a
1161 2389 1193 2429 se
1208 2387 1279 2447 per-

47 2459 187 2528 spectam
223 2459 376 2528 putarunt,¹
406 2449 573 2512 decrevisse
601 2451 657 2512 sibi
686 2452 742 2512 visi
776 2452 838 2513 sint
867 2471 931 2514 oum
965 2453 1060 2532 aliqua
1094 2453 1279 2524 certitudine,

46 2553 246 2612 quaecunque
268 2534 297 2593 in
320 2534 408 2594 istam
429 2553 493 2595 rem
515 2534 711 2612 disputarunt,
741 2553 775 2594 ea
798 2554 863 2608 nos,
887 2536 993 2613 quibus
1016 2536 1109 2615 magis
1131 2537 1227 2614 placet
1249 2537 1278 2596 in

46 2619 105 2678 hac
128 2636 218 2678 causa
241 2617 435 2679 verecundius
459 2617 550 2696 loqui,
574 2625 693 2696 oportet
709 2618 858 2696 paululum
884 2629 1037 2697 postremo
1052 2620 1118 2680 loco
1131 2627 1277 2680 excutere.

45 2701 103 2762 Est
133 2701 223 2762 huius
251 2702 369 2780 generis
398 2701 473 2762 liber
504 2701 541 2762 de
561 2701 761 2772 Poenitentia,
799 2721 885 2780 quem
909 2703 1080 2764 Tertulliani
1109 2721 1177 2763 esse
1205 2703 1279 2762 adeo

45 2785 179 2864 negabat
206 2785 348 2846 Erasmus
377 2784 520 2862 probatus
550 2785 581 2844 in
610 2785 664 2844 hae
690 2803 723 2844 re
752 2785 907 2845 allallaeo
936 2785 1103 2864 aliquando,
1132 2786 1220 2844 etiam
1244 2784 1279 2844 ab
1308 2807 1310 2812 ’

46 2869 243 2942 Hoffmanno,
276 2867 401 2928 maxime
433 2877 557 2946 propter
589 2867 648 2927 stili
678 2867 947 2928 dissimilitudinem
976 2869 1006 2928 in
1036 2869 1094 2927 lroc
1115 2867 1280 2945 ceterisque
1374 2913 1377 2924 ,

46 2952 228 3014 Tertulliani
249 2952 351 3024 libris,
379 2969 466 3030 quam
490 2969 555 3028 ego,
584 2952 687 3018 lateor,
717 2950 938 3028 deprehendere
966 2969 1027 3010 non
1050 2951 1122 3012 satis
1144 2969 1278 3028 possum,

46 3037 169 3098 etiamsi
201 3035 251 3096 liic
286 3053 345 3095 non
379 3044 438 3096 tam
465 3043 605 3114 appareat
631 3033 804 3112 impeditum
833 3034 904 3095 illud
933 3042 962 3094 et
988 3034 1138 3095 concisum
1164 3032 1281 3094 dicendi
1384 3076 1393 3090 .

46 3139 159 3198 genus,
182 3117 262 3198 quod
285 3128 388 3195 regnat
410 3117 439 3177 in
462 3117 580 3180 ceteris.
634 3117 735 3195 Neque
764 3118 842 3178 enim
872 3126 949 3178 tanta
978 3127 1040 3182 est.
1063 3125 1169 3196 quanta
1192 3125 1279 3194 puta·

46 3213 106 3277 tur,
130 3205 208 3264 haec
229 3201 450 3274 dissimilitudo,
473 3201 525 3262 sed
549 3203 650 3262 cadem
672 3202 762 3262 lraota
784 3209 814 3261 et
835 3201 997 3279 interrupta
1020 3200 1108 3260 dictio
1128 3200 1280 3270 incestat,

48 3304 125 3362 quae
152 3295 199 3348 est
220 3285 249 3347 in
272 3285 336 3346 aliis
357 3285 504 3368 mitigatae
526 3285 675 3364 paulisper
696 3284 832 3345 dictionis
860 3285 962 3354 libris,
990 3283 1077 3344 veluti
1106 3283 1136 3346 iu
1164 3281 1202 3343 iis
1230 3280 1280 3361 qui

50 3376 123 3428 sunt
154 3371 190 3430 de
222 3369 364 3430 Patientia
401 3368 495 3448 deque
517 3369 596 3447 Fuga
627 3369 658 3430 in
679 3369 899 3429 Persecutione.
944 3368 990 3428 Sit
1016 3367 1104 3446 igitur
1131 3366 1179 3426 hie
1206 3365 1280 3427 liber

13 3469 14 3474 ¹
50 3450 191 3528 Septimii
212 3453 318 3523 nostri,
341 3453 393 3514 sed
416 3472 484 3514 cum
508 3472 574 3514 cum
597 3451 750 3524 scriberet,
773 3453 926 3514 cuiusnam
949 3461 1046 3514 sectae
1072 3451 1160 3512 luerit
1181 3449 1279 3510 dicere

13 3531 14 3568 ἓ
50 3551 114 3593 non
150 3534 255 3596 audeo.
319 3536 356 3597 nt
391 3536 439 3597 hic
465 3537 651 3598 intercedunt
679 3538 741 3598 lere
779 3556 883 3598 omnes
921 3535 1175 3612 tutissimumque
1213 3551 1280 3593 esse

13 3645 14 3654 ¹
50 3617 134 3678 aiunt
163 3637 228 3679 cum
261 3619 442 3681 Orthodoxis
472 3631 534 3682 tum
563 3619 774 3681 Tertullianum
812 3619 956 3687 sensisse,
993 3637 1118 3694 namque
1155 3623 1184 3676 et
1213 3634 1280 3674 cum

51 3701 151 3762 coetui
174 3719 259 3761 sacro
281 3711 457 3780 potestatem
480 3703 641 3764 concedere
670 3703 774 3764 delicta
802 3701 988 3763 condonandi
1016 3701 1063 3772 iis,
1091 3699 1140 3776 qui
1162 3696 1279 3774 gravius

13 3803 15 3820 ³
50 3791 237 3862 peccassent,
260 3801 348 3859 quam
369 3803 496 3860 prorsus
519 3784 717 3846 destruxisset
736 3786 767 3845 in
788 3786 865 3846 libro
889 3786 925 3846 de
947 3783 1103 3854 Pudicitia,
1127 3787 1156 3840 et
1177 3779 1207 3838 in
1229 3778 1278 3838 illo

13 3895 14 3902 ¹
51 3868 132 3928 libro
155 3867 253 3944 ipsum
274 3863 356 3924 illum
378 3866 521 3942 profiteri,
544 3886 577 3927 se
599 3885 677 3928 nune
698 3870 850 3930 conluere
872 3868 945 3928 velle
966 3867 1074 3929 librum
1099 3879 1187 3942 qoem
1209 3861 1279 3920 olim

13 3961 18 3992 a
52 3950 173 4011 haeresi
206 3947 372 4009 communis
403 3947 553 4010 Ecclesiae
589 3949 723 4012 addictus
750 3970 806 4029 pro
843 3952 898 4012 lrao
924 3956 1071 4028 potestate
1099 3944 1278 4022 scripsisset.

13 4035 20 4080 l
51 4035 87 4094 ln
109 4051 167 4110 qua
190 4031 328 4092 universa
349 4030 547 4110 disputatione
568 4031 661 4092 multo
684 4033 846 4110 sapientior
867 4034 939 4094 mihi
958 4033 1072 4092 videtur
1085 4027 1280 4088 llollmannus

14 4137 20 4163 ι
54 4134 144 4194 quam
173 4116 204 4176 in
232 4115 348 4176 ceteris.
408 4113 540 4193 Namque
569 4115 606 4185 (l.
630 4131 655 4174 c.
679 4117 709 4190 5,
732 4115 821 4190 lilii.)
849 4116 949 4191 pulcre
983 4117 1086 4174 monet
1113 4111 1158 4180 is,
1191 4110 1279 4186 longe

14 4215 21 4250 t
54 4200 202 4260 diversam
225 4217 295 4260 esse
316 4198 520 4276 quaestionem
543 4199 573 4258 in
595 4197 672 4258 libro
695 4198 732 4258 de
753 4198 938 4259 Poeuitentia
961 4192 1146 4273 propositam
1175 4191 1211 4252 ab
1233 4209 1277 4265 ea,

14 4293 21 4338 t
55 4301 144 4361 quam
167 4281 367 4344 Tertullianus
390 4281 419 4342 in
443 4281 656 4342 commentario
679 4299 771 4358 super
792 4279 933 4342 Pudicitia
950 4276 1060 4356 posuit,
1084 4285 1169 4353 atque
1192 4275 1279 4335 etiam

14 4385 17 4420 t
53 4367 251 4428 llontanistas
289 4385 376 4426 omne
410 4365 480 4424 illud
512 4365 648 4444 potuisse
679 4363 852 4436 defendere,
884 4362 961 4440 quod
996 4367 1043 4420 est
1078 4359 1108 4420 in
1137 4357 1212 4418 libro
1241 4357 1278 4417 de

18 4465 36 4490 ··-
53 4450 238 4512 Poenitentia
266 4448 464 4528 propositum.
523 4448 664 4510 Videlicet
692 4461 762 4507 non·
780 4465 872 4524 super
895 4463 928 4506 ea
950 4463 983 4505 re
1005 4450 1068 4503 erat
1089 4441 1279 4503 Ortltodoxos

14 4549 18 4589 t
51 4532 132 4594 iuter
154 4543 184 4596 et
204 4531 399 4594 llontanistas
422 4532 570 4611 quaestio:
606 4537 770 4610 possentne
799 4529 830 4602 ii,
858 4527 908 4607 qui
937 4527 973 4588 ad
994 4527 1192 4605 impuritatem
1213 4523 1278 4603 pri-

14 4621 22 4680 i
87 4637 247 4682 'laaxnxxurr
259 4649 311 4681 oar.
325 4649 363 4680 xo.
379 4647 478 4681 οιιιιι.
504 4635 567 4679 Tem.
586 4633 625 4677 ill.
1040 4627 1072 4678 ³0
