3132 5238
424 385 555 430 tocroas
576 386 674 430 suras
696 386 791 430 naurs.
816 386 845 430 v.
867 387 895 430 u.
917 385 948 430 ι.
1105 399 1114 410 -
1255 373 1300 436 hl

105 537 189 613 scipta
210 535 346 606 merens,
369 535 504 598 eiusdem
526 553 593 598 esse
614 535 725 598 luricae
747 537 954 616 comprobem,
976 537 1113 611 adeost,
1135 539 1299 620 quoddisit

103 621 275 698 Hieronymus
297 619 328 682 in
348 620 449 684 multis
471 620 553 682 libris
576 639 670 688 norae
691 621 864 702 prophetiae
883 621 1094 686 Tertullianum
1116 623 1296 700 meminisse,

101 704 350 784 idsspientissime
379 713 410 767 st
436 713 504 785 post
525 715 691 768 accuratum
713 725 834 768 examen
856 707 893 768 ab
915 707 965 768 illo
986 709 1207 786 prontmtiatum
1229 727 1297 770 esse

100 799 185 868 pauet.
226 789 291 852 lloe
318 791 417 869 ipsum
447 799 492 852 est
518 791 597 870 quod
625 791 683 853 iam
704 791 965 854 demonstrandam
987 793 1081 866 renit3
1113 812 1147 856 ac
1167 793 1295 873 priunum

98 873 173 936 deiis
194 873 278 936 libris
302 874 351 954 qui
374 874 544 955 disciplinae
564 875 751 938 severitatem
773 895 807 938 ae
827 895 943 940 norum
965 878 1146 942 sanctitatem
1161 887 1296 958 spectare

98 959 220 1022 sidentur.

500 1159 503 1172 ·
592 1145 712 1207 CAPUT
733 1145 779 1208 Vl.

106 1261 133 1311 lle
148 1263 173 1312 iis
191 1263 266 1324 libris,
287 1265 375 1328 quibus
394 1263 553 1316 Tertullianus
573 1267 620 1316 iarn
639 1265 779 1316 lloutanista
800 1265 949 1330 disciplinam
969 1281 980 1314 a
1001 1275 1136 1330 contemptu
1156 1265 1286 1316 vindicavit.

162 1380 218 1442 Eos
238 1382 320 1442 inter
339 1381 432 1444 libros
452 1382 567 1460 primus
590 1383 718 1463 scriptus
740 1401 808 1444 esse
829 1383 945 1446 videtur
966 1382 1040 1446 liber
1054 1385 1091 1446 de
1102 1383 1294 1464 Spectaculis,

92 1463 129 1524 mi
146 1465 247 1528 lhmm
269 1467 311 1528 de
332 1464 498 1528 ldololatria
514 1467 618 1530 eodem
641 1477 774 1548 tempusa
795 1467 956 1530 subiunxit.
1000 1467 1086 1530 (lente
1107 1469 1138 1530 in
1159 1469 1235 1532 libro
1257 1469 1294 1530 de
1351 1535 1355 1548 ¹

92 1547 239 1611 ldololuria
258 1569 328 1630 cap.
343 1553 392 1616 13.
414 1551 513 1614 laudnt
534 1552 640 1614 librant
662 1553 698 1614 de
710 1552 900 1630 Spectaculis.
928 1552 994 1625 Quo
1016 1561 1150 1634 tompore
1170 1561 1294 1632 utorqttc

92 1635 202 1714 scriptus
222 1637 261 1698 sit
283 1636 335 1698 laic
355 1636 431 1698 liber
452 1637 497 1698 ris
519 1645 653 1698 accurate
674 1644 773 1716 potest
793 1635 917 1700 deliniri.

161 1720 360 1782 Achiuabatur
382 1721 528 1783 Panaetius
555 1722 684 1800 scriptos
706 1721 828 1783 Chilone
850 1729 880 1782 et
899 1721 1013 1784 Libone
1039 1721 1231 1794 oonsulibus,
1262 1721 1293 1786 id

92 1811 131 1863 est
148 1823 217 1866 anno
238 1805 336 1867 cclv.
359 1806 447 1885 idque
469 1815 531 1868 tum
550 1806 704 1868 occasione
716 1805 829 1886 Pythici
851 1805 953 1885 agonis
968 1805 1142 1886 Carthagine
1163 1826 1199 1868 eo
1214 1824 1293 1869 mno

93 1887 227 1962 ulebrati,
247 1901 313 1952 tum
337 1891 492 1952 occasiorm
512 1891 648 1954 ludorum
664 1890 856 1954 succidariunr
878 1891 927 1970 qui
949 1891 1006 1956 boc
1024 1893 1129 1956 eodan
1151 1891 1293 1971 temporis
1335 1889 1337 1896 '

95 1971 200 2034 articulo
217 1975 331 2036 Romae
353 1976 577 2054 apparabantur.

163 2058 220 2119 d'ou
240 2059 355 2139 placuit
369 2060 490 2122 Pomelii
512 2060 658 2124 sententia
670 2060 811 2133 Beronio,
832 2068 865 2122 ut
882 2067 1006 2122 testatru
1022 2061 1057 2122 sd
1073 2079 1181 2122 cnutum
1197 2059 1291 2120 ccvt.

93 2143 114 2216 l.
134 2147 159 2205 l.
197 2145 300 2206 llahrit
328 2145 437 2224 sumta
466 2145 538 2206 hacc
564 2145 709 2208 volumina
730 2145 856 2206 Anulino
879 2153 908 2206 et
929 2144 1080 2208 montone
1109 2143 1291 2220 oonsulibus,

93 2225 173 2291 idest
189 2248 264 2292 anno
276 2229 418 2301 cxcix..
440 2229 496 2294 suh
519 2231 576 2292 hoc
595 2230 750 2292 consulatu
770 2233 800 2306 ξ.
813 2231 864 2293 36.
887 2231 1018 2293 reterens
1030 2247 1104 2308 quae
1116 2228 1291 2294 hahetTer-

94 2311 208 2376 tullianus
229 2315 266 2376 de
290 2315 474 2393 Spectaculis
497 2333 559 2393 cap.
581 2318 633 2380 td.
655 2316 692 2376 ad
714 2315 868 2375 historiam
890 2314 1074 2392 pertinentia.

160 2397 261 2460 llemm
283 2417 355 2460 cum
376 2399 521 2461 Batonius
543 2418 579 2461 ex
600 2399 718 2479 antiquo
739 2399 938 2478 praeiudicio,
960 2399 1070 2460 scilicet
1092 2410 1152 2462 mm
1174 2407 1290 2476 tempo-

95 2481 126 2541 ris
139 2483 347 2546 lertullianum
363 2483 474 2545 Romae
496 2485 604 2545 vixisse
627 2492 656 2546 et
680 2483 900 2563 apologeticum
921 2483 962 2545 ihi
984 2483 1143 2564 scripsisse
1162 2482 1292 2562 putabat,

97 2564 120 2624 iu
142 2586 196 2630 um
226 2569 369 2630 inciderit
402 2570 591 2642 senteutiam,
624 2569 653 2631 id
680 2569 766 2632 etiarn
794 2568 876 2630 illum
898 2568 1034 2632 aberrare
1056 2585 1217 2630 necesstnn·
1235 2574 1290 2628 est.

99 2647 175 2720 Ouidi
195 2655 275 2732 quod
299 2653 433 2733 idipsum
454 2653 500 2714 rel
522 2673 557 2716 en
579 2654 643 2733 ipso
666 2655 702 2715 de
712 2653 892 2732 Spectaculis
913 2653 990 2716 libro
1013 2653 1095 2714 lacile
1116 2661 1215 2731 potest
1236 2653 1290 2714 do·

97 2739 238 2800 nonsuari.
266 2739 348 2800 lliue
369 2739 449 2799 enim
470 2739 580 2800 Romae
598 2737 810 2800 Tertullianum
832 2745 895 2800 tum
917 2756 977 2799 non
999 2737 1090 2798 luisse
1112 2737 1184 2798 satis
1206 2737 1293 2798 docet

94 2837 161 2896 emm
180 2823 300 2887 adhibet
323 2822 462 2902 loquendi
483 2825 559 2885 ratio
582 2841 644 2902 cap.
669 2826 698 2885 7.
731 2823 854 2896 Quuutu
873 2831 1036 2902 praetereo
1057 2837 1156 2890 sucro,
1179 2829 1293 2899 quanto

96 2909 221 2988 sacrificio
247 2909 424 2990 procedunt
451 2909 498 2982 (de
520 2907 702 2970 circensibus
724 2907 801 2967 ludis
822 2906 962 2984 loquitur)
991 2904 1191 2975 intercedunt,
1221 2923 1291 2966 esc-

96 2991 186 3067 cedunt,
207 3005 281 3075 punt
305 2993 442 3073 callepio,
459 3006 536 3075 ,quot
557 2993 740 3061 sacerdotio,
763 3001 835 3072 puot
857 2989 960 3068 osfiu'u
980 2998 1169 3060 moueantur,
1193 2991 1292 3050 sciunt

97 3071 201 3140 lenius
221 3078 312 3140 illius
341 3075 430 3140 llrbie
451 3081 483 3140 in
505 3096 563 3158 quc
586 3077 814 3138 demoniorum
835 3083 997 3136 consectus
1020 3073 1162 3134 cousedtt.
1192 3071 1290 3134 Huius

99 3155 176 3232 Urbs,
195 3182 257 3224 non
279 3161 371 3224 illius
394 3161 531 3234 dixisset,
560 3161 587 3222 si
607 3168 670 3222 tum
692 3157 994 3238 suipsiusesslomm,
1016 3175 1103 3236 mam
1116 3155 1290 3218 daemonio·-

98 3257 148 3302 utn
163 3257 340 3310 conventum
356 3247 500 3327 ‘infamem
521 3247 564 3308 sic
586 3244 786 3325 depraedicat,
816 3261 876 3304 non
906 3259 1047 3321 expresso
1069 3242 1198 3306 minine.
1242 3242 1293 3306 Sic

100 3335 204 3406 cap.11‚
249 3332 390 3394 Prusiade
411 3332 506 3402 tituli,
543 3331 682 3411 Olympio
702 3329 771 3392 looi
790 3347 864 3409 puue
883 3339 956 3389 suut
977 3327 1087 3390 nome
1111 3327 1290 3407 Capitolino,

99 3419 139 3472 etr.
159 3417 223 3478 satis
251 3437 285 3479 se
315 3435 378 3477 non
401 3416 431 3476 iu
454 3416 531 3476 Urbe
559 3415 690 3478 scribare
710 3413 850 3492 indigitat.
893 3412 976 3474 lllino
998 3431 1068 3476 vero
1090 3431 1176 3491 quam
1200 3411 1293 3476 iuiicit

93 3505 255 3573 ermilinae
277 3520 344 3581 cap.
368 3503 420 3564 30.
442 3501 562 3574 mentio,
595 3519 670 3579 quos
690 3505 895 3580 persecutores
917 3497 1062 3560 Doudnici
1084 3497 1214 3560 nonunis
1235 3497 1290 3558 de-

96 3582 185 3659 tuna,
216 3589 325 3650 eadem
354 3585 468 3646 ratione
496 3605 551 3664 qua
574 3585 742 3648 eorumdem
763 3583 914 3650 ueritiam
936 3581 973 3642 in'
989 3581 1086 3644 libello
1105 3580 1231 3660 supplici
1254 3579 1291 3644 sd

96 3665 223 3748 Scapulam
245 3670 461 3752 proconsulem
474 3670 586 3730 Africae
609 3668 757 3741 describit,
780 3667 835 3728 hos
858 3667 894 3727 de
910 3665 1089 3746 Spectaculis
1111 3675 1141 3726 et
1162 3665 1199 3726 de
1218 3663 1289 3726 lda-

96 3749 185 3816 hlatria
204 3755 303 3818 libros‘
323 3757 354 3817 in
369 3755 474 3828 dirim,
494 3754 545 3816 nbi
560 3754 748 3816 notissimum
762 3751 931 3831 praesidum
946 3769 1064 3824 noman,
1087 3749 1182 3810 addus
1198 3748 1291 3808 luisse

96 3839 247 3902 mitesce
761 3848 764 3854 ’
1086 3851 1091 3866 ·

160 3925 243 3988 Ceae
276 3943 315 3986 ea
337 3924 414 3986 libro
443 3924 479 3984 ad
499 3922 655 4004 Scapulam
675 3929 755 4000 patet
777 3921 927 4000 Vigellirrm
951 3916 1140 3982 Saturninum
1162 3913 1290 3993 primum

99 4001 122 4062 lt
139 4007 221 4072 blaise
243 4011 376 4090 gladium
398 4008 552 4070 strinxisse
575 4009 714 4068 aduersus
733 4005 930 4068 Christianos.
969 3999 1149 4064 Herennium
1176 4007 1292 4064 constat

101 4101 178 4162 poam
194 4096 345 4158 imitanum
369 4111 436 4154 esse
456 4093 607 4154 Saturnini
628 4091 837 4164 crudelitatem,
863 4096 979 4152 mortuo
1002 4084 1136 4146 lhtusuo
1158 4101 1290 4163 monna

101 4171 162 4246 ⁸⁰¹⁰.
178 4179 241 4259 'pso
263 4179 357 4242 natali
379 4178 467 4240 Getae
489 4177 641 4251 damaris,
663 4176 712 4255 qui
733 4174 894 4238 celebratas
916 4180 962 4234 est
982 4169 1177 4267 mucelli..
1201 4177 1232 4234 ut
1254 4187 1290 4234 ex

99 4256 155 4320 acus
171 4261 335 4344 Perpetuus
364 4271 394 4324 et
414 4261 569 4324 Felicitatis
597 4269 685 4341 patet.
730 4259 804 4322 Tum
830 4267 928 4320 autem
948 4263 1001 4318 aut
1020 4261 1089 4333 post
1109 4255 1290 4334 ahquentum

98 4347 190 4422 leupus
209 4349 294 4410 datas
318 4367 384 4410 esse
404 4347 546 4426 plurimas
567 4345 800 4425 spectaculorum
811 4341 995 4404 vitandorum
1009 4339 1179 4404 occasiones
1192 4339 1291 4407 innuit

98 4435 132 4487 *Ι
149 4430 250 4495 diaerte
271 4432 473 4496 Tusuritana
494 4433 541 4493 his
562 4431 674 4492 uerbis:
698 4429 812 4500 Odisse,
834 4425 938 4504 inquit,
961 4425 1096 4490 teum
1112 4430 1193 4488 ‘istos
1216 4443 1290 4488 οοο-

98 4523 183 4578 mors
201 4530 230 4580 et
253 4528 357 4582 cretus
379 4517 574 4588 ethnicorum,
598 4514 647 4576 oel
664 4513 746 4594 quod
765 4513 829 4574 illic
848 4528 957 4572 nomes
979 4509 1035 4574 uu
1055 4509 1290 4590 blasphematur.

100 4591 145 4658 utu
163 4604 192 4664 tn
211 4620 268 4666 uos
292 4603 462 4684 quotidiani
482 4601 580 4664 leones
602 4597 845 4682 expostulentur,
868 4595 935 4658 inde
946 4598 1170 4675 persecutiones
1185 4595 1290 4658 teur-
