3082 5238
437 409 573 456 rucanas
595 411 637 454 ro.
659 410 727 454 aus.
749 409 912 456 messena.
1223 395 1282 460 aet

62 557 240 630 detenderet,
277 559 316 618 ita
347 566 380 620 ut
408 559 534 637 empitet
565 577 628 632 eos,
665 559 715 638 qui
743 559 799 621 sibi
821 560 978 622 sumebant
998 567 1175 640 potestatem
1196 561 1286 624 dandi

61 641 180 703 venians
201 640 386 716 delictorum,
424 661 499 721 quae
520 643 572 703 nni
599 651 698 704 tamen
725 643 788 704 Deo
816 652 1007 723 competeret.
1060 643 1149 706 Cuius
1171 645 1226 718 rei,
1246 645 1286 706 ¹ni

62 725 155 797 lallor,
178 725 421 803 significationem
445 725 475 786 in
498 725 556 786 illis
578 726 677 787 verbis
698 725 822 805 reperit:
851 746 945 807 raeque
968 739 1125 809 pererrem
1153 729 1284 801 dimittit,

62 827 155 888 asper
182 813 325 888 spiritam
353 809 490 890 r'udulpet
517 813 580 870 uisi
599 809 681 872 Deua
708 810 809 883 solam
844 829 920 888 quae
946 811 1096 889 quomodo
1123 811 1285 882 nonnisia

61 891 206 969 scriptore
239 892 409 972 disciplinae
432 892 562 954 llontaui
595 893 695 954 dedito
722 894 910 972 pronuntiari
930 895 1096 972 potuerint,
1128 911 1190 955 nou
1211 911 1282 972 per-

61 975 165 1053 spicio.
200 975 276 1036 Nam
296 995 394 1055 neque
414 976 485 1037 illud
508 975 627 1037 sodales
650 978 831 1039 orthodoxae
846 977 995 1040 Ecclesiae
1008 979 1164 1056 negabant,
1186 995 1284 1057 neque

60 1059 96 1118 de
118 1076 153 1120 ea
174 1077 208 1120 re
230 1067 295 1120 erat
314 1077 368 1121 eos
389 1060 467 1121 iuter
488 1067 519 1120 et
538 1059 731 1122 Montanistae
752 1061 931 1140 disputati03
962 1062 1016 1123 sed
1043 1062 1084 1123 illi
1108 1060 1284 1136 orthodoxi,

59 1142 193 1219 quamvis
221 1143 343 1204 nonnisi
363 1143 426 1204 Deo
454 1150 633 1222 potestatem
660 1145 906 1206 remittendorum
928 1153 1114 1224 peccatorum
1142 1145 1282 1224 adsigna·

59 1234 137 1297 rent,
170 1226 335 1302 negandam
371 1235 469 1288 tamen
505 1243 608 1304 pacem
644 1227 693 1301 iis,
727 1229 777 1306 qui
807 1237 930 1308 propter
965 1237 1084 1309 peccata
1119 1229 1236 1289 luerunt
1266 1247 1285 1290 e

60 1309 201 1370 societate
230 1327 313 1370 sacra
341 1309 436 1383 eiecti,
465 1327 526 1370 nnn
556 1310 706 1388 putabant,
735 1312 881 1390 siquidem
909 1313 951 1373 illi
979 1331 1012 1372 se
1033 1311 1120 1373 uitam
1143 1313 1286 1372 emenda·

59 1399 144 1452 turos
166 1391 385 1470 pollicerentur.
427 1394 537 1454 Postea
558 1393 637 1454 bunc
658 1393 766 1456 librum
794 1395 840 1456 vir
866 1395 972 1458 doctus
1001 1396 1043 1456 ait
1068 1396 1104 1456 ad
1133 1396 1283 1456 calamita·

59 1482 123 1536 turn
144 1475 321 1538 Christianis
344 1496 360 1537 a
382 1477 506 1539 deorum
527 1477 689 1538 emtoribus
711 1478 912 1540 immissarum
937 1480 1025 1559 plena
1057 1487 1191 1564 tempora
1212 1497 1284 1557 per-

58 1558 172 1631 tinere;
206 1577 282 1638 quae
308 1570 355 1622 est
381 1561 454 1622 levis
482 1563 616 1639 prolecto
643 1561 820 1623 coniectura.
863 1563 937 1624 Nam
965 1581 990 1623 c.
1016 1566 1064 1626 16.
1088 1562 1154 1624 libri
1176 1563 1283 1636 nostri,

59 1661 148 1721 quem
169 1643 266 1704 lacurn
289 1643 338 1704 ille
359 1651 540 1706 antestatur:
562 1657 607 1706 est
626 1645 714 1707 nodia
736 1650 828 1707 edum
841 1647 1004 1708 secuudum
1020 1647 1184 1716 lavacrum,
1209 1666 1284 1709 sora-

57 1731 160 1803 psrr'ru'r
183 1727 304 1796 scilicet,
336 1728 417 1789 nullo
446 1728 535 1788 medo
564 1735 626 1789 tum
653 1746 796 1805 praesens
826 1729 988 1808 periculum
1011 1730 1151 1790 ostendit
1197 1729 1285 1801 Quod

60 1809 87 1870 si
110 1819 372 1872 commemoratum
395 1812 482 1872 etiam
504 1810 718 1872 aTertulliauo
741 1813 857 1886 luisset,
879 1831 941 1874 non
962 1821 1120 1892 propterea
1140 1812 1189 1874 bic
1209 1813 1285 1876 liber

59 1892 98 1952 ad
122 1891 232 1970 scripta
253 1893 385 1955 Montani
410 1895 563 1956 erroribus
591 1895 699 1956 referta
727 1895 813 1957 abiici
841 1905 956 1976 posset,
990 1905 1062 1958 sunt
1087 1896 1166 1958 enim
1193 1897 1286 1960 multa

60 1975 235 2037 Tertulliani
258 1977 366 2058 scripta
389 1981 434 2050 (ut
454 1979 532 2039 lliss.
554 1979 578 2038 l.
601 1978 803 2056 docebamus),
831 1981 961 2058 aequalia
987 1980 1034 2042 bis
1061 1980 1285 2054 calamitatibus,

7 2139 8 2142 Ἴ
59 2067 130 2120 ante
153 2059 324 2122 Tertulliani
347 2062 542 2124 delectionem
564 2062 738 2142 composita.
784 2063 844 2124 Sed
876 2081 973 2142 neque
1000 2064 1066 2143 ipsc
1093 2065 1141 2126 ille
1168 2063 1284 2144 dicendi

7 2205 8 2224 ,
59 2143 181 2216 modus,
203 2161 262 2222 quo
285 2131 483 2207 Tertullianus
505 2147 651 2208 cruciatus
679 2145 805 2224 aliquem
836 2146 926 2208 veluti
947 2147 1126 2226 baptismum
1148 2149 1285 2227 appellat,

60 2227 162 2288 statim
189 2227 395 2291 Montanistanr
423 2229 539 2309 prodit,
573 2230 632 2291 nisi
659 2229 784 2292 velimus
811 2231 909 2292 dicere
931 2231 1090 2309 origenem
1117 2240 1287 2311 quoquest

7 2373 8 2396 2
58 2309 147 2383 alios,
169 2329 297 2390 quorum
317 2313 382 2374 loca
403 2313 492 2374 babet
512 2312 692 2375 lloduellusi
714 2315 765 2392 qui
786 2332 937 2392 nunquam
952 2315 1079 2376 accusati
1094 2316 1285 2377 blontauismi

59 2395 154 2466 luere,
185 2404 308 2473 propter
335 2415 399 2459 eam
427 2415 491 2458 rem
519 2397 652 2459 societati
673 2398 917 2460 llontauistaium
944 2398 1078 2460 addictos
1105 2399 1208 2460 baberi
1229 2401 1284 2460 de-

58 2477 165 2539 beret.
222 2479 356 2558 Denique
390 2481 470 2559 quod
505 2499 566 2542 non
603 2479 729 2542 obscure
766 2483 976 2544 Tertullianum
1014 2483 1120 2543 eodem
1151 2484 1183 2542 in
1218 2483 1285 2544 lacn

7 2643 8 2648 ’
94 2649 110 2696 i.
138 2647 238 2696 llissert.
257 2647 368 2712 Cypriae.
387 2649 449 2700 xltt.
475 2665 537 2713 qaae
559 2657 597 2698 ιιι
620 2649 650 2700 de
699 2649 847 2712 baptismum
871 2647 992 2711 triplicem
1019 2648 1225 2708 confirmandum,
1261 2657 1288 2700 ιιι

56 2713 170 2762 secundo
190 2715 294 2776 martirii
313 2715 442 2780 baptismo,
462 2717 485 2766 iu
496 2717 581 2780 primis
591 2712 615 2780 ἦ.
626 2713 649 2764 2.
700 2723 786 2779 postea
806 2717 905 2778 patebit,
924 2716 991 2764 nollo
1004 2717 1076 2764 modo
1089 2716 1223 2774 consentit,
1243 2730 1286 2765 ne·

93 2781 116 2828 lr.
139 2783 168 2829 Αι
186 2781 265 2830 dicere
284 2783 323 2844 qni
337 2790 435 2846 posset,
455 2782 519 2842 illos,
538 2783 578 2846 qui
595 2790 651 2846 post
699 2797 748 2846 pue
767 2788 846 2830 tamen
865 2781 1219 2845 hocttpipusniiteetimonium
1232 2782 1286 2830 uni·

57 2846 239 2897 Tertullianum
252 2848 358 2906 vixerint,
378 2849 529 2898 Christianos
545 2848 650 2912 scripto·
701 2861 769 2897 verse
788 2848 990 2897 contemnendum
1009 2847 1121 2896 arbitror.
1146 2847 1197 2895 Erit
1216 2847 1287 2909 igitur

57 2929 109 2974 res,
138 2929 192 2964 cum
219 2927 313 2964 samma
332 2915 475 2966 existimatio
495 2929 579 2964 eoram
598 2923 650 2964 orta
701 2928 791 2978 operae
809 2916 922 2982 pretinm,
940 2921 966 2962 ut
984 2916 1095 2977 quisnam
1114 2914 1134 2963 ie
1152 2913 1225 2964 luerit
1242 2914 1287 2964 tri-

57 2989 137 3040 easet,
161 2982 201 3046 qni
225 2982 261 3032 rel
281 2991 358 3032 morta
375 2982 412 3031 rel
430 2982 576 3032 cruciatibus
594 2995 650 3032 sus·
701 2982 757 3045 plex
776 2981 903 3032 llarcicnia
921 2982 1055 3046 baptismus
1074 2981 1176 3032 breuiter
1203 2989 1286 3032 osteu-

58 3050 141 3114 ceptis
152 3049 273 3100 Christum
292 3050 398 3098 confessi
416 3049 513 3112 publice
532 3056 608 3108 erant,
629 3056 653 3098 ut
704 3049 768 3098 dam·
805 3046 828 3108 1)
848 3049 919 3098 ldulta
937 3055 993 3098 sunt
1011 3048 1172 3110 indisciplina
1186 3049 1288 3098 ldarcio·

59 3115 108 3165 alia
132 3115 210 3180 plura,
230 3115 292 3164 bane
310 3131 406 3180 qnoque
416 3115 510 3164 dicendi
523 3123 652 3165 consuctu-
704 3115 742 3165 uis
760 3115 849 3164 similia
867 3115 1008 3178 disciplinae
1027 3113 1192 3174 llanicboeae,
1217 3131 1288 3180 quem

58 3185 145 3232 dinem
177 3198 189 3230 a
214 3183 364 3232 llontaniatie
395 3183 544 3246 sumpsisse,
574 3197 652 3246 neque
704 3182 822 3231 ldauetem
851 3191 944 3231 constat
971 3195 1029 3230 suos
1056 3183 1080 3230 in
1111 3181 1237 3231 luditures
1266 3191 1289 3232 et

57 3265 120 3314 erga
141 3251 228 3299 bornus
248 3250 300 3298 loca
319 3265 374 3299 esse
392 3249 478 3299 idonea
497 3251 527 3299 ad
546 3249 652 3298 liberau-
704 3249 801 3299 Electus
827 3248 979 3310 distinxiss03
1004 3263 1077 3312 qnare
1102 3249 1165 3298 band
1189 3251 1239 3299 scio
1259 3263 1288 3299 sn

58 3319 120 3368 dum
146 3319 211 3368 banc
233 3331 371 3368 sermonem
394 3333 407 3366 a
433 3317 583 3366 lloutauiami
610 3332 653 3366 sa·
705 3317 851 3367 llarcianitie
875 3331 922 3366 uon
948 3317 1131 3382 penitentem
1150 3316 1288 3368 distributio

57 3386 183 3450 spiciam,
202 3385 345 3449 praesertim
359 3399 413 3434 cum
423 3385 445 3434 is
455 3385 549 3448 primus
562 3385 585 3434 in
594 3385 653 3434 Ter-
706 3384 836 3446 adsignari,
855 3399 909 3434 cum
920 3383 1083 3434 Tertullianus
1102 3383 1215 3434 adversus
1224 3385 1288 3434 blar-

57 3451 650 3515 tulliauoaliorumquelloutanistaromscriptis,
703 3451 798 3502 cionem
817 3449 857 3499 lib.
877 3451 900 3500 v.
921 3467 940 3500 c.
960 3451 982 3498 l.
1005 3467 1028 3516 p.
1050 3466 1081 3500 nr.
1100 3449 1148 3500 588
1163 3451 1188 3500 C.
1207 3453 1288 3501 uidea-

57 3519 135 3570 relnti
155 3519 178 3567 in
192 3519 255 3568 ‚lctis
268 3519 401 3582 Perpetuus
410 3527 434 3568 et
444 3519 536 3598 Felieit.
547 3515 581 3582 (ᾖ.
590 3517 651 3578 22),
703 3528 742 3568 tar
760 3519 875 3600 indicare,
894 3518 989 3596 nonnisi
1008 3517 1168 3596 sanctioribus
1189 3533 1216 3567 ex
1238 3519 1289 3568 suis

57 3586 392 3715 tu·:t.³.¹·..l:.·.l.‘‚⁰“.t
409 3583 652 3716 :bellilei
703 3587 847 3704 littus
864 3586 1289 3714 luzelblttssztrltbtr

21 3727 30 3734 '
58 3723 109 3772 iarn
126 3720 273 3770 ldarcianem
291 3721 393 3770 eandem
411 3721 505 3770 dicendi
522 3727 652 3770 eonsuetu-
704 3722 832 3784 fidelitas,¹
859 3721 958 3768 uiderint
978 3721 1037 3768 caim
1054 3719 1209 3768 rateebrrmerri
1224 3720 1289 3765 etur:

58 3789 146 3838 dinem
166 3787 288 3836 babuisse.
322 3787 414 3851 Nempe
427 3787 576 3851 Epiphanius
594 3787 652 3834 bae·
704 3789 728 3836 iu
753 3785 841 3849 quibus
864 3787 943 3848 potuit
961 3786 1147 3834 caterbumcnos
1165 3783 1309 3844 appellare.

10 3907 12 3926 ι
59 3871 111 3905 res.
132 3853 201 3902 xttl.
221 3850 247 3916 5.
266 3853 289 3902 3.
314 3853 370 3903 odit.
389 3853 467 3904 Cclcn
486 3868 508 3917 p.
528 3853 586 3903 304.
604 3860 654 3902 tret
706 3854 786 3902 miuus
804 3853 927 3916 perlectos
945 3853 1066 3910 madoco,
1085 3849 1304 3912 quodpipbaniut.

60 3924 96 3973 ait
116 3919 253 3983 baptismos
276 3919 389 3970 defensos
408 3937 421 3970 a
439 3921 560 3970 Marcione
579 3919 654 3968 inisse
706 3920 794 3982 aliique
814 3920 859 3968 boc
878 3933 965 3967 nomeu
984 3920 1055 3966 etiam
1073 3915 1187 3966 adiribeut
1204 3917 1234 3964 do
1247 3930 1290 3964 au·

10 3985 11 4018 ἶ
60 3980 108 4048 (οὗ
132 3979 222 4052 μόνον
244 3978 307 4050 παρ’
335 3981 408 4052 αὐτῷ
432 3980 463 4036 ἓν
482 3980 598 4050 λουτρὸν
616 3981 654 4032 dl·
677 4035 686 4048 ,
706 3986 825 4034 ditoribus
844 3985 1052 4045 Manichaeorum
1077 3997 1154 4045 neque
1175 3983 1290 4036 credibile

61 4051 157 4109 deror,
184 4044 251 4101 ἀλλὰ
273 4047 320 4101 καὶ
343 4046 394 4107 ἕως
411 4053 497 4118 ιριιιῑν
513 4051 654 4122 λυπρῶν).
706 4060 752 4112 ast,
763 4053 907 4102 Marcionem
919 4053 942 4101 io
952 4053 1089 4110 uniuersum
1100 4063 1184 4098 omnes
1194 4051 1289 4114 nuptiae

61 4125 90 4173 ln
120 4136 168 4185 quo
194 4121 313 4170 narrando
338 4123 384 4172 etsi
410 4123 495 4172 damas
520 4137 575 4172 rere
599 4133 655 4170 esse
706 4120 1069 4183 sustulisseapndsaoe,cnnr,
1087 4117 1290 4180 quemadmodum

61 4189 136 4240 talaia
162 4189 192 4237 ab
217 4189 350 4252 llpipbauio
374 4191 506 4253 permista,
532 4197 654 4253 umquam
707 4194 815 4247 constat,
840 4187 976 4251 nuptiarum
1001 4191 1124 4234 auctorem
1147 4197 1195 4233 non
1218 4185 1291 4233 deam

62 4269 122 4308 cum
156 4256 220 4305 dieat
243 4255 389 4306 llarcionem
419 4257 540 4319 triplicem
564 4257 657 4321 baptis·
708 4255 799 4304 malum
823 4254 867 4303 aed
885 4253 990 4302 madium
1009 4251 1078 4301 illam
1095 4252 1192 4314 putarit,
1219 4263 1291 4316 qoem

61 4337 133 4375 mum
153 4323 310 4385 excogitasse,
329 4333 358 4374 nt
374 4337 402 4374 ee
419 4325 657 4387 abariticcunrrlr·
708 4323 798 4372 iustum
825 4320 986 4384 nuncupabat
1022 4319 1055 4369 Ex
1073 4333 1120 4382 quo
1145 4318 1170 4378 T)
1188 4333 1235 4368 uon
1253 4321 1291 4368 ia·

61 4393 123 4455 gine
154 4391 286 4442 commisso
318 4399 434 4456 purgaret
459 4392 534 4455 (quud
559 4399 604 4452 est,
632 4397 658 4439 nt
708 4397 763 4452 epte
787 4396 868 4453 potest
885 4401 939 4438 eum
957 4385 1107 4436 bellosobrio
1126 4387 1291 4442 ccuiici,illi-

61 4459 136 4510 multi
155 4459 323 4519 ostenderunt,
342 4473 407 4508 mera
422 4457 566 4520 calumnia),
586 4459 658 4508 etiam
707 4456 783 4506 stoire
799 4457 829 4504 dn
849 4455 1019 4504 ilsuicbeisnre
1037 4453 1104 4505 Toni.
1125 4454 1152 4502 ΙΙ.
1172 4469 1195 4516 p.
1216 4451 1291 4514 122),

62 4539 123 4576 curu
148 4527 212 4576 dicat
242 4526 339 4576 dedisse
367 4526 512 4578 llareiouem
536 4525 656 4590 triplicem
708 4522 920 4574 nnnmllurcionis
938 4523 1083 4586 baptismam
1101 4522 1126 4570 iu
1144 4520 1291 4570 omueseel·

61 4594 225 4656 baptismam,
245 4593 310 4658 quud
329 4607 383 4644 cum
399 4601 541 4657 argumento
554 4594 657 4644 adbonc
708 4592 792 4652 latum,
810 4591 886 4641 altero
904 4590 1009 4642 initiatos
1026 4591 1102 4640 luisse
1114 4585 1289 4638 inteunrisad·
