3020 5230
681 1239 1031 1316 ntssnnunulo

452 1445 500 1506 DE
522 1443 634 1506 vlunt
653 1443 704 1506 ET
724 1443 887 1505 INCERTA
909 1443 1052 1506 INDOLE
1072 1441 1274 1504 LIBRORUM

160 1609 162 1615 ’
250 1627 618 1753 usnrnrnn
658 1611 1005 1740 nnonnnns
1043 1624 1474 1741 nnnnnnnnn

516 1859 712 1942 luerunt
741 1859 821 1940 lllll.
849 1859 996 1943 sinon.
1023 1859 1206 1971 suntne

656 2089 1065 2108 ...m-,dm

823 2275 898 2352 ct
965 2251 1021 2284 ·’

629 2393 664 2442 lle
681 2392 821 2444 Tertulliani
840 2393 958 2457 quaedum
976 2393 1098 2444 historice.

342 2489 478 2594 Quintus
501 2515 661 2596 Septimius
683 2515 806 2578 Florens
829 2515 1043 2588 Tertullianus,
1077 2525 1110 2575 ul
1138 2515 1215 2576 solet
1243 2517 1411 2597 integrum
1431 2539 1471 2578 nc·

251 2613 342 2661 ment
364 2601 449 2674 terri,
483 2599 509 2660 si
531 2599 618 2660 fidem
640 2600 783 2660 habemus
804 2599 902 2660 libello
925 2600 962 2660 de
983 2599 1151 2677 Virginibus
1173 2597 1343 2676 VelandiS,
1381 2621 1472 2664 noun:

252 2703 339 2746 suum
362 2685 491 2764 sic-ipsc
514 2683 706 2763 adscripsitb:
739 2683 900 2763 Septimius
923 2682 1139 2744 Tertullianus:
1162 2682 1216 2742 sed
1238 2701 1315 2744 cum
1342 2687 1408 2746 sint
1426 2689 1470 2754 ira

251 2769 281 2829 in
304 2769 415 2830 cunctis
438 2767 485 2828 bis
507 2765 590 2829 libris
615 2767 687 2830 selis
716 2767 806 2828 multe
834 2765 883 2827 hic
910 2765 952 2826 ibi
980 2765 1093 2838 addita,
1125 2765 1356 2832 licetcodiccs
1387 2772 1473 2848 script

250 2870 311 2913 non
335 2870 454 2931 semper
475 2851 657 2913 additionunn
689 2850 788 2911 talium
820 2857 979 2929 suggerant
1005 2848 1163 2922 indicium,
1196 2868 1252 2930 per
1280 2853 1469 2914 omissiones

251 2953 365 3009 eorum,
387 2953 462 3014 quae
485 2935 515 2995 in
537 2933 601 2996 aliis
624 2933 775 2996 codicibus
796 2934 942 3012 ingeintur,
964 2952 1069 3013 penum
1092 2934 1247 2994 commoda
1271 2945 1306 2996 et
1334 2945 1402 2998 tute
1417 2939 1471 2998 hers

251 3038 319 3080 csse
340 3019 456 3080 videtur
477 3018 647 3080 auctoritas.
691 3018 797 3079 Solent
823 3027 920 3078 nutem
946 3015 1107 3078 mediocria
1136 3027 1166 3078 ct
1191 3034 1300 3094 perum
1333 3019 1471 3082 lucullean

251 3121 329 3176 esse,
352 3122 427 3182 quoe
448 3102 556 3163 borum
577 3102 720 3163 librorum
742 3109 843 3164 auctor
865 3101 901 3162 de
924 3121 957 3162 se
979 3099 1067 3161 etde
1089 3100 1153 3160 suis
1175 3101 1266 3162 rebus
1290 3121 1471 3166 commemo-

188 3205 189 3209 *
250 3194 306 3246 rot.
350 3187 416 3246 Non
438 3185 546 3247 desunt
566 3185 745 3258 sententiae,
776 3184 884 3263 quibus
910 3203 980 3265 pers
1009 3191 1155 3246 antenctae
1183 3184 1261 3244 vitae
1289 3185 1471 3249 describitur.

252 3269 514 3330 cumeristianus
537 3269 670 3330 nondum
693 3276 789 3331 esset:
813 3268 867 3330 sed
888 3267 1030 3330 historiae
1053 3266 1131 3329 utilis
1155 3275 1186 3328 et
1206 3267 1305 3330 darec
1330 3273 1412 3333 nihil
1426 3275 1471 3333 tea

251 3351 337 3412 inest
381 3351 453 3412 Eius
476 3353 592 3430 generis
615 3360 685 3412 sunt
706 3352 795 3413 isne
842 3351 927 3425 „Hoc
948 3351 1103 3413 bominum
1124 3369 1237 3430 genus,
1262 3356 1353 3434 quod
1376 3368 1407 3418 el
1429 3362 1472 3436 ian

251 3445 337 3495 retro
359 3436 485 3513 suimus,
508 3436 584 3496 caeci
607 3436 673 3496 sine
694 3434 806 3496 domini
827 3435 925 3496 luce.“
970 3433 1064 3507 „Nom
1087 3443 1117 3495 et
1128 3453 1184 3495 nos
1196 3434 1324 3498 risimus
1337 3439 1419 3502 baec
1428 3440 1473 3500 ele

252 3519 371 3598 quondo
405 3518 454 3590 (dc
476 3519 584 3580 iudicio
614 3521 747 3580 extremo
777 3521 863 3594 elo.);
899 3519 936 3579 ds
971 3519 1079 3580 vestris
1111 3519 1244 3598 [eimau
1283 3521 1387 3592 liunt.
1425 3541 1472 3584 nos

250 3610 414 3663 nascuntur
439 3601 599 3664 Christiani
611 3602 657 3662 ‘f‘
702 3601 783 3664 Talia
810 3602 895 3687 plura
922 3601 1005 3663 lacile
1027 3610 1187 3663 occurrunt
1211 3603 1412 3681 legentibus3
1433 3607 1472 3667 sei

250 3685 323 3746 nibil
349 3685 484 3748 historici
512 3686 632 3748 luminis
655 3704 763 3746 secum
789 3687 903 3760 iorunt;
940 3686 1038 3764 itequc
1069 3704 1125 3747 nec
1155 3685 1204 3746 illa
1237 3705 1470 3752 commemorare

250 3787 327 3848 opus
349 3778 410 3842 est,
443 3769 549 3848 quibus
571 3769 768 3831 subiectissime
790 3769 826 3832 do
849 3788 883 3830 sc
905 3775 935 3830 el
956 3768 1084 3850 peccans
1107 3768 1177 3830 olim
1205 3769 1285 3842 suis,
1324 3775 1468 3836 adulteriis

250 3852 338 3914 etism
359 3853 516 3932 loquitur,
550 3863 601 3915 eut
622 3871 688 3915 cum
711 3852 922 3932 impatientiam
945 3859 974 3913 et
995 3853 1157 3914 constantis
1185 3853 1304 3916 virtutis
1331 3858 1469 3921 deteean

285 4037 303 4070 e,
324 4019 364 4072 Sic
381 4029 478 4087 praeter
495 4019 653 4070 librosllSS.
671 4021 834 4084 iemhngelus
885 4022 966 4070 culum
990 4020 1053 4070 eslf*
1096 4022 1187 4072 Similis
1217 4029 1253 4071 est
1283 4021 1404 4076 clausula
1428 4027 1468 4074 lh.

251 4089 383 4138 l’olitisous
401 4089 533 4150 designarit
551 4087 591 4137 lib.
611 4088 646 4136 tv.
665 4089 775 4152 Epistb.
800 4089 834 4138 lle
885 4088 915 4137 ‹la
933 4087 1069 4152 baptismo:
1088 4089 1209 4148 „Tantum
1227 4103 1281 4149 oro,
1300 4099 1341 4150 ut,
1361 4109 1420 4142 cun
1436 4109 1468 4156 pr

250 4156 389 4204 nominibus
413 4157 450 4205 bis
469 4154 538 4219 plcre
556 4154 676 4205 Tumultus
694 4157 719 4206 in
737 4153 833 4206 Tertul-
885 4156 942 4214 titis,
967 4155 1038 4204 etium
1066 4156 1201 4206 Tertulliani
1224 4159 1369 4220 accentoris
1396 4161 1467 4209 neni

251 4220 308 4270 liani
326 4222 370 4270 viu
390 4223 494 4283 collegit.
885 4221 994 4270 neritis.“
1031 4223 1122 4272 Similis
1140 4231 1177 4272 ert
1194 4223 1303 4272 clausule
1322 4224 1466 4276 tituletu-

284 4287 308 4336 b.
327 4287 539 4350 bolisclaione
554 4287 653 4354 cunii.
672 4303 715 4338 aen
733 4288 833 4338 ultimo:
886 4289 1023 4339 hortatione
1042 4289 1179 4339 Cestilntia:
1204 4289 1348 4348 „liemcule
1374 4294 1399 4342 in
1423 4309 1467 4342 orn

249 4353 334 4415 „ilaec
358 4369 410 4403 cunr
431 4355 493 4403 hone
514 4369 572 4420 pace
590 4355 724 4417 legentibus
743 4355 834 4405 nlilitu·
884 4355 989 4405 tionibus
1008 4358 1056 4405 tuis
1075 4358 1209 4407 Tertulliani
1227 4357 1411 4412 exhortantis.‘·

250 4426 299 4469 tem
324 4423 490 4470 consuetudini
515 4423 719 4486 praeponentibus
742 4437 788 4487 pua
811 4431 834 4473 et
920 4423 1304 4486 c.Tertull.lpologot.c.18.

250 4487 326 4549 gretie
351 4503 363 4535 n
389 4488 486 4538 domino
518 4498 601 4540 nostro
628 4489 682 4539 lesu
708 4489 833 4548 redundet,
919 4490 943 4538 d.
961 4489 1022 4540 lbiel.

250 4556 432 4620 cnm’Septimia
447 4555 595 4617 Tertulliano,
613 4558 681 4606 cuius
699 4556 746 4606 hcc
758 4570 834 4620 opus·
920 4571 941 4606 e.
959 4555 993 4606 llo
1012 4557 1143 4608 Paeniteat.
1163 4557 1300 4622 uliquoties.
