3020 5230
222 423 229 438 .
300 382 363 445 650
427 390 619 438 orssanmrra
635 391 672 432 aa
688 389 771 434 raam
784 388 823 433 er
837 389 898 432 nnc.
913 387 1023 430 macas
1036 387 1355 432 amnemamnem

449 497 567 602 Adiciens
585 541 738 589 hamtonam.
1098 538 1216 590 Adversus
1235 537 1342 594 lodessa.

299 627 465 699 elimasse,
480 643 567 705 quam
583 623 632 702 qui
647 621 879 702 praedicabatur.
931 629 961 683 et
975 627 1055 684 siout
1076 629 1169 700 agnus
1191 639 1296 683 corant
1321 620 1451 682 taedente

300 711 541 792 Oporrocaotum
563 706 637 780 eius,
660 707 696 768 ad
716 705 879 785 scriptura·
929 725 992 766 non
1017 705 1130 784 aperuit
1154 723 1190 765 os
1218 724 1317 766 suurn.
1358 703 1385 763 Si
1402 720 1448 778 nepo

172 779 176 790 ¹
296 813 363 858 nrm
385 794 515 874 reguiam
537 789 720 869 recognosci.
755 789 880 868 Duplici,
928 790 1097 862 contendit,
1123 807 1219 866 neque
1247 786 1384 858 clamarit,
1406 805 1450 862 up·

296 885 359 942 ttici
377 878 473 950 satior,
501 875 673 955 operatione
695 874 878 946 distinctum,
930 873 1028 934 audita
1043 881 1089 934 est
1108 871 1179 934 ioris
1194 891 1253 932 vax
1268 872 1341 942 eius,
1355 869 1395 948 qui
1405 887 1450 927 aru

296 961 525 1044 praedicationis
549 967 578 1021 et
600 959 726 1020 virtutis.
762 958 821 1019 Sed
843 957 880 1018 de
931 956 1030 1018 dinem
1056 963 1225 1026 contusam,
1256 956 1288 1016 id
1312 963 1355 1015 est
1372 971 1450 1032 nasu

296 1055 425 1126 utroquo
447 1046 532 1108 titulo
553 1043 597 1104 sic
618 1042 784 1128 disponam.
931 1040 1058 1102 Israelis
1087 1041 1190 1111 fidem,
1234 1058 1299 1100 non
1326 1037 1444 1099 comminui

930 1125 980 1202 qui
994 1123 1086 1185 linum
1101 1124 1219 1194 ardeas,
1235 1123 1267 1183 id
1283 1131 1329 1183 est
1346 1129 1450 1180 manue

426 1227 444 1262 ο
741 1227 745 1233 ’
932 1225 1020 1268 neum
1036 1207 1171 1269 ardorem
1188 1207 1323 1284 gentium
1337 1223 1387 1264 oon
1402 1203 1451 1261 erin

931 1291 983 1364 xit,
999 1293 1052 1354 sed
1067 1291 1165 1353 lucere
1179 1291 1277 1370 mauis
1291 1292 1359 1368 [crit
1371 1285 1449 1358 ortai-

931 1379 1022 1436 rru'air
1043 1380 1106 1446 aui,
1139 1393 1199 1434 non
1222 1372 1449 1452 potestatium

872 1513 877 1522 .
931 1477 1020 1538 quam
1039 1459 1088 1538 qui
1109 1459 1344 1540 praedicabatur.
1381 1454 1450 1531 oport:

930 1541 1028 1622 itaqrre
1049 1551 1145 1604 auum
1160 1542 1272 1603 Christi
1290 1543 1350 1602 eius
1367 1535 1449 1616 quire:

930 1627 967 1686 ad
982 1627 1192 1705 scripturarum
1217 1626 1348 1703 reguiam
1364 1637 1450 1696 aaut*

931 1710 989 1784 sci:
1004 1710 1112 1790 duplici
1125 1711 1214 1781 enim,
1227 1714 1294 1771 nisi
1306 1707 1450 1780 tadonem

929 1793 1186 1857 tiancdistinctum
1200 1812 1272 1854 eum
1283 1791 1450 1870 legimunprt·

930 1878 1085 1940 dicationis
1100 1887 1129 1939 et
1143 1878 1273 1938 virtutis.
1303 1876 1358 1936 Sed
1371 1875 1448 1934 teau

821 1986 826 2000 ·
929 1981 986 2044 que
1001 1962 1085 2023 titudo
1101 1962 1145 2022 sic
1158 1962 1328 2040 disponam.

992 2046 1178 2126 (Sequanicae
1210 2045 1370 2126 periodum
1401 2042 1448 2098 rsit

607 2165 609 2172 v
929 2135 1088 2209 scriptor.)

336 2214 392 2276 Hic
414 2225 514 2275 antem
527 2209 711 2290 peaeraiitcr
726 2227 877 2289 capunga-
971 2214 1073 2292 itaque
1099 2213 1274 2294 specialiter
1303 2213 1447 2288 depurgar-

294 2315 361 2358 mus
386 2297 518 2357 ordinem
547 2301 699 2372 coeptum,
737 2295 878 2355 docentes
930 2298 1063 2358 ordinem
1079 2305 1234 2376 coeptum,
1262 2297 1447 2366 doceatsspnr

294 2380 527 2461 praedicatorem
551 2383 671 2441 iuterim
693 2383 880 2441 annuntiari
927 2381 1087 2446 nicatorem
1113 2384 1331 2443 adnunciatur:
1352 2376 1448 2436 Charta

295 2465 455 2538 Christum,
477 2483 531 2543 Pes
552 2460 680 2523 Efiflifflss·
927 2477 962 2528 ut
975 2483 1031 2545 per
1043 2465 1160 2526 Esaiam
1180 2475 1236 2526 etc.

337 2550 493 2628 (Citautur
520 2566 601 2609 acac
630 2546 696 2608 loca
725 2564 763 2607 ea
787 2546 816 2606 V.
843 2546 872 2608 Τ.

293 2636 345 2696 scd
366 2637 515 2716 utrimque
542 2635 624 2694 inter
647 2649 678 2691 se
701 2629 873 2710 differunt.)

517 2785 574 2847 Cap.
595 2781 634 2832 ts.

334 2886 378 2946 De
401 2889 485 2946 coitu
505 2885 598 2964 piane
617 2891 693 2963 puto
714 2883 876 2944 diversata·
969 2885 1011 2946 De
1040 2885 1119 2945 exitu
1145 2883 1238 2963 piane
1265 2883 1403 2962 passiani:
1419 2875 1447 2932 rh

292 2982 349 3034 rem
382 2973 506 3032 tentatis
541 2968 698 3036 inducere,
735 2976 876 3044 negantes
927 2955 1094 3048 ambianis,
1107 2973 1249 3046 negantes
1261 2967 1447 3046 passionena·

290 3055 459 3133 passionem
477 3051 573 3112 crucis
589 3051 619 3111 in
636 3050 783 3110 Christum
807 3068 868 3112 cre·
927 3054 969 3114 cis
985 3054 1015 3114 in
1031 3051 1180 3113 Christum
1202 3051 1448 3128 praedicaremus

290 3142 386 3198 utaris
398 3136 603 3215 praedicatam,
622 3142 652 3195 et
666 3143 874 3211 argumentari·
925 3144 1128 3216 gnmentantes
1144 3135 1271 3212 insuper
1285 3151 1344 3195 non
1358 3139 1448 3191 esscar

291 3231 335 3281 tes
358 3221 491 3299 insuper,
514 3238 575 3280 non
598 3237 666 3279 esse
683 3218 874 3289 credendum,
926 3221 1064 3292 dandum,
1081 3228 1115 3280 ut
1127 3220 1167 3280 ad
1181 3218 1209 3278 id
1225 3237 1321 3297 genus
1334 3212 1447 3278 martiro·

290 3310 324 3363 ut
346 3309 378 3363 ia
399 3303 428 3363 id
447 3321 549 3386 ¹genus
576 3302 680 3362 mortis
705 3303 876 3383 exposuerit
924 3305 1060 3384 posuerit
1073 3304 1155 3365 Deus
1176 3301 1270 3363 fliium
1294 3317 1387 3370 suum,
1409 3308 1441 3369 uh

293 3397 413 3448 creator
440 3386 532 3446 tilium
562 3403 664 3456 suum,
698 3387 777 3465 quod
809 3387 874 3466 ipse
926 3389 991 3469 ipsc
1007 3385 1299 3460 dr'aritzmaledictus‚
1315 3377 1441 3464 omnisittt

289 3469 503 3555 maledixerat:
540 3469 728 3541 maledictus,
766 3475 872 3550 inquit,
925 3473 975 3552 qui
995 3473 1135 3554 pependit
1156 3471 1185 3530 in
1200 3469 1295 3548 ligno.
1339 3465 1387 3528 Sed
1403 3461 1447 3519 hun

290 3554 387 3615 omnis
402 3554 452 3632 qui
465 3555 642 3635 pependerit
655 3553 685 3614 in
696 3553 786 3632 ligno.
813 3553 873 3614 Sed
924 3553 1139 3617 maledictionis
1155 3571 1278 3614 sensum
1299 3545 1446 3615 anuccdttr

287 3638 377 3700 huius
400 3638 613 3701 maledictionis
641 3656 760 3700 sensum
784 3640 873 3720 dr'ffe-
923 3643 992 3702 rum'
1005 3639 1149 3719 prohatia.

287 3741 323 3785 ro
347 3731 403 3784 etc.

330 3812 340 3878 t
347 3807 500 3886 Utrimque
522 3807 585 3868 alia
608 3806 740 3867 cahihita
760 3811 858 3879 suat.)

329 3891 367 3951 Et
400 3892 501 3969 utique
534 3890 583 3952 cel
613 3893 741 3951 manime
769 3897 870 3950 'sacra-
964 3889 1001 3952 Et
1016 3881 1446 3970 unquesacramonumpnom

285 3983 417 4037 mentum
446 3975 529 4038 istud
550 3973 668 4052 figurari
696 3973 726 4033 in
745 3974 871 4053 praedi-
922 3977 1018 4056 :Pariis
1039 3974 1157 4053 [igurari
1179 3957 1446 4054 inpraedam'ush

289 4064 404 4142 catione
420 4058 595 4139 oportebat:
612 4067 723 4138 quauta
740 4055 875 4118 incredi-
923 4070 1119 4139 oportuerat:
1142 4067 1313 4138 pauidaque
1323 4037 1446 4116 inarum

284 4141 356 4215 hile,
370 4152 452 4204 tanto
468 4142 562 4220 magis
572 4140 715 4203 scandata
726 4142 868 4214 suturam,
920 4149 1001 4204 tanta
1031 4143 1124 4221 magis
1153 4140 1331 4203 scandalum
1361 4137 1445 4195 turma

286 4223 413 4287 maudo
435 4227 671 4305 praedicaretur:
699 4233 869 4304 quantoque
921 4226 947 4286 si
970 4226 1048 4287 nude
1075 4225 1310 4306 praedicaretur:
1337 4218 1446 4300 qutsswd‘

266 4308 486 4386 magnificum,
518 4319 601 4372 tanto
631 4311 725 4388 magis
759 4308 867 4370 ohum·
918 4310 1124 4389 magnificum,
1161 4317 1241 4371 tanto
1271 4307 1361 4386 magis
1384 4297 1444 4358 ohan

283 4391 445 4464 hrandum,
473 4402 505 4454 ut
525 4394 679 4456 difficultas
702 4393 867 4455 intellectus
917 4394 1081 4467 hruodum,
1110 4402 1144 4456 ut
1164 4393 1319 4455 difficultas
1337 4381 1446 4450 intelludi

283 4475 405 4554 gratiam
428 4476 481 4536 Dei
503 4487 668 4556 quaereret.
711 4479 814 4557 ltaque
835 4477 867 4539 ia
921 4478 1048 4558 gratiam
1062 4479 1116 4540 Dei
1131 4485 1297 4558 quaereret.

281 4559 386 4640 primis
408 4561 499 4634 Isaac,
525 4581 591 4622 cum
614 4569 735 4642 epatre
758 4569 790 4624 ia
812 4563 868 4623 ha·
1276 4585 1284 4604 =
