3144 5236
474 419 609 464 romono
631 417 690 464 ara.
713 419 751 462 os
772 416 901 465 nonant.
1236 405 1299 469 ll-‘l

103 585 154 642 aaa,
172 573 234 634 iada
254 575 412 634 mens.
445 570 531 645 Quae
547 575 726 651 proprietas
748 571 954 634 mndatiannm
976 573 1095 635 minae
1110 583 1139 634 et
1153 571 1301 638 harnam

100 673 176 737 tanat
194 661 292 737 ntr'pua
313 666 445 718 natarat
465 660 626 736 erumpas
647 660 774 718 veritate
795 657 956 736 dispuncta
971 667 1025 728 est,
1047 659 1148 720 mern
1161 658 1221 738 lida
1236 663 1301 739 rpi-

101 745 164 802 n'taa
191 753 219 803 et
245 745 368 812 samis,
401 743 532 802 uirtutes
563 744 707 820 spiritam
734 739 800 812 aa,
830 746 991 821 passiones
1022 759 1144 803 sarasan
1173 741 1300 805 hominis

99 825 286 904 praiorernnt
312 824 407 896 (ldam
433 823 484 885 lih.
511 823 548 884 de
570 823 665 884 Carne
688 823 797 886 Christi
819 841 883 904 asp.
905 829 960 900 5.).
1004 825 1183 888 huarlenter
1210 827 1300 906 igitur

100 907 169 970 dotat
187 911 346 989 perfectam
369 909 491 970 omnino
513 907 607 969 luisse
629 908 661 970 in
683 908 801 970 Christo
821 908 950 970 divinam
972 910 1187 990 humanamque
1209 919 1298 973 natu-

100 1009 156 1054 ram.
193 993 252 1055 lieo
280 994 378 1054 minua
407 999 508 1072 aperte
535 992 663 1054 deolarat
695 993 767 1068 duas
795 992 860 1054 illas
882 993 990 1055 Christi
1017 1004 1138 1056 naturas
1160 997 1299 1056 mnhrsas

99 1093 144 1136 oon
168 1079 267 1150 luisse,
297 1077 351 1138 sad
379 1095 396 1138 a
423 1095 457 1138 ss
484 1075 610 1138 iontem
638 1077 678 1138 ita
699 1075 863 1150 distintnas,
892 1085 926 1139 ut
946 1077 1065 1157 penitus
1087 1077 1221 1140 diversas
1240 1080 1301 1140 sint

99 1177 178 1222 eanum
197 1163 406 1242 proprietates.

164 1245 194 1307 lu
214 1246 406 1326 apologetico
428 1245 526 1326 itaque
546 1263 614 1306 earm
630 1244 672 1306 'ab
694 1263 731 1305 aa
753 1245 864 1306 dotum
885 1253 948 1306 eat:
971 1245 1118 1308 Nasaitnr
1134 1247 1219 1309 hama
1234 1247 1298 1309 Dea

98 1335 191 1393 arama
211 1331 281 1404 (lon
304 1349 387 1410 supr.
410 1329 482 1406 uit),
504 1328 546 1392 ibi
568 1327 762 1408 proculdubio
782 1345 844 1390 non
867 1329 1012 1408 significat
1033 1331 1107 1392 duas
1130 1329 1194 1392 aius
1209 1339 1297 1392 natu-

99 1429 143 1486 ns,
162 1416 202 1476 nti
222 1423 330 1494 pastea
352 1413 522 1494 Eutychiani
545 1414 777 1486 somniaverunt,
799 1414 892 1476 luisse
914 1413 1074 1493 permixtas
1098 1415 1298 1488 unanimae,

99 1498 139 1558 aad
158 1499 197 1561 sio
216 1500 286 1568 sibi,
310 1499 388 1560 siout
408 1499 476 1560 alibi
498 1497 700 1577 patefecimus,
723 1497 874 1577 capulatas
896 1505 926 1559 et
946 1499 1130 1571 ooniunotas,
1158 1507 1191 1560 ut
1212 1499 1298 1559 Chri-

99 1589 148 1726 ppp
172 1592 200 1644 at
224 1601 316 1645 rarus
344 1583 423 1645 Deus
452 1591 484 1644 at
508 1601 596 1644 varus
620 1583 709 1643 homa
732 1581 773 1642 sit
794 1582 932 1656 (Dissert.
954 1583 984 1644 in
1007 1582 1137 1644 Laetant.
1160 1599 1223 1663 asp.
1249 1587 1298 1647 17.

165 1751 223 1814 lion
244 1751 398 1814 oommuui
419 1759 517 1812 autem
538 1749 692 1812 homiuum
713 1767 799 1811 more
821 1750 903 1812 illum
926 1751 1077 1812 hominem
1100 1753 1208 1813 laetum
1230 1769 1299 1812 esee

100 1833 177 1908 daosl,
203 1838 255 1898 aed
280 1837 433 1916 delapsus,
461 1834 567 1914 inquit,
595 1839 629 1897 in
649 1839 807 1915 oirpinant,
835 1853 911 1914 quas
933 1835 999 1896 sine
1021 1836 1109 1897 ullius
1129 1835 1186 1896 viri
1209 1853 1300 1915 opera

101 1916 165 1979 illum
183 1922 283 2000 genuit
303 1920 467 1999 (hpaiaget.
482 1919 539 1980 lao.
555 1919 627 1996 eit).
664 1917 773 1980 Varum
795 1919 862 1998 quia
885 1919 942 1980 hoo
962 1920 1075 1982 traditu
1097 1917 1300 1982 dillioillimum

100 2001 136 2062 rel
153 2003 183 2064 ah
201 2006 329 2066 ethnicis
352 2003 468 2066 irrideri
489 2011 616 2083 poterat,
639 2003 836 2065 Tertullianus
858 2004 995 2064 consulto
1019 2023 1091 2066 sana
1106 2013 1228 2066 cunnos
1244 2005 1298 2065 ad-

100 2097 182 2148 monet
199 2090 270 2151 illud
291 2107 308 2150 a
330 2089 424 2150 saeris
444 2089 682 2168 maenuntiatam
703 2087 797 2150 lhissa
810 2085 977 2167 prophetis,
999 2104 1125 2167 mnarum
1141 2088 1300 2150 auomritas

100 2173 249 2244 anemiue.
280 2181 315 2234 ut
337 2171 586 2252 supradiximus,
615 2179 714 2251 potam
734 2171 886 2233 infirmari.
931 2172 1121 2253 Quapropter
1141 2173 1190 2234 iila
1212 2171 1299 2251 paula

101 2265 154 2316 ante
172 2259 296 2320 dixerat:
321 2258 424 2338 (Venit
445 2261 540 2336 ipitnr
560 2261 614 2337 qao·
632 2259 672 2318 ad
693 2258 924 2336 rosamundam
939 2270 968 2322 et
982 2257 1214 2320 illuminandam
1227 2275 1300 2328 eom,

100 2340 399 2418 mantuanorum
420 2339 597 2403 Christianis
618 2342 835 2414 uattsmissam,
856 2353 1006 2403 osntnrns
1023 2342 1119 2404 olleo
1139 2359 1301 2421 praenun-

102 2427 213 2488 tiolatar
242 2427 385 2489 Gloriatur
416 2425 469 2488 illa
490 2424 586 2497 Filius
609 2423 691 2504 Dei).
734 2425 834 2492 Huius
857 2429 952 2506 ipitnr
971 2431 1088 2504 prutina
1110 2426 1302 2506 disciplinas·

100 2523 144 2588 tat
167 2513 282 2575 arbiter
309 2520 337 2573 st
357 2515 510 2589 mapirter,
537 2508 730 2571 illuminator
752 2521 840 2590 atque
862 2509 1008 2572 dsdnotar
1029 2514 1145 2589 penaria
1169 2510 1300 2581 hamoni,

101 2591 179 2656 ulna
200 2596 257 2658 liei
282 2595 527 2657 annuntiabatur
556 2612 620 2655 non
646 2595 765 2675 puidam
792 2598 837 2657 ira
863 2597 992 2672 penitus,
1021 2603 1057 2655 nt
1085 2595 1242 2656 emissent
1268 2597 1302 2656 in

100 2675 147 2753 filii
163 2687 289 2751 nmina,
312 2691 366 2741 arat
387 2679 423 2740 da
441 2682 543 2760 putris
566 2682 679 2740 sanans
702 2721 836 2738 .....
859 2677 919 2738 Dei
932 2675 1167 2739 dite‘us‘nallaar
1189 2679 1224 2739 de
1243 2683 1302 2739 hn-

99 2763 223 2838 padisita'a
252 2765 341 2826 hahet
366 2776 512 2836 neaera:
541 2765 629 2824 edom
657 2779 748 2844 marn
774 2761 895 2824 videtur
923 2761 1040 2830 halare,
1068 2779 1131 2822 nan
1152 2773 1303 2840 nupserat

99 2843 190 2920 llbidl.
231 2847 342 2911 Omnia
368 2847 441 2908 haee
467 2846 588 2908 totidem
615 2845 704 2907 rerba
732 2845 763 2905 in
784 2843 896 2905 nostris
917 2843 1071 2906 aodieibus
1091 2843 1302 2924 manuscriptis

99 2936 124 2988 et
144 2933 265 3011 mannis
292 2931 473 2994 editionibus
501 2931 538 2992 ad
559 2929 716 3008 higaltinm
738 2945 834 3008 usquo
856 2929 1039 2989 exhihentur.
1084 2928 1142 2989 Sed
1165 2927 1302 3008 Rigaltia,

100 3029 170 3090 mem
195 3019 239 3078 alii
268 3024 374 3098 pastea
403 3015 497 3078 senati
524 3022 603 3086 aunt,
625 3011 751 3094 prinam
773 3013 861 3074 huins
883 3011 940 3073 looi
962 3012 1092 3090 phrasim
1114 3009 1231 3074 uncinis
1253 3013 1301 3072 in-

101 3097 192 3162 aman
218 3103 339 3181 penitus
371 3117 509 3162 reserare
540 3097 659 3180 plaouil.
702 3097 816 3158 Nullam
851 3104 948 3157 tantm
981 3095 1191 3176 amputationis
1224 3095 1302 3158 illius

100 3183 208 3246 rnttau
227 3187 384 3260 munnam,
412 3185 506 3246 imma
527 3201 565 3244 ne
587 3181 742 3244 minimum
763 3180 1028 3260 quidemrarhum.
1057 3181 1094 3242 at
1105 3179 1221 3241 tametsi
1233 3181 1307 3242 haas

99 3261 200 3342 phrasis
220 3270 332 3332 inutilis
354 3287 480 3350 prorsus
501 3276 533 3328 et
553 3267 646 3329 textui
659 3263 830 3327 Tertulliani
846 3265 967 3326 omnino
981 3273 1176 3345 praepostere
1191 3265 1304 3326 inserta

99 3348 212 3428 'aalma
232 3357 283 3426 ait,
304 3355 399 3416 laetor
420 3363 519 3414 tamen
540 3353 629 3413 hnius
650 3350 842 3412 additamenti
863 3350 968 3411 saltam
990 3350 1195 3411 admonendus
1217 3357 1289 3411 erat.

169 3437 302 3501 Calenam
323 3437 395 3500 nulli
417 3437 544 3498 ohsmra
565 3452 634 3498 asse
655 3443 756 3515 potast
776 3435 922 3496 sententia
937 3430 1120 3508 Tertulliani,
1141 3434 1304 3514 quimani-

99 3517 240 3585 lauans
267 3523 441 3602 pronuntiat
466 3521 572 3583 Filium
601 3520 653 3581 liei
681 3520 835 3600 delapsum
866 3537 933 3580 asse
955 3518 986 3580 in
1007 3519 1160 3598 virginem,
1188 3533 1226 3578 ax
1247 3535 1304 3596 qua

100 3597 240 3670 hmanas
268 3625 377 3686 eorpus
404 3605 526 3685 amapit.
569 3604 721 3683 Virginem
747 3612 845 3666 autem
866 3602 948 3676 dixit,
978 3603 1046 3682 quia
1068 3602 1116 3664 hio
1138 3602 1190 3662 [lei
1212 3601 1304 3664 Filius

98 3687 208 3762 adun,
229 3693 334 3771 inquit,
358 3694 393 3753 de
414 3691 601 3771 inpudicitia
620 3699 750 3752 snutrane
772 3689 875 3762 hatst3
900 3691 989 3750 stiam
1010 3705 1099 3770 mom
1112 3687 1235 3746 oidetnr
1251 3685 1306 3745 ha-

99 3769 166 3844 ltra,
190 3793 253 3838 nan
281 3786 438 3857 nupserat.
483 3775 521 3836 st
546 3776 573 3836 si
600 3774 659 3835 ulla
687 3771 799 3852 absquo
822 3771 1021 3851 impudicitiae
1042 3770 1107 3831 laha
1129 3777 1160 3828 et
1180 3766 1305 3828 maritali

99 3859 235 3920 masorda
256 3861 448 3922 materians
469 3867 526 3932 est,
558 3866 638 3919 oerta
660 3857 811 3918 Christum
833 3856 914 3918 salva
935 3854 1109 3934 virginitatis
1132 3869 1203 3914 auae
1225 3851 1304 3911 inte-

100 3941 190 4015 nitate
210 3945 319 4024 gennit.
364 3943 423 4006 Sed
446 3961 503 4024 qua
523 3944 650 4015 ratione,
672 3941 787 4020 inquiat
808 3939 923 4019 aliquis,
946 3939 1004 4000 dioi
1026 3936 1139 4018 potuit:
1161 3951 1224 3996 nan
1244 3953 1307 3996 nn-

97 4027 215 4100 aanor?
256 4029 362 4091 Nonne
388 4028 520 4109 plmique
547 4043 653 4090 amnes
680 4025 759 4088 illam
780 4024 910 4104 lasepha
937 4029 1059 4101 nuptam
1086 4037 1190 4080 revera
1212 4018 1306 4080 luisse

100 4110 278 4175 usereraut?
321 4113 515 4192 Respondent
541 4112 630 4190 aliqud
657 4110 716 4171 hoa
741 4109 833 4170 aerbo
861 4125 924 4172 non
939 4113 1101 4186 nupserat
1125 4102 1200 4164 nihil
1227 4102 1307 4166 aliud

99 4189 254 4270 willari,
282 4197 342 4259 nisi
369 4197 490 4259 Manum
518 4197 616 4258 risum
644 4211 704 4256 non
732 4192 919 4273 cognovisse.
963 4190 1037 4250 Nam
1065 4195 1095 4249 at
1115 4187 1180 4268 ipsa
1203 4188 1306 4266 angelo

98 4281 254 4356 rsepondit:
292 4283 448 4356 massada
469 4283 524 4363 fiet
543 4281 635 4352 istud,
658 4283 800 4361 manian
821 4280 924 4339 airuns
943 4289 1007 4336 nan
1029 4270 1201 4352 eopnossal'
1222 4271 1308 4346 (huo.

98 4375 152 4440 rap.
171 4363 195 4425 l.
215 4383 244 4427 v.
267 4368 341 4444 aa).
385 4366 443 4428 Sed
475 4366 522 4428 his
542 4364 730 4447 probandum
751 4369 815 4423 erat
835 4379 852 4422 a
874 4359 981 4439 ambus
1002 4356 1126 4418 verbum
1147 4357 1228 4418 nnio
1250 4356 1310 4418 hoa

99 4459 178 4508 tenta
203 4448 372 4530 aooipiatur.
414 4449 572 4512 Nonnullis
598 4447 774 4520 vernhero,
804 4461 892 4524 quam
913 4441 1084 4522 Hieronymi
1105 4459 1172 4503 essa
1193 4447 1307 4520 putant,

98 4529 230 4604 nnbatm
251 4536 363 4614 opinio,
384 4533 515 4608 Mariam,
538 4535 654 4614 mando
677 4531 811 4609 oouoepit
832 4527 992 4602 Christum,
1016 4544 1158 4606 sponsam
1182 4524 1254 4598 sire,
1275 4529 1310 4584 nt

99 4607 340 4696 drmgshsnmm
362 4623 480 4682 utaulur
499 4619 600 4694 narbo,
624 4619 835 4699 desponsatam
856 4613 976 4694 qtddem
993 4612 1084 4675 tuisse
1100 4608 1238 4690 losepho,
1261 4605 1309 4668 oui
