3144 5236
253 393 317 471 Μ
353 420 545 467 praesumto
561 420 592 464 lli
608 419 656 471 cu.
671 418 755 464 SM.
770 417 856 464 FLOR·
873 419 1070 464 rttawutmtt
1084 419 1312 466 trouocsrtocu
1327 423 1416 468 ΕΒΗ.

253 575 289 637 de
322 573 444 636 licentia
477 575 657 651 potestatis,
690 579 721 631 et
751 569 828 649 apud
856 569 1070 632 Tertullianum
1101 578 1239 633 nocuum
1266 573 1302 634 de
1325 583 1481 653 potestate

249 657 401 738 (cyprian.
424 657 461 717 de
482 655 592 717 ldolor.
613 653 709 716 Venit.
731 671 798 733 pag.
823 657 896 730 lb).
940 654 975 714 ln
1006 663 1134 734 quatuor
1165 673 1253 730 vem,
1288 673 1364 735 quos
1396 658 1479 719 nacti

251 761 366 816 samus,
388 740 604 820 antiquioribus
625 739 714 800 buius
729 738 865 818 Cypriani
878 737 964 800 libris
979 739 1189 820 manuscriptis
1203 739 1354 802 codicibus
1366 741 1479 820 legitur

250 825 575 990 ili“',3‘.’..,¹.l.2¹li.
591 822 1476 986 “lauret·...lttt¹'¹tt:tt.¹'⁰tt‘¹tt.thiat

249 1002 407 1076 potestate,
430 1011 488 1072 qua
514 992 652 1054 miracula
673 992 889 1072 propemodum
909 992 1024 1054 inlinita
1040 1000 1070 1054 et
1089 993 1384 1072 hucusqueinaudita
1397 993 1474 1055 ede-

250 1081 316 1155 bat,
350 1097 425 1159 quae
451 1076 700 1156 impudentissimi
728 1076 953 1138 calumniatores
981 1076 1080 1139 ludaei
1107 1077 1228 1156 magicis
1255 1077 1333 1138 illius
1360 1077 1477 1140 artibus

251 1163 418 1226 adscribere
440 1163 502 1224 ausi
524 1163 653 1222 iuenrnt.
697 1159 739 1222 lle
760 1161 808 1222 his
831 1170 929 1222 autem
950 1160 1062 1222 Christi
1083 1162 1248 1236 miraculis,
1280 1161 1386 1241 quibus
1410 1163 1476 1225 evi-

250 1247 424 1311 dentissime
451 1245 665 1326 comprobavit
681 1263 715 1306 se
743 1263 811 1308 esse
832 1245 886 1306 Ilei
907 1245 1015 1307 Filium
1036 1254 1066 1307 et
1087 1256 1240 1326 assumpto
1267 1264 1393 1325 corpore
1414 1246 1485 1320 bn-,

112 1341 115 1348 '
249 1333 450 1396 manentem
471 1330 568 1410 egisse
588 1330 742 1392 mortalem
764 1329 794 1392 in
817 1329 965 1409 superiori
993 1329 1116 1410 aliisque
1138 1327 1395 1394 dissertationibus
1417 1349 1477 1392 no-

250 1416 567 1579 {giwpqniam
596 1413 731 1493 (Dissert.
755 1414 786 1475 in
813 1414 945 1476 Lactant.
979 1433 1042 1494 cap.
1064 1417 1095 1479 9.
1117 1415 1221 1479 ΑΜ
1250 1419 1280 1477 et
1301 1433 1386 1496 seqq.
1409 1433 1475 1497 cap.

748 1734 915 1786 tattcttttts
933 1735 974 1786 lll.

251 1839 361 1884 Cbrtetum
383 1837 486 1882 violentie
508 1837 642 1881 ludaeorum
666 1836 787 1891 euttraqlte,
814 1836 872 1881 sieut
893 1837 942 1893 ipse
965 1837 1111 1893 praedixerat,
1129 1837 1152 1880 in
1170 1847 1261 1882 enicem
1279 1849 1292 1882 a
1308 1838 1379 1882 Pilato
1397 1838 1477 1895 Syriae

317 1912 462 1963 procuratore
480 1911 561 1958 actam,
580 1911 658 1960 epcute
676 1911 698 1948 et
715 1915 766 1948 cara
783 1905 850 1949 verbo
869 1905 967 1960 spiritum
986 1904 1111 1955 dimitiam
1130 1905 1158 1948 de
1174 1904 1229 1949 rotie
1244 1913 1291 1949 tum
1305 1906 1404 1962 detiqtrlo

589 1971 611 2014 in
630 1983 712 2016 arcuna
730 1973 799 2018 relato
819 1984 846 2016 ao
864 1972 891 2016 da
908 1971 987 2016 Christi
1003 1973 1124 2028 sepultura.

335 2087 509 2166 Quanquam
530 2094 575 2148 tot
596 2094 714 2166 tamque
735 2088 880 2166 stupenda
902 2086 1011 2148 Christi
1039 2087 1178 2150 miracula
1203 2085 1395 2150 invictissime
1416 2089 1476 2150 ad-

248 2189 353 2234 versus
367 2171 493 2232 ludaeos
514 2189 549 2232 ac
562 2189 753 2250 quoscunque
773 2171 848 2234 alios
862 2171 944 2233 illum
959 2189 1029 2234 vere
1043 2172 1136 2234 Deum
1158 2179 1187 2234 ct
1207 2173 1358 2234 homiaem
1378 2172 1477 2235 brisso

249 2275 284 2318 ao
304 2273 371 2317 cum
392 2255 563 2317 hominibus
584 2256 694 2317 vixisse
714 2256 936 2329 demonstrent,
970 2257 1027 2317 hoe
1055 2266 1153 2318 nmen
1175 2255 1375 2319 Tertullianus
1397 2255 1475 2320 satis

246 2341 306 2403 sihi
334 2358 394 2401 non
423 2357 489 2401 esse
518 2339 675 2402 arbitratus
704 2348 759 2401 est.
802 2339 902 2419 Pergit
929 2340 1008 2402 enirn
1035 2359 1091 2403 nee
1113 2341 1210 2403 minus
1232 2341 1394 2403 luctrlenter
1415 2341 1476 2402 de-

247 2432 395 2486 monstrat
415 2425 446 2485 id
467 2424 562 2486 adbuc
583 2424 707 2486 stabiliri
729 2425 954 2504 confirmarique
976 2443 1069 2504 posse
1092 2425 1157 2487 aliis
1179 2425 1325 2488 similibus
1341 2425 1475 2488 mnam-

247 2509 295 2584 lis,
318 2527 393 2588 quae
415 2507 451 2569 ab
473 2508 522 2568 illo
544 2517 612 2570 ante
634 2516 663 2568 et
684 2517 900 2587 postmortem
923 2509 1000 2570 edita
1022 2518 1101 2572 sunt.
1132 2510 1206 2572 Eum
1228 2527 1299 2589 ergo
1314 2527 1478 2589 sequamur

248 2601 278 2654 et
298 2594 335 2653 de
358 2593 405 2654 illa
427 2592 534 2654 Christi
555 2601 652 2654 morte
673 2591 869 2654 disserentem
891 2594 1058 2655 audiamus:
1092 2594 1138 2656 Aa
1159 2597 1338 2664 doctrinam,
1365 2594 1476 2674 inquit,

246 2681 311 2740 erite
326 2681 395 2758 qaa'a
410 2677 615 2755 (manuscripti
629 2677 762 2738 codices:
785 2682 855 2758 quc)
878 2680 1121 2749 reoa'ncebcrtar,
1143 2682 1285 2758 moptetrt'
1300 2683 1478 2758 prainorer-

246 2779 301 2842 que
322 2761 506 2824 ludaeorum
527 2766 570 2823 tta
591 2761 864 2840 temperabantur,
886 2767 1015 2824 mantiae
1036 2764 1116 2844 qaod
1136 2765 1176 2825 ad
1189 2782 1257 2825 eura
1270 2763 1478 2844 inqenemavl-

246 2847 344 2908 titudo
367 2847 545 2926 deflecteret,
568 2856 604 2908 ut
623 2857 777 2926 postremo
800 2841 934 2908 oblatum
948 2846 1058 2909 Pontio
1072 2847 1181 2919 Pilato,
1205 2847 1325 2926 Syriam
1347 2859 1420 2909 turea
1434 2865 1478 2910 eor

242 2942 334 3010 parte
345 2929 480 2993 Romana
491 2935 686 3010 procuranti,
698 2929 843 2993 violentia
858 2932 1080 3012 euffrayt'oraam
1094 2936 1127 2993 a'n
1140 2949 1258 2994 macen
1267 2932 1477 3010 (manuscripti

245 3013 373 3076 codicis:
395 3014 508 3092 iesum)
537 3016 607 3078 dedi
633 3016 693 3076 eibi
718 3020 908 3077 ectoreerirt
928 3015 1111 3091 (Tertullian.
1132 3015 1285 3096 apologet
1307 3033 1371 3095 cap.
1394 3018 1433 3078 21
1441 3022 1475 3093 .).

245 3097 407 3176 Cyprianus
429 3117 500 3159 vero
522 3099 595 3160 haec
615 3097 652 3159 ab
673 3101 801 3160 Auctore
821 3107 927 3159 nostro
950 3099 993 3160 sic
1013 3107 1163 3160 mutuatus
1184 3108 1242 3172 est,
1271 3107 1305 3162 ut
1325 3099 1474 3179 quaedam

185 3252 188 3258 ,
245 3182 333 3242 etiarn
355 3183 537 3262 decerpserit
557 3181 637 3258 illius
658 3182 761 3244 rerba:
795 3182 899 3253 Hanc,
922 3182 1032 3262 iuquit,
1055 3187 1199 3264 mayietra'
1218 3203 1339 3255 eorum,
1362 3184 1475 3246 ludae-

245 3283 341 3337 orum,
364 3277 452 3345 atque
470 3271 633 3345 primores,
668 3266 723 3330 boc
745 3280 791 3330 eet
811 3285 885 3348 quas
908 3281 938 3331 at
960 3269 1100 3331 doctrina
1120 3268 1225 3331 illest
1246 3273 1397 3350 sapientie
1419 3287 1475 3331 re·-

244 3349 395 3420 vincebat,
429 3355 549 3411 accensa’
575 3355 624 3413 a'ra
654 3363 682 3414 et
710 3354 915 3432 tndr'qnattone
939 3357 1104 3433 provocata·
1130 3365 1286 3433 postremo
1320 3354 1477 3416 detentere

243 3431 354 3495 Pontio
376 3432 485 3505 Pilato,
515 3439 568 3514 qai
588 3446 661 3498 tarta
681 3453 720 3496 aa·
737 3448 829 3514 parte
851 3435 986 3498 Rouana
1008 3435 1128 3515 Syriam
1146 3438 1346 3518 procurabat,
1370 3439 1476 3500 uada-

245 3517 370 3588 deramt,
404 3535 522 3579 cracem
550 3523 614 3581 dats
643 3531 673 3582 et
699 3531 827 3582 mortem
854 3521 1012 3602 septuplis
1041 3521 1183 3583 molentis
1206 3539 1241 3582 ac
1259 3522 1474 3602 pertinacibus

242 3603 417 3682 flapitaates
440 3600 586 3682 (Cyprian.
609 3603 646 3663 de
667 3602 776 3663 ldolor.
799 3603 894 3664 Vanit.
916 3623 981 3684 pag.
1007 3607 1079 3681 to).
1117 3604 1204 3676 Quod
1226 3613 1323 3666 autem
1346 3613 1475 3685 uterque

242 3703 278 3748 ac
297 3693 403 3766 postea
423 3685 593 3748 Lactantius
621 3693 680 3748 tam
708 3687 820 3748 diserte
847 3689 994 3768 appellant
1014 3688 1140 3750 Pilatum
1162 3689 1263 3768 Syriae
1290 3697 1474 3768 procurato-

242 3789 323 3844 rem,
358 3771 416 3832 hoc
443 3787 505 3832 non
533 3777 619 3832 caret
639 3771 824 3845 difficultate,
862 3773 916 3834 sed
944 3791 1008 3833 eam
1030 3773 1060 3833 in
1083 3781 1186 3834 nostra
1207 3774 1244 3835 ad
1264 3773 1353 3835 huius
1375 3773 1474 3836 libros

242 3853 451 3918 dissertatione
484 3855 613 3916 enodare
644 3855 829 3917 tentavimus.
873 3853 1031 3918 Rationem
1057 3875 1175 3937 quoque
1203 3856 1388 3920 reddidimus
1416 3875 1475 3920 cur

242 3937 342 4000 ludaei
369 3940 505 4002 dicantur
529 3939 663 4001 doctrina
685 3939 796 4002 Christi
824 3946 1013 4022 exasperati,
1047 3942 1106 4003 hoc
1132 3949 1179 4004 est
1199 3942 1369 4021 asperiores
1390 3941 1473 4017 nott,

242 4021 322 4096 sive,
351 4031 385 4084 ut
406 4025 454 4085 ait.
467 4024 647 4104 Cyprianus,
675 4027 726 4087 a'ra
747 4037 777 4087 et
798 4027 975 4105 indian'tate
997 4026 1128 4100 accensi,
1157 4026 1226 4104 quia
1247 4026 1341 4105 legem
1364 4043 1473 4089 eorum

243 4104 377 4167 solvebat
399 4115 429 4169 et
450 4108 620 4188 antiquabat
640 4107 807 4180 (Dissertat.
831 4110 862 4170 in
883 4109 1015 4171 hactaut.
1038 4127 1101 4189 cap.
1127 4112 1177 4174 18.
1199 4111 1260 4172 brt
1284 4114 1339 4186 2.).

326 4189 413 4252 ludit
434 4201 532 4254 autem
553 4192 768 4254 Tertullianus:
795 4193 995 4257 Praedicerat
1017 4207 1047 4258 et
1067 4200 1130 4276 ipae
1152 4199 1194 4256 lta
1216 4196 1368 4274 facturos.
1406 4193 1473 4257 Pa·

241 4289 312 4334 rum
334 4273 453 4349 baetin
475 4277 684 4356 manuscriptis
706 4277 892 4340 desideratam
912 4294 1079 4357 pronomen
1101 4278 1176 4355 loc),
1207 4283 1236 4342 ει·
1256 4297 1319 4341 rora
1340 4288 1371 4340 et
1388 4296 1470 4360 pro·

238 4355 347 4438 phetae
368 4370 455 4422 retra
478 4360 662 4435 (Tertullian.
684 4362 838 4443 Apologet.
861 4379 925 4442 cap.
948 4366 1024 4440 tl).
1068 4362 1126 4424 Sed
1154 4361 1228 4424 haec
1254 4362 1343 4442 paulo
1371 4363 1471 4425 maim

240 4441 429 4521 apertiusque
451 4461 467 4504 a
490 4444 633 4525 Cypriano
655 4447 702 4508 bis
725 4445 822 4510 verbis
845 4447 986 4527 explicata
1007 4455 1092 4510 sunt:
1114 4445 1179 4510 Hoc
1201 4465 1252 4510 eos
1272 4449 1418 4528 facturos
1441 4457 1473 4509 et

239 4530 304 4608 ipre
328 4529 529 4608 praedicarat
549 4544 579 4594 et
601 4531 824 4613 prophetarant
846 4536 976 4595 amaram
998 4536 1203 4598 testimoniam
1223 4536 1268 4595 etc
1288 4543 1472 4612 anteprae-

241 4623 382 4686 ceeeerat,
407 4623 549 4695 oportere
570 4615 657 4679 atton
674 4621 752 4699 pati,
774 4629 811 4683 ert
830 4635 894 4682 aaa
915 4621 1044 4683 amtiret
1066 4628 1186 4684 tactam
1204 4627 1341 4690 mortem,
1365 4615 1419 4678 red
1432 4627 1470 4682 ut
