3126 5250
491 381 626 426 marona
647 381 708 426 stc.
727 381 767 426 nn
787 380 915 427 nomer.
1248 365 1310 430 269
1341 443 1344 450 y

598 531 719 594 CAPUT
743 531 805 596 llll.

100 649 240 709 humilior,
266 651 307 715 qai
331 651 443 716 qualem
467 651 556 704 inerint
573 652 710 711 christiani,
738 651 859 716 quomado
883 651 913 701 ab
931 649 1032 702 ethnicis
1056 651 1170 712 distincti,
1196 667 1224 703 ac
1241 665 1311 717 qnam

190 718 268 780 longe
286 720 398 784 pociores
415 721 504 771 luerim
521 720 617 770 illorum
637 734 708 784 qoam
727 721 876 772 ethnicarum
894 733 976 770 mares
994 719 1108 784 legeaqne
1126 720 1201 769 mollo

544 788 658 840 meliores
675 803 704 839 aa
720 789 862 838 tenuiores.

547 1005 714 1056 tttrlctlllls
734 1005 852 1058 TlililUS.

90 1107 134 1160 Qui,
150 1109 237 1164 anain
256 1115 278 1152 et
294 1119 361 1164 qnam
378 1109 516 1164 multiplicati
534 1109 615 1154 menni
632 1109 761 1154 Tertulliani
778 1117 876 1165 ternpore
895 1109 1019 1162 chnutiaoi,
1042 1121 1069 1154 ac
1087 1110 1197 1165 quomodo
1216 1109 1243 1152 ab
1261 1111 1307 1154 etb-

406 1175 462 1219 nicis
480 1175 531 1231 quib
533 1187 641 1220 uuuuuu
642 1177 730 1221 inehont
746 1185 799 1221 tnnc
817 1177 837 1222 di
839 1189 959 1221 eeeeeeeee
962 1185 1003 1220 tur.

166 1291 245 1353 Post
267 1291 408 1372 explicata
429 1311 446 1354 a
467 1293 554 1355 nobis
577 1301 690 1356 assona
717 1313 733 1356 a
756 1293 936 1356 Tertulliano
959 1291 1133 1355 christianae
1154 1291 1306 1372 religionis

88 1375 283 1449 dommenm
315 1375 468 1444 iamcnm
496 1377 546 1438 illo
576 1377 786 1458 explorandum
812 1386 859 1440 est
880 1378 998 1457 quinam
1026 1386 1056 1438 et
1075 1375 1176 1456 quales
1199 1377 1308 1438 luerint

87 1461 206 1522 illarum
240 1461 415 1522 defensores
449 1461 625 1536 Christiani,
661 1482 696 1524 aa
732 1462 880 1542 monendo
914 1481 981 1524 cum
1013 1461 1138 1524 ethnicis
1171 1460 1306 1522 osenna

86 1545 165 1607 lnrat
194 1545 296 1624 itaque
323 1545 404 1606 illum
435 1546 472 1607 de
500 1565 533 1608 se
555 1547 621 1626 ipso
643 1546 766 1626 aliisque
788 1547 898 1608 Christi
918 1547 1113 1608 senatoribus
1139 1545 1307 1624 loquentem

86 1631 207 1692 audire:
232 1630 359 1711 Corpus,
382 1631 478 1710 inqtrit
492 1631 675 1706 (Tertullian.
689 1631 842 1710 Apologci.
858 1649 921 1710 cap.
937 1634 1011 1709 39.)‚
1027 1650 1141 1702 uocas,
1164 1630 1306 1708 quemad-

85 1715 210 1794 modum
242 1723 327 1776 antea
360 1715 519 1794 scripserat
549 1716 726 1796 Apostolus:
762 1716 855 1779 Multi
879 1735 974 1778 onam
1003 1733 1113 1796 corpus
1128 1733 1245 1777 samaa
1275 1719 1307 1777 itt

87 1799 213 1862 Christo
235 1797 339 1878 (Epist.
362 1799 398 1860 ad
420 1799 506 1861 Iiom.
529 1799 591 1862 llll.
614 1806 668 1876 5.)‚
691 1800 720 1861 id
744 1803 789 1861 est
810 1818 868 1862 una
889 1799 1048 1862 multorum
1070 1799 1158 1860 simul
1180 1817 1305 1878 congre-

85 1891 228 1962 gatorum
243 1884 379 1956 societas,
402 1885 588 1964 congregatio
610 1892 640 1945 et
661 1885 864 1948 communitas.
896 1886 961 1958 Quo
983 1893 1080 1945 autem
1101 1884 1191 1945 modo
1213 1902 1305 1962 quave

85 1967 208 2028 mbone
229 1967 393 2048 congregati
414 1969 531 2042 luerint,
560 1969 586 2030 si
608 1988 706 2048 roges,
736 1969 788 2030 tibi
815 1969 1019 2049 respondebit:
1056 1970 1101 2031 De
1124 1971 1306 2030 accedentia

86 2053 247 2132 relt'pionc's
268 2051 450 2127 (Tertullian.
466 2051 542 2114 loco.
558 2054 629 2130 cit),
651 2055 680 2116 id
703 2062 749 2115 est
770 2054 871 2116 intima
893 2053 1115 2133 certissimaque
1130 2052 1220 2114 animi
1234 2071 1304 2133 per·
1401 2103 1407 2116 .

88 2137 230 2198 suasione
258 2137 383 2199 convicii
414 2156 511 2198 rerem
543 2156 611 2200 esse
640 2139 812 2218 religionem
839 2157 925 2218 qnam
952 2157 1056 2200 omncs
1082 2137 1305 2218 profitebantur.

87 2221 128 2283 hd
148 2222 224 2282 haec
244 2239 316 2283 vero
338 2221 486 2284 coniuncti
508 2223 680 2304 discipliuae
701 2229 817 2286 unitate
837 2224 945 2298 (ibid),
968 2243 1020 2286 sen
1035 2223 1140 2284 tradita
1154 2242 1172 2284 a
1187 2221 1304 2284 Christo

91 2325 142 2368 nna
163 2307 338 2385 eademqne,
361 2306 412 2368 scd
435 2307 620 2369 sanctissima
642 2309 885 2370 documentorum
914 2307 1099 2370 institutione
1126 2327 1161 2370 ac
1187 2326 1304 2368 morum

95 2389 251 2470 discipline.
295 2390 425 2487 lienique
447 2391 573 2470 copulati
595 2397 661 2474 spei
679 2393 924 2472 foederellbid.),
946 2393 1009 2455 sive
1031 2392 1172 2454 foederati
1194 2410 1229 2453 ac
1250 2410 1304 2452 so·

99 2474 228 2555 ciatispe
252 2475 418 2537 certissima
440 2476 686 2550 discucientes,
720 2496 806 2556 quem
834 2477 891 2539 illis
919 2497 1006 2540 verus
1036 2477 1177 2556 solusque
1205 2476 1303 2538 omni-

101 2567 192 2635 potens
214 2559 296 2620 Dens
318 2568 388 2639 post
409 2561 484 2621 benc
504 2562 657 2624 mortalem
678 2562 766 2623 vimus
787 2562 934 2641 promisit

174 2644 269 2716 Quam
303 2644 521 2724 multiplicatum
554 2654 651 2708 antem
683 2647 771 2708 luerit
797 2647 861 2725 ipsn
889 2645 1061 2708 Tertulliani
1088 2645 1183 2707 nostri
1210 2653 1304 2707 aetate

96 2725 158 2790 illud
171 2729 407 2790 Christianorum
428 2747 536 2808 corpus
558 2731 700 2792 certiores
721 2749 778 2792 nos
798 2733 930 2810 proiecto
953 2728 1302 2810 ipselecit(lbid.c.1.t.

96 2811 169 2875 Tunc
190 2813 272 2874 enirn
295 2814 402 2886 omnia,
425 2824 458 2875 nt
478 2825 578 2876 narrat
599 2816 685 2886 (ibid.
707 2833 769 2893 cap.
793 2819 867 2890 37.),
895 2813 1080 2896 repleverant
1101 2813 1202 2875 mnndi
1224 2813 1303 2874 loca:

93 2897 184 2972 nrbes,
208 2897 332 2970 insulas,
356 2899 482 2971 castella,
504 2899 672 2978 municipia,
695 2899 894 2972 conciliabula,
916 2907 1020 2971 castra
1035 2898 1142 2969 tribus,
1159 2896 1304 2970 decurias,

90 2982 198 3056 locum,
228 2991 381 3056 senatum,
409 2983 547 3063 palatium
574 2983 704 3062 nihilque
730 2984 864 3062 privatim
887 2983 1010 3046 ethnicis
1031 2983 1089 3047 nisi
1117 2981 1179 3043 sola
1201 3000 1303 3042 eorum

89 3067 192 3146 templa
215 3067 394 3147 reliquerant
416 3068 500 3143 (ibid.
524 3086 586 3147 cap.
602 3071 675 3144 ih).
706 3067 777 3128 Cum
800 3069 838 3129 iis
860 3067 949 3146 igitur
970 3066 1078 3146 ubique
1100 3065 1302 3140 versabantur,

89 3150 117 3210 in
138 3153 215 3225 loro,
239 3150 371 3224 macello,
393 3151 516 3224 balneis,
539 3151 680 3224 tabernis,
704 3152 840 3224 officinis,
863 3151 997 3224 stabulis,
1019 3151 1158 3214 nundinis
1174 3158 1204 3212 et
1218 3169 1302 3212 com-

88 3237 215 3306 merciis,
237 3235 275 3297 dc
297 3236 403 3314 quibus
424 3237 499 3298 inira
521 3237 686 3298 dicendum.
717 3237 809 3298 Simul
826 3237 921 3316 itaque
936 3236 1072 3316 permixti
1088 3234 1301 3309 cohabitabant,

86 3319 263 3392 militabant,
295 3320 525 3395 rusticabantur,
556 3321 760 3384 mercabantur
780 3330 940 3400 mutuoque
961 3339 1019 3384 nen
1040 3327 1119 3383 artes
1141 3319 1303 3382 miscebant

87 3412 116 3464 et
139 3423 239 3483 opera.

172 3489 371 3562 Quamobrem
392 3489 449 3550 alio
471 3489 518 3551 ille
540 3490 571 3551 in
591 3490 666 3552 libro
688 3491 841 3570 Scapulam
868 3491 912 3552 sic
939 3489 1060 3550 affatur:
1100 3490 1181 3563 Quid
1206 3491 1301 3568 sact'as

88 3573 122 3634 de
147 3583 189 3635 tot
209 3574 344 3637 otillr'lats
366 3577 493 3651 (veteres
516 3575 661 3638 editiones
683 3579 781 3639 decern
800 3575 945 3650 millibus)
970 3574 1129 3645 luminam,
1159 3584 1202 3636 tot
1215 3577 1301 3635 ·ot'ris

89 3675 123 3718 ec
144 3659 274 3737 sminls,
298 3663 393 3720 noeais
415 3678 517 3732 senas,
547 3665 643 3723 omnis
666 3665 782 3732 aetatis,
810 3663 906 3722 noeais
928 3661 1082 3738 dipat'tatis
1105 3657 1301 3740 offerentibus

88 3761 120 3804 sa
153 3742 227 3805 tili?
274 3743 356 3816 Qttt'd
386 3747 454 3824 ipsc
480 3744 629 3826 Cortlapo
661 3764 796 3825 pastura
824 3755 878 3817 est,
916 3745 1088 3806 decernanda
1115 3753 1199 3812 ate,
1235 3759 1301 3802 cam

86 3831 282 3910 propticpaos,
306 3846 372 3890 caea
395 3828 624 3892 contubernales
646 3848 717 3892 suos
731 3829 794 3891 illic
808 3833 1012 3910 unusquisque
1028 3829 1210 3907 eopaooert't
1235 3843 1300 3886 eam

90 3913 196 3975 viderit
216 3913 281 3975 illic
301 3915 437 3992 sortasse
465 3923 494 3975 et
516 3916 563 3978 cot
582 3915 698 3976 ordinis
721 3919 805 3976 uiros
832 3923 861 3975 et
881 3924 1039 3975 matronas
1067 3922 1095 3974 et
1112 3907 1300 3991 principales

90 4013 215 4078 eampse
238 4015 391 4078 perseam
418 4008 447 4060 et
473 4003 638 4061 amicornm
663 4008 787 4060 tuamor
813 3997 862 4059 cal
887 4001 1073 4078 propinquos
1109 3994 1158 4056 oal
1190 3997 1300 4055 amicos

92 4078 180 4152 iidem
200 4081 251 4143 lib.
275 4081 310 4143 ad
334 4081 418 4162 Scap.
441 4101 504 4162 cap.
526 4082 594 4159 ht?
626 4083 703 4156 Quid
724 4080 832 4162 plura?
859 4082 971 4143 Tantus
992 4091 1064 4142 tunc
1083 4077 1215 4158 proiecta
1238 4083 1301 4138 erat

90 4180 149 4225 non
168 4166 265 4228 solnm
287 4166 477 4247 Cartbagine,
510 4167 563 4229 sed
590 4167 699 4248 ubique
726 4175 871 4228 terrarum
892 4165 1126 4228 Christianorum
1147 4181 1299 4236 numeros,

91 4257 127 4309 at
146 4255 172 4312 a·
190 4261 277 4314 tanta
298 4255 344 4313 cis
367 4252 527 4326 hominnm,
557 4251 621 4333 ipsa
644 4251 778 4314 eiusdem
800 4250 969 4313 Tertulliani
992 4249 1087 4311 adhuc
1108 4256 1178 4309 sunt
1198 4245 1297 4318 rerba,

93 4335 126 4394 ric
143 4335 269 4418 oldpueae
291 4336 373 4399 orbis
395 4341 505 4400 remoti
524 4341 623 4402 sinam
643 4337 869 4417 abrupissemus
891 4335 1020 4406 naalia
1044 4335 1221 4416 suffudisset
1234 4336 1299 4395 ati-

94 4435 146 4495 tte
172 4423 402 4485 dominationem
426 4433 560 4486 oestrum
586 4433 631 4485 tot
651 4421 901 4503 qualtitmaoopua
922 4423 1044 4481 amissio
1067 4423 1187 4491 domm,
1209 4421 1298 4479 mmo

94 4505 176 4567 etthei
196 4517 225 4569 et
246 4511 314 4586 t‘pea
335 4507 526 4570 destitutione
545 4511 692 4589 patuisset,
720 4505 922 4588 proculdubio
944 4508 1142 4585 capacissatis
1163 4505 1202 4566 ad
1223 4501 1300 4564 soli-

96 4589 220 4654 tsditteoc
246 4603 395 4665 castrant,
428 4593 468 4655 ad
494 4592 646 4658 silentium
673 4611 778 4656 rernm
806 4601 835 4654 et
861 4599 1014 4670 streperem
1041 4591 1186 4673 quendam
1212 4587 1300 4670 perosi
