3082 5238
455 333 591 376 roccone
612 331 653 374 ro.
675 331 743 375 toa.
766 332 929 388 samanar.
1237 321 1300 384 aaa
1423 337 1425 342 ·

72 484 140 546 iure
154 479 290 544 aemam
305 482 411 544 ceteris
434 483 533 561 negari
556 482 680 555 dehere;
695 483 775 562 quod
797 481 928 544 ostendit
940 483 1075 561 prolecto
1089 484 1300 550 Tertullianum

75 577 137 630 ham
160 585 196 627 ex
216 565 265 628 illa
286 565 429 627 societate
450 583 533 628 sacra
555 566 659 638 luisse,
688 583 764 646 quae
792 567 906 628 nullam
928 565 1006 629 diem
1027 566 1143 645 puhlica
1164 577 1194 630 et
1215 589 1299 632 oom-

73 651 157 712 muai
178 649 356 712 abstinentia
377 669 393 710 a
416 649 483 710 dito
506 649 672 712 celebrabat
692 659 810 729 praeter
832 668 910 722 eum,
933 669 992 729 quo
1005 649 1142 712 Christus
1163 663 1299 717 mortuos

72 744 154 808 arat3
175 751 244 794 nam
266 733 331 796 dies
352 733 484 795 Paschae
506 741 553 794 est
574 733 609 804 is,
632 733 683 811 qui
705 742 769 796 erat
789 734 949 795 memoriae
970 735 1037 795 lesu
1054 734 1201 796 intercuti
1223 754 1298 798 ocu-

74 816 241 880 secratus.¹
292 816 449 878 Enimvero
472 817 632 879 Christiani
659 825 775 878 veteres
798 817 969 879 Tertulliani
991 825 1126 897 tempore
1152 837 1213 880 non
1241 821 1299 882 nisi

71 903 154 964 huuc
174 901 252 964 diem
274 901 470 962 communiter
490 901 587 962 inedia
610 901 796 962 oelehrehant
816 910 985 980 propterea,
1008 903 1088 980 quod
1109 911 1170 963 turn
1183 902 1299 965 aiebant

71 1003 221 1065 sponsum
248 985 342 1046 luisse
370 983 515 1056 ablatum
542 993 573 1046 et
598 992 697 1046 tamur
727 983 923 1046 Tertullianus
953 985 984 1045 in
1010 985 1087 1046 libro
1116 987 1152 1046 de
1176 987 1298 1049 ieiuniis

70 1073 111 1142 (c.
135 1072 190 1144 2),
212 1069 262 1147 quq
285 1075 331 1130 est
351 1067 430 1129 haud
452 1067 541 1130 dubie
560 1088 585 1129 .e
612 1087 736 1130 nomem
759 1069 1031 1130 llantanisticonrm
1054 1087 1190 1143 suoram,
1218 1071 1295 1131 rnul-

71 1163 135 1214 turn
158 1153 305 1230 vituperat
325 1153 401 1214 hanc
422 1152 667 1214 consuetudinem
687 1171 780 1214 unum
801 1153 882 1215 hunc
903 1152 981 1214 diem
1003 1153 1153 1214 commoni
1166 1154 1296 1215 ieiunio-

69 1257 140 1298 rum
157 1237 301 1315 religione
329 1236 507 1309 oelehrandi,
536 1245 640 1315 estque
662 1237 735 1298 satis
758 1237 878 1310 clarum,
899 1236 1091 1298 Montaniana
1105 1237 1207 1316 plures
1222 1239 1296 1302 alios

69 1322 138 1382 dies
174 1321 332 1382 ieiunando
361 1330 478 1399 praeter
503 1320 580 1382 diem
608 1320 719 1382 Christi
751 1320 943 1382 emortualem
980 1319 1159 1382 celebrasse.
1215 1322 1297 1390 Unde

69 1405 188 1466 elicitur
209 1404 296 1466 illud:
319 1403 543 1477 Tertullianum,
565 1422 631 1464 cum
654 1403 733 1464 huuc
754 1404 945 1476 quratione
963 1404 1071 1466 libram
1094 1416 1297 1484 componeret,

68 1488 206 1550 nondum
229 1489 258 1548 in
281 1496 380 1566 partes
401 1488 646 1549 Montanistarunr
669 1489 843 1549 secessisse.
894 1489 981 1560 Quod
1010 1505 1088 1549 novo
1117 1496 1218 1566 potest
1245 1509 1295 1552 ar-

69 1581 212 1651 gumento
235 1572 323 1632 (lucto
346 1590 380 1631 ex
404 1581 528 1649 auoque
550 1571 649 1632 lihello
672 1573 850 1644 confirmari,
872 1590 998 1650 quorum
1020 1573 1045 1634 si
1068 1571 1135 1650 quis
1152 1572 1216 1634 loca
1239 1575 1297 1634 alio

68 1663 173 1735 potest
194 1655 284 1716 modo
307 1655 337 1714 in
360 1655 547 1716 concordiam
575 1655 710 1733 renigero
738 1673 824 1734 quam
852 1675 899 1728 eo,
927 1673 1014 1734 quem
1044 1655 1181 1728 diximus,
1209 1657 1296 1718 ducto

69 1761 87 1800 a
112 1739 227 1800 diversa
239 1738 412 1800 Tertulliani
434 1739 588 1818 disciplina
612 1747 744 1818 ternpore
767 1740 921 1818 utriusque
936 1739 1096 1818 conscripti
1110 1739 1211 1812 libelli,
1230 1759 1296 1802 eunt

68 1823 236 1884 audiemus.
280 1823 352 1884 Nam
375 1841 441 1884 corn
463 1823 494 1883 in
517 1841 553 1883 eo
576 1824 612 1884 de
635 1824 777 1885 Oratione
799 1827 837 1896 (c.
859 1827 923 1899 25.)
946 1823 1150 1884 descendisset
1169 1824 1208 1884 ad
1230 1824 1294 1884 dis-

68 1908 253 1986 putationem
283 1907 320 1968 de
348 1915 482 1985 ternpore
503 1925 625 1985 precum
647 1907 708 1967 lleo
732 1907 959 1979 offerendarum,
988 1907 1101 1967 honum
1124 1907 1152 1967 id
1176 1907 1296 1986 quidem

69 2011 150 2060 esse,
187 1991 292 2070 inquit,
323 1990 465 2069 quasdam
493 1999 589 2051 certas
619 1998 648 2050 et
673 1991 744 2051 lixas
766 1991 849 2069 quasi
872 1992 963 2050 horas
984 1989 1121 2068 precihus
1143 1990 1296 2064 destinari,

68 2075 188 2136 tertiam
212 2075 323 2135 scilicet
344 2082 374 2135 et
395 2084 506 2136 sextam
530 2084 559 2136 et
581 2091 689 2134 nouam
718 2073 754 2134 ah
776 2074 926 2152 Apostolls
953 2091 1072 2152 quoque
1093 2074 1296 2148 observatam

67 2159 123 2220 sed
146 2157 176 2218 id
198 2159 315 2236 quidem
337 2159 411 2230 lieri,
444 2157 553 2230 adiicit,
581 2162 646 2219 sine
674 2158 770 2220 ultien
800 2159 1020 2219 ohservationes
1036 2169 1208 2237 praecepto,
1239 2175 1294 2218 ne-

67 2261 129 2320 que
152 2242 216 2320 lege
238 2251 409 2321 praeceptas
433 2261 500 2302 esse
522 2241 594 2302 alias
616 2250 735 2320 praeter
765 2241 909 2320 legitimas
940 2247 1094 2305 orationes
1113 2242 1154 2320 ᾖ.
1178 2261 1204 2301 e.
1233 2259 1294 2314 eas,

67 2345 146 2405 quae
183 2326 239 2387 sah
276 2334 343 2386 ortu
376 2325 450 2386 lacis
483 2325 637 2403 noctisque
664 2325 907 2404 pronunciantur.
951 2323 989 2385 Et
1011 2344 1035 2384 c.
1059 2327 1110 2388 23.
1133 2335 1223 2385 exta:
1251 2325 1296 2386 De

66 2410 272 2490 temporilas,
309 2408 419 2488 inquit,
458 2413 607 2471 orationis
641 2409 720 2470 nihil
748 2414 868 2470 omnino
893 2414 1121 2488 praescriptam
1151 2419 1206 2476 est.
1236 2413 1299 2470 nisi

63 2495 161 2575 plane
184 2497 266 2555 omni
286 2497 318 2554 in
340 2504 473 2574 ternpore
497 2505 525 2554 et
549 2493 613 2553 loco
638 2511 739 2554 orare.
784 2491 842 2552 Sed
866 2491 915 2551 ille
937 2491 967 2551 in
989 2491 1087 2552 libello
1115 2491 1152 2552 de
1174 2491 1294 2553 ieiuniis

64 2577 231 2657 peracerba
259 2577 384 2656 exomni
412 2577 594 2638 orthodoxae
615 2575 764 2636 Ecclesiae
793 2575 925 2636 addictos
954 2583 990 2647 (c.
1014 2577 1058 2649 2.)
1085 2582 1208 2652 propter
1230 2593 1294 2636 earn

66 2681 202 2734 causam,
229 2661 308 2740 quod
337 2660 544 2721 abstinendum
567 2677 636 2720 esse
658 2659 793 2720 dicebaut
814 2677 830 2718 a
852 2658 919 2719 cibo
943 2676 981 2718 ecc
1002 2660 1143 2728 arbitrio,
1173 2677 1235 2719 eron
1257 2677 1296 2719 ec

64 2750 197 2826 irnperio
226 2764 323 2807 novae
351 2744 537 2824 disciplinae,
571 2743 631 2822 pro
655 2744 839 2824 temporibus
870 2752 898 2802 et
925 2745 1026 2801 causis
1047 2745 1293 2820 uniuscuiusque,

66 2839 100 2890 et
121 2833 277 2891 orationes
300 2835 390 2890 etiam
417 2829 485 2906 sere
513 2829 590 2888 hora
617 2844 697 2887 novo
726 2825 937 2887 concluderent
969 2825 1003 2885 de
1031 2823 1116 2885 Petri
1141 2825 1294 2903 eaemplo;
1362 2852 1367 2858 ·

66 2913 207 2990 additque
229 2913 339 2974 diserte
369 2915 405 2987 (a
431 2915 493 2984 ld.)
522 2910 611 2992 solito
637 2910 728 2988 plane
756 2910 962 2988 indifferentia
984 2925 1101 2986 semper
1129 2917 1158 2968 et
1187 2910 1295 2987 nhiqne

67 3011 98 3060 et
124 3001 358 3076 omnitempore
381 2996 499 3070 orandi,
530 3005 628 3056 tamen
656 3003 719 3054 tres
734 2996 822 3054 *istas
854 2991 944 3052 horos
974 2991 1170 3052 solemniores
1197 2993 1295 3070 [cisse

65 3089 101 3144 in
125 3081 316 3144 orationihus
338 3081 466 3150 divisim
503 3087 532 3138 et
560 3095 622 3156 cap.
648 3079 697 3140 13.
725 3075 762 3136 ad
789 3074 885 3154 ipsam
913 3082 1055 3152 provocat
1080 3074 1214 3152 legema
1235 3073 1293 3135 Pa-

64 3165 179 3226 racleto
214 3163 329 3234 datam,
363 3181 420 3242 qua
451 3163 527 3222 hano
547 3161 791 3222 hlontauistarum
813 3157 1056 3220 consuetudinem
1078 3159 1293 3219 confirmasset.

66 3248 186 3321 Quibus
209 3246 347 3308 omnihus
370 3246 495 3306 vincitur
523 3245 600 3306 haud
628 3245 727 3317 dubie,
760 3243 844 3304 aliem
873 3259 998 3321 prorsus
1021 3241 1193 3302 Tertulliani
1222 3262 1293 3302 seu-

64 3333 192 3394 tentiam
215 3332 319 3402 luisse,
341 3348 407 3391 cum
430 3330 467 3392 de
490 3329 633 3390 Oratione
655 3328 762 3388 librum
785 3329 986 3406 componeret.
1019 3325 1162 3404 lienique,
1186 3336 1218 3387 ut
1239 3325 1294 3386 alia

65 3418 204 3477 omittam
226 3416 327 3486 multa,
350 3413 381 3474 id
403 3413 475 3474 mihi
497 3413 614 3474 videtur
635 3431 742 3490 magno
764 3419 937 3490 argumento
960 3428 1028 3470 esse
1051 3411 1087 3470 ad
1102 3410 1294 3470 asserendam

62 3503 144 3562 lihro
167 3507 272 3560 nostro
295 3490 504 3581 ὀρθοόοξίαν,
534 3498 612 3575 quod
645 3495 753 3557 nullam
777 3496 807 3555 in
830 3496 887 3556 hoc
908 3495 994 3566 libro,
1028 3513 1094 3555 cum
1117 3495 1153 3554 de
1175 3493 1293 3554 ieiuniis

64 3605 100 3646 ac
139 3583 318 3644 stationibus
352 3581 483 3644 crebrius
516 3580 654 3652 disserat,
688 3580 798 3640 inliciat
824 3578 1004 3638 mentionem
1037 3577 1293 3654 xerophagiarum,

62 3689 140 3747 quas
164 3675 245 3728 muto
267 3685 333 3727 curn
356 3667 473 3727 Terrore
495 3664 525 3724 in
547 3663 623 3724 lihro
652 3663 688 3723 de
710 3661 831 3724 ieiuniis
860 3681 921 3739 cap.
947 3664 976 3724 2.
999 3666 1017 3722 5
1053 3677 1117 3739 sqq.
1147 3658 1293 3730 delendit3

63 3753 152 3813 cuius
176 3749 348 3811 omissionis
370 3749 472 3810 dubito
494 3765 531 3807 arr
555 3747 613 3807 ulla
634 3745 688 3808 alia
711 3747 786 3807 ratio
808 3745 891 3805 reddi
914 3743 1020 3822 possit,
1044 3759 1129 3820 quam
1145 3761 1191 3814 ea,
1213 3741 1294 3819 quod

63 3847 203 3914 tempore
227 3833 328 3913 scripti
349 3833 440 3894 libelli
463 3831 558 3892 nostri
581 3829 631 3890 isti
653 3829 802 3890 Ecclesiae
829 3829 963 3888 addictas
992 3826 1080 3887 luerit
1106 3843 1181 3902 qaae
1203 3841 1292 3884 xero-

63 3919 192 3998 phagias
215 3921 261 3985 tut
281 3918 322 3978 ait
343 3918 374 3978 in
395 3917 470 3977 lihro
493 3917 529 3976 de
550 3913 676 3976 letaniis
698 3932 724 3973 e.
747 3915 777 3974 2.
789 3931 819 3990 p.
835 3929 875 3972 m.
892 3913 963 3975 702.
978 3911 1024 3984 Α.)
1046 3927 1158 3971 novom
1179 3907 1294 3968 dicebat

63 4005 207 4084 affectata·
227 4003 325 4082 officii
344 4019 453 4062 nornen
474 4017 540 4060 esse
561 4011 591 4061 et
608 4001 784 4077 praeierant
806 3996 939 4058 ethnicae
953 3995 1191 4074 superstitionis.
1214 3990 1293 4051 llaec

64 4086 172 4146 omnia
200 4085 270 4147 mihi
297 4085 391 4148 multo
420 4083 556 4144 ridentur
583 4079 676 4159 magis
706 4079 849 4140 audienda
884 4097 971 4156 quam
1000 4094 1074 4155 quae
1095 4073 1291 4135 licii-annus
1419 4147 1429 4154 ῃ

61 4170 103 4232 ad
135 4169 337 4232 vindicandam
367 4168 537 4248 opinionem
565 4183 649 4227 suam
669 4165 799 4244 profert,
832 4162 938 4242 quibos
968 4159 1022 4221 alia
1045 4157 1215 4219 nonnullius
1236 4177 1291 4220 au-

60 4253 215 4317 ctoritatis
236 4273 295 4315 uos
317 4254 404 4315 etiam
426 4251 485 4332 ipsi
506 4267 675 4330 possemus,
698 4249 724 4310 si
745 4253 971 4318 necesseessct,
994 4243 1112 4305 addere.
1139 4241 1293 4304 simillima

59 4340 182 4400 seilicet
203 4355 282 4411 cese,
304 4337 354 4410 ait,
378 4355 423 4412 eo,
446 4354 521 4416 quae
542 4335 591 4396 hic
613 4337 650 4410 (c.
666 4335 731 4408 22.)
747 4332 784 4392 de
797 4329 960 4409 virginibus
975 4327 1106 4389 velandis
1121 4326 1292 4406 praecipiat,

59 4442 183 4497 eorum,
207 4415 282 4504 quae
302 4421 339 4484 ab
362 4441 397 4484 eo
421 4421 451 4482 in
471 4419 548 4480 lihro
570 4418 658 4479 huius
680 4413 844 4496 argumenti
865 4413 1076 4476 detondantur:
1104 4411 1183 4490 quod
1205 4410 1292 4487 longe

97 4541 124 4591 h.
143 4541 196 4592 lid.
214 4541 328 4591 adsersus
348 4539 449 4598 ludaops
468 4537 530 4588 liler
549 4553 569 4588 e.
588 4537 629 4587 to.
