3020 5230
424 403 558 447 sacroue
579 405 621 446 to.
646 404 708 446 sau.
732 405 856 447 suessa.
1180 393 1242 456 841

175 554 294 605 Adversus
310 553 463 616 Marcionem.
833 555 950 606 adversus
968 555 1078 606 iudaeos.

7 657 105 698 arnna
142 636 303 714 Accingere
324 655 426 698 ensem
449 653 545 716 snper
564 637 610 697 ie·
664 637 742 698 cala
771 637 929 716 Accingere
945 655 1048 699 ensem
1065 651 1149 700 tasum
1165 645 1246 704 drea

10 739 91 782 marr
122 728 358 799 tuum,‚potens
385 719 611 799 tempestivitate
662 723 759 782 femur
780 729 862 783 tuum
884 729 992 800 potens
1017 723 1245 801 tempestivitate

17 819 80 869 tna
104 813 136 866 et
166 805 365 884 pulcritudine
398 810 464 866 tua:
493 822 560 865 eum
582 811 612 864 et
663 812 693 866 et
713 806 912 885 pulcritudine
934 814 999 868 tua:
1021 825 1088 868 oum
1111 818 1140 868 et
1161 815 1245 887 pater

10 897 108 968 pater
139 902 337 969 posteaquem
371 888 510 950 diminuit
544 906 612 949 wan
658 902 866 969 pastenacas
887 889 1024 951 diminuit
1044 891 1130 952 itiam
1145 892 1244 952 modi·

6 973 175 1034 ¹modicum
197 975 268 1054 qnid
289 973 360 1034 eitra
382 973 516 1050 angelos,
543 973 610 1048 gio·
662 991 729 1034 cum
756 979 811 1055 pas·
835 975 907 1034 eitra
933 975 1064 1052 angetns,
1092 975 1186 1052 gioria
1215 984 1246 1037 et

12 1059 66 1118 ria
98 1066 129 1119 et
155 1059 271 1118 bonore
298 1056 454 1118 coronabit
477 1055 558 1116 ilium
581 1064 612 1116 et
660 1059 776 1120 bonore
798 1057 949 1119 coronavit
962 1059 1055 1132 illum,
1078 1066 1108 1119 et
1123 1061 1247 1122 subiecit

12 1143 163 1204 subiiciet
176 1141 276 1202 omnia
290 1140 414 1219 pedibus
429 1141 504 1202 eius.
530 1139 611 1202 Tunc
661 1141 759 1207 omnia
781 1144 836 1204 snb
859 1142 984 1219 pedibus
1006 1143 1082 1204 eius.
1112 1141 1150 1204 Et
1173 1156 1246 1205 tnnc

6 1237 50 1287 et
82 1225 264 1303 cognoscent
292 1243 375 1296 eum,
405 1229 458 1306 pai
483 1241 609 1302 compu·
660 1234 1245 1308 cognoscenteum,praempupugeruut3

11 1319 141 1386 gerunt,
164 1315 195 1370 et
215 1308 337 1370 madent
350 1318 470 1388 pectora
486 1325 538 1368 sua
554 1307 609 1368 tri-
661 1317 691 1370 et
718 1310 839 1372 caedent
865 1319 985 1389 pectora
1013 1329 1065 1372 sua
1092 1311 1186 1372 tribus
1209 1312 1245 1372 ad

6 1394 81 1470 ,hus
104 1393 141 1454 ad
164 1392 282 1464 tribum,
304 1392 405 1470 otique
427 1392 505 1471 quod
528 1399 609 1452 retro
659 1394 787 1466 tribum,
821 1395 921 1473 utique
957 1395 1036 1473 quod
1069 1402 1150 1454 retro
1184 1413 1245 1456 nou

12 1495 87 1537 non
117 1488 309 1556 agnoverant
329 1494 397 1537 eum
426 1476 457 1536 in
486 1475 607 1537 humili·
660 1484 841 1555 apnoeerr'nt
856 1497 934 1550 eum,
950 1479 980 1538 in
995 1478 1243 1540 humititateeou-

15 1569 83 1621 tate
95 1560 274 1622 conditionis
288 1561 448 1622 humanae:
471 1561 608 1622 Esboma
661 1561 782 1622 ditionis
807 1562 952 1624 humanae
975 1563 1243 1624 constitutum.

14 1655 80 1718 est,
103 1649 200 1724 inquit
215 1644 391 1714 Hieremias,
414 1653 444 1705 et
464 1645 532 1723 quis
554 1661 608 1706 co-
659 1645 828 1708 Hr'eremv'as
858 1651 973 1727 v'nqait:
1007 1658 1036 1707 et
1069 1647 1155 1708 borno
1188 1656 1243 1718 est,

6 1736 150 1806 ¹gnoscat
171 1726 278 1789 ilium?
322 1727 398 1801 Quia
420 1735 449 1789 et
463 1727 607 1790 nativita-

6 1809 84 1872 'tem
100 1813 165 1890 eius
180 1812 298 1883 Esaias,
314 1816 390 1892 quis,
406 1817 503 1892 v'apvn't
519 1829 608 1872 enar-

16 1895 125 1956 rabit?
169 1895 218 1956 Sic
239 1905 269 1957 et
289 1897 367 1975 apud
388 1895 555 1958 &chariam
579 1897 609 1956 in

6 1997 155 2059 ,persona
168 1980 249 2051 Iesu,
272 1979 362 2041 inuno
380 1987 410 2040 et
424 1979 454 2040 in
469 1984 536 2060 ipso
551 1999 609 2041 no-

15 2063 113 2125 minis
142 2073 338 2137 sacramento,
365 2083 454 2124 verus
476 2081 610 2126 summus

17 2146 167 2208 sacerdos
201 2149 310 2227 patris,
345 2147 480 2217 Christus
512 2149 609 2220 lasus,

6 2231 133 2310 ¹duplici
164 2231 268 2301 babitu
298 2233 328 2292 in
360 2232 437 2292 duos
466 2232 610 2292 adventus

6 2311 197 2390 sdetineatun
219 2317 316 2395 primo
331 2315 461 2378 sordidis
476 2317 609 2389 indutus,

6 2393 52 2461 'id
77 2407 123 2460 est
151 2399 249 2460 carnis
271 2399 422 2479 passibilis
445 2411 474 2461 et
493 2409 609 2462 morta·

15 2485 61 2544 lis
90 2483 278 2561 indignitate,
312 2503 379 2546 cum
401 2481 442 2545 'et
468 2484 609 2560 ,diabolus

14 2567 234 2630 adversabatur
249 2568 286 2640 ei,
310 2575 413 2629 auctor
428 2568 540 2630 scilicet
555 2568 606 2629 lu-

15 2653 79 2714 dae
111 2651 281 2725 traditoris,
318 2670 356 2730 ne
393 2655 489 2714 dicans
520 2656 611 2714 etiarn

7 2748 93 2820 post
130 2737 275 2816 baptisma
307 2747 453 2798 tentator.
497 2735 611 2796 dehinc

16 2819 208 2899 despoliatus
223 2819 363 2898 pristinas
378 2817 495 2888 sordes,
512 2825 542 2879 et
555 2837 608 2878 ex-

7 2910 146 2980 ornatus
172 2904 286 2982 podere
308 2912 338 2964 et
358 2901 444 2964 mitra
466 2910 497 2962 et
517 2901 608 2962 cidari

15 2987 170 3061 munda„
184 2988 214 3048 id
244 2996 290 3048 est
322 2986 444 3048 secundi
466 2985 608 3048 adventus

14 3073 121 3151 gioria
144 3082 173 3134 et
195 3073 319 3134 bonore.

59 4671 216 4716 anuiffl
229 4683 281 4716 011.
292 4681 331 4714 1!-
343 4679 443 4716 111111.
470 4671 534 4716 Tm·
546 4669 586 4715 ffl-

662 1737 691 1790 et
718 1730 784 1808 quis
806 1738 968 1809 cognoscet
990 1728 1095 1790 ilium?
1124 1731 1192 1807 quia
1214 1737 1244 1790 et

660 1813 841 1875 nativitatem
854 1814 929 1887 eins,
945 1813 1168 1896 inpendemus,
1178 1817 1243 1892 pais
1298 1859 1301 1866 ‚

661 1895 833 1959 enarrabit?
855 1899 905 1959 Sic
925 1905 955 1958 et
976 1898 1053 1976 aliud
1075 1897 1244 1958 Zachariam

660 1982 690 2042 in
700 2001 827 2061 persona
838 1986 946 2060 aptius,
962 1981 1053 2042 immo
1065 1989 1095 2042 et
1105 1981 1135 2042 in
1147 1987 1244 2059 ipsias

661 2065 791 2126 nominis
803 2075 997 2136 sacramento,
1009 2084 1097 2126 verus
1110 2083 1244 2126 summus

662 2150 803 2211 sacerdos
817 2149 911 2229 patris
923 2149 1059 2210 Christus
1068 2149 1163 2219 lesus,
1185 2148 1244 2208 du-

661 2233 728 2314 plici
751 2232 852 2294 habitu
874 2235 904 2294 in
926 2234 1004 2294 duos
1026 2232 1169 2294 adventus
1187 2231 1243 2293 de-

659 2317 795 2378 lineatur.
838 2317 939 2384 Primo
969 2316 1097 2378 sordidis
1123 2316 1244 2378 indutus

663 2413 721 2472 est,
750 2401 780 2462 id
807 2410 870 2473 est,
900 2402 997 2462 earnis
1030 2401 1181 2480 passibilis
1215 2407 1246 2460 et

660 2485 794 2546 mortalis
821 2485 1005 2563 indignitate,
1033 2503 1099 2546 curn
1127 2494 1157 2546 et
1179 2482 1243 2544 dia-

659 2568 746 2630 bolus
769 2569 979 2630 adversabatur
1001 2569 1039 2639 ei,
1061 2575 1165 2628 auctor
1182 2565 1243 2627 sci-

659 2653 729 2713 licet
759 2652 849 2712 iudae
882 2653 1052 2721 traditoris,
1090 2655 1143 2729 poi
1178 2669 1244 2710 enm

660 2739 749 2796 etiam
767 2749 840 2815 post
863 2736 1041 2815 dapta'snuam
1059 2743 1243 2794 tentaverat.

658 2818 772 2879 Dehinc
799 2817 1110 2897 spoirbtospristinas
1127 2816 1244 2888 sordes,

659 2909 818 2963 exornatus
848 2902 960 2980 podere
989 2908 1019 2960 et
1038 2899 1124 2960 mitra
1147 2906 1177 2958 et
1198 2899 1241 2958 ei-

659 2985 722 3046 dari
744 2986 862 3057 munda,
885 2984 915 3047 id
934 2993 979 3045 est
994 2982 1115 3046 secundi
1131 2982 1242 3042 adven-

658 3078 723 3130 tus:
746 3073 886 3148 wentana
906 3069 1035 3148 gloriam
1056 3080 1086 3129 et
1102 3067 1246 3128 bonorem

658 3155 786 3233 adeptus
801 3155 1038 3214 demonstratur.
1060 3146 1128 3228 [Hic
1142 3149 1246 3212 addita

660 3249 733 3299 sant
761 3238 918 3317 quaedam,
947 3253 1023 3315 qnae
1049 3238 1185 3313 scriptor
1206 3251 1245 3296 aa

661 3332 750 3383 antea
773 3321 859 3381 dietis
882 3329 1018 3398 repetere
1035 3319 1166 3388 ot'detnr,
1189 3319 1245 3379 ab·

660 3415 732 3466 sunt
747 3415 845 3464 anton
860 3422 878 3463 a
896 3403 915 3463 l.
930 3412 1038 3464 eontra
1048 3401 1156 3480 Marc]
1173 3401 1247 3474 (Nec

659 3486 796 3568 poteritis
824 3505 891 3548 eum
912 3486 1057 3547 Iosedech
1081 3485 1172 3546 stium
1195 3485 1243 3546 di-

660 3590 737 3644 cere,
759 3571 810 3650 qui
832 3570 909 3631 nulia
933 3569 1054 3631 omuino
1076 3577 1157 3630 veste
1173 3587 1243 3628 sor-

660 3655 738 3724 dida,
768 3654 820 3714 sed
849 3650 1168 3731 sempersacerdotaii
1190 3649 1247 3710 suit

662 3746 831 3807 exornatus,
854 3753 1052 3814 necunquam
1068 3732 1243 3796 sacerdotali

660 3837 783 3880 munere
810 3819 953 3897 privatus,
998 3819 1058 3880 Sed
1079 3817 1165 3878 iesus
1188 3819 1244 3876 iste
1305 3869 1310 3876 .

662 3903 801 3964 Cbrt'stas
822 3903 885 3964 Dei
905 3905 1007 3981 petris
1036 3917 1169 3962 sommas
1192 3915 1245 3958 aa·
1287 3963 1291 3968 ,

661 3986 782 4055 cardos,
814 3990 868 4065 qni
894 3991 996 4065 prono
1029 3985 1160 4044 advento
1188 3999 1244 4042 aaa

660 4069 792 4129 damona
812 4070 915 4146 sonna
937 4080 965 4129 et
984 4065 1140 4147 passibilis
1163 4068 1246 4126 uenit

658 4155 692 4213 in
715 4151 881 4213 bremtlitote
903 4169 996 4229 napae
1011 4151 1050 4211 ad
1060 4151 1243 4227 passionem,

658 4239 723 4315 ipse
745 4239 823 4295 enim
845 4235 969 4314 effectus
991 4233 1089 4294 boetio
1111 4250 1167 4310 per
1182 4248 1244 4292 aas·

658 4323 711 4380 nio
735 4335 797 4398 pro
824 4319 926 4388 nobis,
961 4321 1013 4395 pai
1034 4324 1107 4395 past
1134 4332 1245 4376 resor-

660 4407 822 4464 rectionem
843 4403 968 4461 indutas
987 4400 1109 4480 podere,
1138 4415 1244 4458 sacer-

659 4487 714 4547 dos
745 4489 779 4544 r'n
811 4494 968 4546 aeternnm
994 4484 1066 4545 Dei.
1083 4498 1244 4559 nuncapa-

660 4579 708 4630 tus
731 4573 800 4644 est.)

1007 4666 1039 4718 tt
