3132 5238
258 375 301 442 ’68
483 389 674 436 orssssrarro
697 387 735 432 or
757 387 951 432 rsnruxxnru
975 387 1041 430 ura
1061 387 1100 432 ετ
1122 387 1252 432 searrrrs
1340 431 1348 440 ,

260 541 391 606 Ecclesia
418 541 574 620 episcopos
596 539 627 600 in
649 537 772 602 eandem
793 556 859 600 cum
881 537 1014 602 Romano
1037 538 1176 618 pontifice
1197 537 1337 600 adversus
1358 535 1477 600 hfonta-

259 627 354 689 nistas
380 625 555 688 sententiam
576 624 779 704 conspirasse,
807 631 841 686 ut
861 633 964 686 auctor
985 631 1032 686 est
1052 623 1249 686 Tertullianus
1271 621 1346 684 libro
1370 621 1407 686 de
1428 623 1479 686 le·

230 707 237 722 ⁸
256 711 349 776 inuiis
371 711 429 772 boo
449 729 536 784 anuo,
558 717 590 771 ut
611 707 779 782 arbitratur,
801 708 891 769 edito.

344 795 427 857 Anno
449 793 593 874 sequenti,
613 793 725 856 scilicet
744 811 821 854 anno
844 791 975 865 ccxiv..
996 799 1080 871 putat
1089 791 1302 854 Tertullianum
1322 790 1382 852 boc
1402 809 1478 854 ana·

258 881 387 944 memate
407 879 485 942 refut
506 887 606 940 oestro
627 877 773 958 percitum
800 877 941 940 aduersus
962 876 1122 940 Ecclesiam
1143 877 1242 939 furere
1263 875 1414 956 coepisse,
1444 896 1480 940 ac

258 966 342 1046 prius
363 963 608 1043 quidem-libmm
636 963 673 1024 ds
693 962 878 1042 Monogamia
906 961 1051 1035 edidisse,
1085 961 1131 1024 cui
1157 961 1300 1023 adversus
1321 959 1479 1041 zephyrini

259 1051 297 1112 de
317 1048 493 1128 recipiendis
515 1048 647 1109 moechis
669 1048 819 1110 decretum
841 1047 947 1108 librum
970 1046 1008 1108 de
1027 1046 1171 1110 Pudicitia
1192 1045 1268 1108 illico
1291 1044 1455 1109 subiunxit.
1501 1059 1505 1074 ·

343 1134 423 1194 liaeo
442 1133 586 1194 baronius
615 1151 651 1194 ex
678 1132 802 1194 historia
828 1131 871 1194 sic
900 1130 1071 1193 concinnata
1093 1121 1294 1193 Romanomm
1315 1130 1476 1210 episcopo-

258 1236 325 1282 mm
350 1218 565 1290 auctoritatem,
598 1235 685 1296 quam
707 1225 835 1297 spartam
858 1217 943 1278 unice
964 1233 1072 1277 ornare
1091 1218 1122 1279 iu
1144 1235 1177 1278 se
1200 1223 1386 1294 susceperat,
1420 1215 1477 1276 de-

256 1302 444 1383 praedicandi
466 1301 652 1364 occasionem
673 1302 714 1364 ita
735 1298 896 1382 arripiens,
919 1308 951 1361 ut
972 1301 1030 1362 iam
1052 1299 1247 1380 zephyrinum
1268 1299 1404 1362 exhibeat
1424 1319 1477 1362 ce-

258 1388 334 1449 teris
362 1386 495 1448 eeclesiis
523 1386 602 1466 leges
624 1385 757 1461 dantem,
787 1385 850 1447 suis
873 1385 1000 1448 decretis
1023 1385 1193 1447 auctoritate
1215 1383 1377 1465 apostolica
1398 1385 1477 1446 circa

258 1471 443 1551 disciplinam
465 1471 553 1532 editis
576 1471 775 1550 poenitentiae
797 1470 930 1532 ordinem
951 1470 1218 1549 praescribentem,
1240 1487 1310 1532 mox
1321 1487 1355 1531 se
1370 1469 1477 1532 Ponti·

257 1557 321 1618 licis
342 1555 459 1621 Maximi
480 1556 576 1636 elogio
598 1555 630 1616 in
650 1555 746 1634 legum
768 1555 863 1634 capite
886 1573 1004 1616 suarum
1027 1555 1214 1616 extollentem
1237 1571 1327 1634 supra
1341 1554 1474 1634 reliquos

259 1641 427 1720 episcopos
449 1659 487 1702 ne
509 1640 578 1719 quid
601 1640 637 1701 de
659 1639 765 1702 ceteris
788 1639 914 1702 somniis
928 1639 1057 1714 baronii,
1080 1658 1154 1719 quae
1176 1639 1255 1720 larga
1276 1657 1364 1700 mauu
1385 1639 1415 1700 in
1438 1657 1475 1700 ea

259 1742 348 1786 causa
370 1724 505 1799 cumulat,
528 1724 605 1786 aliud
628 1723 725 1786 dicere
747 1725 908 1804 aggrediar.

342 1809 403 1872 Nee
423 1807 552 1870 Pamelio
573 1807 764 1870 necbaronio
787 1810 863 1870 circa
884 1819 1011 1888 tempus,
1033 1826 1091 1888 quo
1107 1808 1136 1868 hi
1153 1808 1296 1870 adversus
1311 1806 1471 1868 Ecclesiam

260 1893 360 1974 scripti
384 1902 454 1955 sunt
473 1892 557 1966 libri,
587 1911 656 1954 suas
679 1893 862 1954 coniecturas
885 1893 1056 1954 inviderem.
1099 1894 1207 1954 Verum
1230 1893 1285 1954 tria
1307 1901 1378 1954 suut
1398 1911 1473 1971 quae

257 1967 289 2040 in
311 1996 344 2039 ea
368 1995 454 2038 causa
476 1977 616 2040 lectorem
637 1977 782 2038 monitum
803 1977 899 2038 velim.

342 2063 439 2124 Unum
455 2071 511 2136 est,
528 2061 623 2124 rideri
639 2062 738 2142 ipsum
749 2061 959 2122 Tertullianum
971 2061 1093 2123 innuere
1105 2081 1138 2122 se
1149 2061 1254 2141 primis
1271 2060 1368 2135 aunis,
1384 2079 1475 2140 quum

258 2147 295 2210 ad
305 2147 434 2209 Monuni
449 2147 584 2226 dogmata
596 2145 696 2225 lapsus
707 2155 763 2221 est,
774 2145 916 2208 Paradeti
925 2146 1082 2208 Monunici
1091 2146 1259 2226 dogmatum
1270 2145 1477 2208 defensionem

258 2232 439 2311 suscepisse.
454 2231 553 2292 Locus
564 2229 689 2292 habetur
702 2230 770 2293 libri
788 2231 930 2292 adversus
941 2231 1081 2294 Praxeam
1096 2249 1158 2312 cap.
1173 2235 1208 2306 l.,
1221 2231 1272 2292 ubi
1282 2239 1444 2310 postquam
1460 2249 1477 2292 a

258 2335 292 2378 sc
306 2317 448 2378 adversus
462 2316 643 2378 Praxoanum
657 2315 836 2378 haereticum
851 2324 943 2396 gesta,
958 2316 1026 2376 dum
1039 2324 1120 2377 esset
1130 2315 1326 2388 orthodoxus,
1340 2333 1475 2378 comnm-

256 2409 362 2476 morat,
384 2401 478 2463 addit:
500 2401 540 2463 Et
554 2419 609 2463 uos
623 2402 739 2481 quidem
747 2413 855 2481 posteo
872 2405 984 2480 agnitio
995 2401 1149 2464 Paracleti
1164 2413 1252 2482 etque
1264 2401 1400 2480 defensio
1410 2403 1476 2462 dis·
1561 2421 1562 2426 ¹

256 2489 360 2548 iuncis
374 2485 564 2566 oPspcbieis.
588 2485 665 2559 Quid
678 2485 756 2548 enim
771 2504 825 2564 per
839 2484 1041 2546 defensionem
1053 2485 1101 2547 hio
1113 2485 1172 2546 nisi
1183 2483 1302 2564 seriptis
1314 2483 1403 2547 editis
1418 2483 1473 2546 de-

257 2569 341 2630 fensa
362 2588 379 2630 a
401 2589 434 2632 se
449 2569 576 2632 Montani
598 2570 732 2650 dogmata
748 2569 912 2649 significare
927 2568 1064 2632 videtur?
1086 2570 1163 2631 Hine
1172 2569 1273 2630 forsan
1284 2587 1345 2630 non
1356 2569 1474 2632 incom-

256 2655 345 2716 mode
358 2654 415 2714 bos
429 2653 522 2716 fibros
537 2663 637 2716 contra
646 2655 817 2728 Ecclesiam,
839 2665 993 2734 autequam
1008 2654 1150 2716 adversus
1162 2653 1303 2716 Praxean
1318 2654 1474 2730 scriberet,

257 2738 353 2800 editos
382 2739 477 2801 fuisse
503 2739 653 2802 coniicias.
696 2738 839 2818 Equidem
866 2757 928 2801 non
948 2738 1181 2819 improbabiliter
1202 2747 1305 2800 censet
1326 2739 1473 2820 Georgius

180 2891 186 2906 ,
256 2821 364 2884 bbrum
386 2823 516 2904 defuga
539 2824 690 2903 scriptum,
714 2841 780 2885 cum
801 2824 968 2904 persecutio
991 2823 1252 2886 aSeeercindicta
1267 2823 1475 2904 Carthaginem

258 2907 427 2970 obsedisset
459 2917 490 2970 et
510 2909 650 2972 infractos
672 2909 788 2970 animos
814 2909 850 2970 ad
880 2910 975 2990 fugam
998 2907 1178 2989 impulissety
1206 2926 1371 2988 quanquam
1394 2919 1475 2972 errat

258 2991 403 3072 Georgius
424 3011 492 3055 urm
507 2993 719 3056 Tertullianum
741 2992 899 3055 arbitratur
919 2994 1050 3055 nondum
1072 3010 1223 3072 segregem
1245 2993 1281 3054 ab
1297 2993 1473 3056 orthodoxis
1521 2991 1525 3002 '

258 3076 362 3150 lesisse,
383 3077 462 3155 quod
484 3085 581 3140 umen
603 3097 639 3139 ex
660 3077 735 3140 fibro
757 3078 824 3157 ipso
847 3077 919 3139 setis
940 3078 1037 3157 potuit
1058 3077 1183 3152 discere,
1206 3077 1350 3157 imprimis
1367 3095 1403 3138 ex
1418 3097 1471 3140 ca·

256 3160 328 3238 pitis
356 3159 449 3221 ultimi
477 3160 585 3224 verbis.
628 3162 689 3226 Nec
717 3163 794 3224 aliud
824 3162 928 3224 suadet
955 3163 1091 3242 martyris
1113 3161 1214 3224 Rutilii
1241 3162 1273 3224 in
1293 3162 1379 3224 huius
1401 3161 1474 3224 libri

259 3261 322 3322 cap.
345 3247 375 3307 5.
397 3262 415 3304 a
436 3242 613 3308 Tertulliano
636 3246 742 3308 iniecta
764 3247 891 3321 mentio,
920 3247 1004 3326 quasi
1026 3256 1094 3308 ants
1115 3247 1231 3327 aliquod
1254 3256 1369 3328 tempus
1391 3245 1473 3310 illius

256 3327 429 3422 martyrium
450 3329 632 3408 contigisset.
663 3331 780 3393 Etenim
803 3331 829 3392 si
850 3331 1066 3411 persecutionis
1088 3331 1173 3392 initio
1195 3332 1364 3412 martyrium
1388 3331 1474 3406 obiit,

253 3429 334 3558 tlt
348 3411 636 3576 titillatu
659 3416 1025 3564 'mllfltttt
1039 3416 1290 3564 tltlttllt
1312 3415 1474 3564 titt:

258 3580 387 3660 emplum
408 3581 438 3642 in
459 3599 521 3643 rem
545 3599 629 3644 suam
650 3583 794 3647 adducere
816 3584 1023 3648 Tertullianus.

340 3665 471 3728 Alterum
503 3674 559 3740 est,
593 3667 620 3728 si
654 3687 689 3730 ea
721 3670 827 3749 scripta
860 3669 1001 3732 adversus
1023 3669 1182 3732 Ecclesiam
1199 3671 1281 3750 ,edita
1303 3669 1473 3736 Romanum

256 3750 422 3830 quempiam
448 3749 621 3832 episcopum
647 3752 837 3832 impugnasse
863 3755 950 3828 velis,
984 3756 1119 3818 Soterem
1145 3755 1231 3836 longe
1259 3755 1475 3835 potiusquam

255 3833 450 3916 zephyrinum
479 3835 574 3898 fuisse
595 3855 612 3898 a
632 3835 760 3898 baronio
783 3847 813 3900 et
832 3839 961 3901 Pamelio
982 3839 1218 3921 intelligendum
1245 3840 1354 3920 quippe
1376 3840 1473 3903 Prae-

126 3965 129 3974 .
255 3919 419 3982 destinatus
441 3920 566 3982 llaeresi
586 3919 686 3983 xxvt.
709 3922 782 3983 haec
802 3923 903 3986 habet:
940 3923 1071 4005 Scripsit
1093 3936 1271 3988 contrusus
1293 3924 1473 4007 (Gataphry-

228 4077 232 4086 ¹
255 4003 321 4082 gas)
343 4004 455 4067 Elauer
475 4005 508 4068 S.
532 4004 622 4068 Soter
639 4023 723 4086 popo
747 4006 844 4080 Urbis,
870 4020 898 4072 et
919 4009 1097 4090 Apolloniae
1111 4009 1309 4091 Ephesiomm
1330 4015 1472 4090 antistes,

257 4099 366 4151 contro
386 4108 460 4170 quos
480 4093 607 4174 scripsit
630 4089 833 4154 Tertullianus
852 4095 1014 4173 presbyter
1037 4093 1304 4176 Carthaginiensis,
1320 4098 1379 4176 qui,
1403 4115 1475 4160 mern

258 4174 359 4235 omniu
380 4173 451 4235 bene
473 4185 502 4237 et
519 4179 621 4258 primo
642 4186 673 4238 et
693 4175 969 4257 incomparabiliter
990 4183 1163 4260 scripserit,
1184 4185 1218 4244 in
1240 4180 1295 4244 loo
1316 4179 1417 4244 solum
1439 4201 1474 4243 se

255 4255 521 4340 reprehensibilem
540 4259 620 4340 serit,
643 4261 721 4344 quod
741 4259 920 4326 Montanum
941 4261 1080 4343 defendit,
1102 4283 1192 4346 operes
1213 4277 1321 4328 contro
1335 4259 1475 4330 Soterem

254 4341 463 4422 supradictus
487 4341 576 4408 Urbis
593 4363 715 4427 popum.
758 4344 844 4408 Paria
870 4346 958 4408 habet
984 4347 1061 4410 idem
1082 4347 1192 4412 ductor
1219 4350 1256 4412 de
1278 4341 1472 4412 Terttdliaui·

254 4424 308 4487 stis
330 4443 431 4506 agens,
452 4425 519 4490 licet
540 4429 570 4491 in
593 4449 628 4492 eo
650 4430 749 4510 lapsus
772 4431 820 4505 sit,
842 4431 920 4510 quod
935 4431 1167 4498 Tertulliauistss
1188 4435 1325 4498 asotere
1342 4434 1471 4498 damna-

247 4517 302 4572 tos
324 4509 440 4586 dixerit,
462 4511 512 4592 qui
527 4514 737 4578 Tertullianum
759 4515 790 4576 in
811 4533 941 4578 errorem
964 4517 1107 4581 a·Sotere
1127 4519 1215 4600 longe
1235 4528 1320 4583 antea
1341 4519 1472 4583 minna·

253 4602 317 4660 mm
338 4595 479 4662 incidisse
500 4596 626 4664 dixisset
644 4599 750 4664 melios
770 4600 933 4684 maiorique
953 4619 1019 4666 cum
1040 4604 1163 4668 ratione.
