3122 5250
478 367 614 414 ancrone
636 369 694 412 mc.
718 369 754 412 nn
775 369 903 414 nonni.
1233 355 1296 422 3³5

109 518 142 580 oti
159 518 240 593 rides,
261 519 339 580 idem
358 526 408 582 est
426 537 461 580 ao
482 528 692 600 oomnpetat.
733 519 766 582 Si
787 527 885 582 umen
905 519 990 582 malis
1011 520 1179 600 probosque
1192 521 1296 603 lmen-

54 665 59 686 ·
106 603 163 664 dm
185 608 459 684 immoratum
480 604 601 665 omnino
623 604 861 684 repugnabimus.
904 604 947 667 lle
968 606 1045 668 hma
1065 605 1210 686 siquidem
1231 607 1295 670 hu·

106 705 180 748 canus
199 687 315 750 cecinit:

239 772 320 835 Vooa
340 791 455 854 qaoque
475 773 515 834 od
535 783 653 835 nastros
675 776 801 836 comisit
820 773 904 854 [onan
924 787 1057 854 nepotes,

231 857 409 939 Irrupitque
430 861 546 920 animoa
563 857 681 938 populi.

759 941 880 1015 (Lucan,
902 942 952 1002 lih.
974 943 997 1004 l.
1019 952 1098 1023 poet
1120 944 1211 1021 med)

99 1025 200 1102 &mma
221 1028 311 1106 igitur
330 1025 462 1098 stultitia,
483 1025 620 1088 caecitate
641 1044 676 1086 ao
695 1025 804 1088 malitia
826 1025 934 1088 ethnici
947 1027 1103 1090 laudabant
1117 1027 1175 1090 sibi
1188 1030 1294 1109 cogni-

99 1117 134 1170 tas
159 1112 389 1174 Christianorum
422 1111 563 1183 virtutes,
599 1111 651 1172 sed
684 1109 750 1172 illos
782 1111 985 1190 vituperabant
1015 1113 1185 1191 ignorantes
1224 1115 1294 1194 quid

97 1213 183 1258 eorum
210 1215 320 1259 nornen
347 1194 533 1274 signiticaret
576 1195 618 1256 Ex
646 1195 780 1274 ignorato
808 1204 905 1257 autem
927 1197 984 1256 hoo
1004 1198 1123 1259 nomine
1155 1197 1295 1261 vitiahant

96 1298 139 1340 seu
158 1281 383 1360 corrumpebant
403 1279 521 1341 illorum
541 1279 674 1353 virtutes,
694 1298 768 1359 quas
791 1280 884 1342 nullas
905 1289 955 1342 aut
975 1281 1063 1342 iaicas
1084 1299 1153 1344 cese
1174 1283 1293 1346 ellutie-

95 1363 161 1426 hant
202 1367 239 1427 tt
259 1365 334 1428 nihil
355 1373 435 1426 certe
456 1363 549 1442 magis
570 1364 704 1443 iniquum
726 1381 813 1442 quam
834 1383 870 1426 cx
891 1383 925 1425 re
946 1365 1041 1444 aliqua
1063 1366 1120 1428 sihi
1145 1377 1295 1446 comperta

95 1449 166 1511 alam
185 1469 272 1530 quam
294 1451 415 1530 ignoras
436 1449 611 1528 vituperare,
634 1456 684 1511 aut
703 1468 739 1510 ex
760 1467 794 1510 re
814 1449 945 1528 ignorata
966 1450 1051 1512 aliam
1073 1469 1090 1511 a
1111 1468 1146 1512 se
1167 1452 1295 1530 agnitam

94 1551 281 1615 eorrumpere.
323 1535 389 1596 Non
417 1533 515 1596 minor
542 1539 639 1594 umen
667 1542 730 1594 erat
757 1533 895 1612 iniquitas
924 1534 1104 1598 Christianos
1128 1535 1168 1596 ob
1196 1536 1295 1598 solum

93 1636 165 1680 suom
192 1629 222 1682 et
248 1622 383 1699 ignotum
411 1635 519 1680 nomen
548 1619 744 1680 condemnare
770 1624 803 1678 et
834 1617 969 1680 occidere
994 1619 1144 1681 nouvelle
1165 1637 1294 1701 unquam

92 1703 154 1766 so'rc
180 1713 210 1766 et
239 1703 416 1782 investigare
444 1702 514 1782 quid
542 1701 572 1763 in
594 1702 639 1764 eie
661 1701 700 1764 sit
719 1707 769 1764 aut
790 1701 861 1764 honi
882 1711 932 1765 aut
953 1703 1030 1764 moli.
1075 1705 1201 1766 Tantum
1221 1725 1293 1769 vero

92 1786 196 1850 abhas
224 1788 451 1868 investigatione
477 1786 675 1849 abhorrebant
703 1787 822 1860 ethnici,
850 1795 883 1849 nt
903 1787 1070 1866 inertissimi
1093 1789 1203 1852 iudices
1225 1789 1293 1854 illos

91 1872 294 1936 adhibunalia
314 1891 368 1935 sua
389 1872 494 1934 ductos
515 1870 616 1933 audire
636 1889 786 1952 nunqnam
808 1872 963 1934 voluerint.
1007 1872 1175 1936 Secundum
1196 1885 1294 1938 autem

91 1955 147 2020 illud
166 1967 230 2022 emt
253 1975 387 2022 summae
407 1957 525 2018 illorum
544 1955 706 2034 iniquitatis
727 1964 824 2037 eaput,
846 1957 925 2037 quod
939 1957 998 2018 inno
1011 1958 1222 2037 explorandum
1236 1969 1292 2023 est.

577 2175 743 2228 tollemus
763 2175 792 2227 ll.

89 2280 160 2330 Quanta
176 2282 295 2338 miquitata
313 2279 393 2324 ethnici
411 2280 547 2324 Christianos
572 2292 614 2324 nec
633 2279 719 2324 auditos
738 2291 779 2324 nec
797 2280 910 2332 dolenses,
936 2280 976 2324 aad
994 2291 1059 2324 auum
1077 2279 1186 2335 dumtaxat
1204 2281 1232 2327 ob
1250 2293 1290 2326 no-

371 2359 392 2390 m
395 2359 482 2392 nnnnn
485 2347 634 2392 damnaverint
652 2355 674 2391 ct
691 2347 844 2392 crudelissime
862 2347 996 2392 necaverint.

157 2463 330 2526 Secundum
346 2462 518 2525 Tertulliani
538 2465 679 2526 mausus
696 2465 883 2524 effraenatam
896 2462 1048 2541 gentilium
1063 2459 1092 2524 in
1109 2440 1292 2528 Christianae

86 2545 241 2612 dolentiam
272 2555 477 2628 argumentum
503 2565 565 2609 non
592 2547 717 2610 minoris
746 2548 878 2627 prolecto
906 2566 993 2626 quam
1010 2541 1151 2627 superius
1172 2548 1292 2612 rohoria

85 2641 124 2692 est
140 2652 173 2695 an
193 2627 350 2697 mom'enti.
393 2633 515 2694 Ducitur
535 2641 633 2694 autern
655 2650 690 2694 ex
712 2632 875 2693 cerfiseima
896 2631 1072 2694 iudiciorum
1086 2631 1195 2710 regola,
1217 2651 1292 2712 quae

85 2719 194 2780 muudi
216 2717 361 2798 aequitati
382 2718 456 2778 adeo
478 2725 675 2778 comentanea
695 2725 750 2790 eet,
778 2725 810 2777 ut
841 2735 876 2777 ea
907 2717 1116 2796 praetermissa
1138 2717 1292 2795 iniquissi-

84 2817 162 2878 num‚
189 2805 313 2866 irritam
340 2802 461 2863 omnino
489 2809 519 2862 et
545 2801 658 2862 nullum
686 2801 726 2861 sit
753 2801 881 2862 cuiusvis
908 2799 1038 2862 hominis
1059 2801 1209 2863 iudicium.
1252 2802 1292 2866 lt

83 2882 153 2961 hee,
179 2896 212 2950 ut
239 2887 318 2950 snite
340 2885 538 2947 'tertullianus
566 2883 778 2958 animadvertit,
806 2883 906 2964 regula
928 2893 984 2958 est,
1012 2903 1087 2964 quae
1106 2894 1185 2947 vetat
1205 2887 1292 2949 inde-

82 2969 174 3046 [nuoa
206 2986 236 3037 et
270 2973 426 3034 inauditos
452 2974 572 3032 omnino
602 2971 742 3030 domania·
772 2968 954 3045 (Tertullian.
975 2967 1128 3049 Apologet
1150 2988 1214 3051 cup.
1236 2973 1291 3048 2.).

82 3052 116 3114 lle
135 3056 206 3136 legis
228 3066 333 3120 autom
354 3055 441 3116 huius
463 3053 607 3132 aequitate
629 3053 714 3133 plane
737 3053 860 3114 eonuoti
875 3052 998 3132 gentiles
1013 3054 1236 3128 constituerant,
1258 3063 1292 3117 ut

83 3139 193 3214 quilibet
219 3141 425 3216 cuiuscunque
452 3138 585 3200 oriminis
621 3137 808 3199 insimulatus
842 3147 975 3204 uteretur
1013 3151 1042 3202 at
1064 3144 1195 3220 proprio
1225 3157 1290 3217 ora,

82 3223 115 3283 ait
137 3227 251 3288 doctor
278 3231 392 3296 noster,
425 3233 454 3286 et
480 3228 667 3286 mareeamin
688 3224 892 3294 cinomanna,
922 3223 1054 3286 videlieet
1086 3232 1289 3303 patronarum,

82 3308 125 3384 qui
143 3309 284 3374 mercede
307 3318 425 3387 accepta
445 3325 562 3370 causam
582 3307 702 3370 illorum
722 3316 884 3370 tuerentur.

161 3396 274 3458 Verum
304 3393 391 3473 longe
423 3393 507 3455 aliter
538 3393 738 3468 Christianos,
769 3393 909 3454 falsorum
941 3393 1095 3456 mimirum
1125 3402 1291 3469 aoonsatos,

83 3479 245 3542 meabant
297 3477 412 3540 Nullam
443 3479 551 3558 quippe
582 3479 746 3540 lacidmtom
779 3478 823 3540 eis
858 3478 1058 3540 concedebant
1091 3478 1290 3541 innocentiam

83 3577 155 3626 alam
176 3574 228 3628 ant
252 3581 307 3624 ore
337 3581 392 3624 sno
419 3571 470 3625 aut
490 3563 577 3624 ullius
599 3563 762 3643 pauooinio
784 3581 912 3642 unquam
934 3562 1120 3624 defendendi.
1163 3563 1288 3624 Verum-

83 3651 169 3710 tmen
190 3651 334 3718 riudam,
356 3657 390 3708 ut
410 3649 483 3710 acite
504 3647 553 3708 ille
573 3648 866 3726 arguitfooorietruie
880 3647 989 3722 (ltin),
1013 3648 1074 3710 siue
1088 3655 1121 3708 ut
1135 3646 1293 3708 innoslria

84 3731 223 3796 toiicihm
254 3731 461 3812 manuscriptis
490 3743 520 3794 et
546 3733 674 3811 antiquis
696 3731 875 3794 editionibus
896 3732 1012 3810 legitur,
1041 3732 1170 3793 noadaia
1190 3747 1292 3792 nonu

84 3817 172 3880 tedam
193 3822 341 3880 mutatio
365 3817 484 3882 deheim
504 3819 688 3878 Menenios
710 3816 817 3893 (ibid).
859 3817 937 3889 Quid
959 3834 1029 3895 ergo
1051 3813 1180 3893 iniquius
1201 3831 1292 3891 quam

85 3895 108 3958 id
125 3903 201 3980 qarod
224 3903 337 3964 iustum
358 3908 405 3963 est
420 3901 538 3964 ethnico
553 3901 715 3962 macedone
734 3909 763 3962 et
777 3901 847 3962 illud
862 3902 958 3979 ipsum
975 3917 1080 3977 iurgare
1095 3895 1288 3959 Christiano?
1380 3919 1382 3924 ·

155 3986 200 4049 lo
221 3989 298 4049 haec
317 4003 399 4058 uero,
422 3987 583 4048 seeundum
605 3985 736 4047 omnium
758 3984 921 4046 divinarirm
942 3994 972 4046 et
985 3986 1176 4045 humanarum
1191 3981 1291 4060 logum

85 4073 255 4152 praescripta
288 4069 410 4151 qrulihet
439 4070 530 4132 homo
562 4069 691 4132 munaus
723 4069 853 4130 criminis
885 4068 1052 4148 postulatos
1092 4083 1153 4126 non
1189 4065 1288 4129 solum

85 4169 193 4235 temper
220 4155 383 4218 andiendus
411 4164 456 4217 est
483 4163 512 4218 at
538 4154 774 4234 interrogandus,
802 4153 855 4216 sed
882 4151 1089 4233 inquirendum
1109 4151 1233 4229 insuper
1252 4169 1291 4215 an

85 4241 249 4312 westione
268 4240 356 4302 etiam
377 4247 408 4302 et
428 4241 582 4303 tormentis
604 4239 845 4318 extorquendum,
866 4257 941 4316 qnae
956 4237 996 4299 sit
1009 4235 1138 4297 cumnis
1153 4236 1287 4314 nudius,

85 4322 126 4398 qai
155 4325 241 4388 lanu
273 4334 304 4387 et
331 4324 447 4397 modus,
479 4325 558 4404 quod
585 4333 713 4404 tompus,
745 4323 795 4402 qai
822 4322 896 4383 socii
924 4340 959 4384 ao
984 4319 1105 4382 oeneeil.
1147 4319 1209 4383 Noe
1228 4321 1291 4384 hoe

86 4409 286 4485 aequissimum
313 4429 381 4472 esse
407 4408 606 4471 diffitebantur
632 4407 750 4482 ethnici,
777 4408 829 4486 qui
849 4407 923 4468 haeo
943 4405 1041 4468 omnia
1061 4405 1215 4486 dhigenter
1234 4405 1285 4468 in-

88 4491 239 4567 mmor,
269 4495 320 4557 uhi
349 4493 457 4573 aliquia
487 4513 523 4554 ea
550 4495 613 4558 sais
640 4493 728 4555 ullius
755 4491 877 4554 sceleris
905 4490 941 4553 ah
969 4491 1066 4570 aliqao
1086 4490 1285 4552 aomaahatur.

89 4569 198 4642 suumn
221 4587 317 4642 umen
337 4579 445 4642 iniuria
465 4579 658 4642 haecomnia
678 4578 771 4640 missa
793 4575 936 4640 iaciebant
957 4575 1201 4658 sperantemque,
1233 4575 1286 4638 uhi
