3114 5240
488 373 623 420 soeaone
643 375 703 421 mc.
726 375 763 420 nn
784 375 913 423 sonare.
1000 347 1005 358 ’
1223 367 1311 448 ‚tta

99 526 121 586 si
140 523 226 597 lubet,
247 511 406 586 mucium
426 523 515 604 paulo
537 533 605 587 ante
627 525 664 587 ab
685 525 751 604 ipso
774 525 954 590 Tertulliano
976 526 1086 592 dictetm
1105 529 1198 594 luisse
1219 529 1314 594 Chri-

98 609 226 669 stiaoum.
256 608 462 688 Repetendum
483 607 574 687 igitur
594 609 666 670 illud
686 627 749 670 non
770 619 834 670 erat
853 609 900 672 bis
922 611 1020 674 verbis
1038 613 1218 678 Christianis
1233 615 1312 679 edit·

97 705 195 763 utam,
218 709 294 770 qnae
315 692 348 752 in
368 691 540 754 [divionensi
561 693 663 754 codice
684 701 823 772 corrupta
844 695 916 757 satis
938 705 1089 775 apparent.
1306 717 1313 724 ·

171 775 268 836 Huius
289 785 425 854 praetera
445 775 513 837 libri
535 776 622 837 initio
643 777 675 838 in
695 776 818 838 Pamelii
840 786 870 838 et
890 777 955 840 aliis
972 779 1113 860 deinceps
1127 779 1310 844 editionibus

95 857 159 920 baec
177 857 322 938 legimus:
359 859 422 922 Nos
443 861 561 941 quidem
580 879 675 942 oeque
697 865 922 941 expavescimus
1060 883 1127 926 mm
1158 866 1198 928 od
1233 866 1313 928 tene

94 955 197 1004 rectem
217 946 323 1022 utique
343 954 484 1023 suscepto
505 944 674 1006 conditione
696 949 759 1006 eius
778 949 865 1026 poeti
884 951 1066 1024 venerimus,
1087 958 1123 1010 ut
1136 951 1226 1010 etiem
1239 951 1311 1010 otti

56 1032 60 1038 '
93 1044 151 1088 atet
170 1037 299 1088 costros
320 1031 477 1090 ouctoroti
494 1030 528 1088 ite
549 1027 604 1089 bos
623 1045 744 1108 puqeos
756 1029 940 1091 'accedemus
962 1030 1097 1100 (Tertull.
1114 1030 1165 1092 lib.
1181 1030 1218 1092 ad
1233 1031 1310 1092 Sca-

93 1109 146 1188 pul.
167 1126 230 1189 cap.
257 1113 310 1185 1.).
353 1109 391 1170 dt
411 1109 442 1170 in
462 1110 567 1189 primis
589 1108 768 1173 etbtionibus
790 1113 932 1194 scriptum
959 1115 1068 1176 brerat:
1107 1112 1170 1176 Nos
1191 1116 1311 1196 quidem

94 1213 178 1276 oeque
206 1197 434 1273 superescimus
457 1239 465 1253 .
489 1240 497 1254 .
521 1239 530 1256 .
554 1213 620 1256 cum
646 1196 686 1257 od
714 1195 790 1256 bone
811 1206 930 1269 scetem,
950 1202 1053 1279 utique
1074 1207 1214 1280 suscepto
1235 1216 1312 1261 cott-

94 1278 198 1339 da'ticoe
219 1282 297 1348 eius,
321 1281 495 1358 pectinata
517 1296 584 1340 com
606 1281 707 1340 emmo
733 1291 843 1343 nostro
870 1290 899 1342 et
930 1285 1085 1344 ouctoroti
1109 1285 1141 1344 io
1174 1282 1228 1344 bos
1246 1300 1311 1361 pu·

92 1379 160 1438 pter
188 1361 369 1422 oeceduous.
414 1359 502 1422 Solus
532 1369 630 1422 autem
656 1361 834 1424 Laurentius
856 1364 894 1425 de
914 1363 942 1424 la
963 1365 1053 1424 barre
1074 1383 1107 1426 se
1128 1365 1202 1426 baec
1221 1363 1312 1426 verba

95 1463 126 1504 ex
152 1443 310 1505 derniensi
345 1443 446 1506 codice
473 1444 646 1506 emendasse
674 1445 855 1507 testificatur.
900 1446 961 1507 Sed
987 1454 1120 1510 veterum
1147 1447 1311 1509 editionum

93 1527 175 1588 rerba
195 1527 227 1588 in
250 1527 333 1588 notis
353 1528 466 1606 integra
487 1527 674 1590 conscribere
696 1528 830 1602 debebat,
858 1537 891 1591 ut
911 1531 1007 1590 cuncti
1029 1530 1142 1592 facilius
1164 1547 1311 1609 agnosce-

95 1619 154 1672 rent
177 1629 252 1672 num
284 1619 365 1672 recte
394 1611 590 1690 corrigantur:
619 1613 814 1690 nequeenim
837 1613 1186 1692 sensualiquopenitus
1209 1626 1312 1675 carere

95 1695 231 1755 ridentur.
280 1694 416 1756 Ceterum
437 1695 637 1757 Tertullianus
668 1695 709 1756 ibi
741 1695 835 1758 utitur
867 1694 958 1757 verbo
986 1699 1148 1768 auctorati,
1182 1696 1260 1758 sicut
1280 1703 1312 1758 et

95 1778 173 1850 alibi,
208 1779 256 1840 Ad
293 1781 393 1858 eques,
428 1778 485 1852 ait,
522 1779 641 1858 quidone
677 1798 708 1840 se
743 1790 984 1843 nactorooerunt
1016 1779 1150 1854 (Terbrll.
1185 1779 1236 1842 lib.
1273 1779 1315 1841 ad

96 1861 202 1940 necyn
229 1880 297 1941 cap.
321 1865 375 1938 5.).
423 1861 461 1921 At
494 1861 617 1922 verbum
651 1871 815 1924 ouctcrore
845 1863 990 1941 significat
1021 1870 1072 1924 aut
1101 1862 1239 1926 mercede
1276 1880 1313 1924 se

97 1945 216 2023 obligare
237 1953 293 2006 aut
314 1953 509 2023 sacramento.
548 1944 657 2007 Primis
678 1954 775 2007 autem
799 1945 970 2008 Tertulliani
990 1945 1089 2008 verbis
1110 1945 1169 2007 boc
1188 1945 1314 2007 verbum

97 2029 230 2102 secondo,
264 2028 484 2108 posterioribus
514 2029 612 2106 primo
645 2047 737 2090 sensu
767 2029 916 2110 accipitur.
965 2030 997 2090 Si
1027 2047 1100 2090 vero
1116 2029 1312 2108 ‘scriptorum

98 2113 276 2189 quomodam
297 2112 468 2173 testimonio
490 2111 561 2172 illud
583 2111 635 2172 tibi
655 2111 774 2189 probari
795 2112 1000 2191 postulaveris,
1021 2113 1150 2191 primum
1172 2111 1239 2172 audi
1259 2109 1311 2172 ci·-

99 2213 241 2257 ccrcnem:
265 2195 352 2276 ipso,
375 2195 480 2274 inquit,
500 2213 616 2256 meroes
638 2204 896 2258 auctoramentum
907 2201 1064 2258 servitutis
1086 2195 1192 2269 (Cicer.
1207 2193 1259 2256 lib.
1274 2193 1312 2256 Π.

99 2279 131 2338 de
151 2279 231 2341 Offic
250 2298 298 2358 ·p.1
312 2281 385 2342 272.
407 2278 458 2339 lin.
474 2281 528 2354 4.).
559 2278 718 2340 Suetonius
740 2287 839 2341 autem
860 2287 960 2340 namot
981 2279 1133 2340 Tiberium
1155 2277 1313 2340 Caesarem

98 2361 208 2424 dedisse
234 2361 568 2441 munus-gladiatorum
595 2374 822 2425 auctoramento
850 2373 1006 2424 semesum
1025 2361 1154 2424 millium
1175 2361 1313 2436 (Sueten.

100 2445 143 2506 lib.
163 2447 212 2507 111.
234 2451 267 2524 9.
294 2449 348 2522 7.).
392 2445 469 2506 nint
501 2462 619 2525 quoque
648 2445 774 2506 Seneca:
807 2445 884 2508 llum
914 2447 983 2508 dede·
1002 2445 1099 2506 torcia
1121 2454 1150 2506 et
1170 2447 1313 2524 proetus

120 2547 202 2592 orere
223 2535 310 2592 ieter
332 2546 427 2591 novos
450 2538 626 2592 auctoratos
648 2527 766 2602 (Senes.
787 2528 863 2590 Lud.
885 2529 922 2589 de
943 2527 1037 2588 Morte
1052 2527 1152 2593 Claud.
1174 2528 1314 2607 patu).

126 2613 195 2674 ''tes
215 2631 291 2674 vero
321 2611 452 2672 addictae
473 2611 595 2673 militiae
616 2618 801 2672 samamento
822 2611 976 2683 auctorati,
1004 2610 1117 2671 dimissi
1139 2615 1238 2672 autem
1259 2627 1313 2670 ex·

99 2697 231 2758 nucereti
253 2715 275 2757 a
294 2695 379 2756 Livio
400 2695 525 2773 aliisque
545 2693 740 2773 scriptoribus
762 2695 881 2772 saepius
903 2693 1049 2754 dicuntur.
1089 2693 1207 2754 (lateam
1221 2689 1314 2772 porro

102 2780 180 2841 buius
200 2779 272 2841 iibri
294 2779 427 2840 diversas
449 2778 590 2838 lectiones
612 2778 698 2850 inira,
720 2795 787 2838 cum
805 2777 921 2838 occasio
937 2795 970 2836 se
986 2775 1075 2848 dabit,
1098 2773 1314 2836 annotabimus.

176 2863 269 2925 Notas
298 2869 396 2923 autem
423 2870 454 2922 et
480 2860 704 2922 observationes
730 2860 760 2921 in
793 2859 873 2920 bunc
898 2859 1007 2920 librum
1033 2856 1123 2918 iidem
1150 2854 1316 2933 eodemque

104 2947 184 3007 modo
210 2947 401 3025 scripserunt
428 2945 479 3024 qui
507 2951 538 3004 et
564 2943 595 3003 in
625 2943 858 3021 apologeticum.
899 2942 943 3001 De
970 2940 1029 3000 illis
1056 2939 1154 3018 itaque
1175 2937 1316 2999 omnibus

105 3029 183 3102 idem,
204 3024 286 3108 qn'od
311 3047 402 3106 supra
423 3027 693 3096 animadvertimus,
722 3023 863 3086 iudicium
884 3023 1038 3084 serendum
1060 3029 1116 3082 est.
1158 3020 1237 3082 Nihil
1258 3021 1316 3098 igi·-

105 3105 146 3172 tor
170 3113 379 3184 adiiciendum,
405 3107 464 3170 nisi
492 3109 573 3188 quod
594 3109 641 3168 his
664 3106 835 3168 Tertulliani
857 3107 894 3167 ad
915 3104 1071 3184 Scapulam
1091 3103 1206 3164 verbis:
1245 3103 1319 3165 diest

106 3197 323 3259 Adrumeticum
344 3193 503 3255 Mocillam
531 3180 708 3254 od'destios
732 3191 906 3252 demanaret
929 3199 958 3250 et
980 3192 1082 3250 stetim
1105 3187 1175 3250 boec
1196 3189 1318 3249 oetcotio

104 3280 254 3342 ssdseemc
282 3289 328 3341 est
355 3277 490 3352 (Tertull.
517 3275 567 3336 lib.
598 3275 634 3336 ad
663 3273 779 3352 Scapul.
809 3291 871 3352 cap.
895 3276 949 3348 5.),
981 3271 1124 3350 Rigaltius
1159 3269 1320 3332 arbitratur

106 3360 230 3424 denotari
252 3361 442 3424 acutissimae
464 3357 618 3422 cniusdam
639 3357 831 3436 aegritudinis
847 3356 1016 3428 cruciatum,
1040 3373 1097 3434 quo
1112 3355 1178 3434 ipse
1194 3353 1321 3432 Scapula

108 3445 138 3504 ob
162 3451 313 3514 iteratum,
343 3444 448 3522 inquit,
477 3443 508 3502 in
530 3442 714 3502 Christianos
736 3445 894 3502 soeoitiom
914 3438 1012 3499 denuo
1034 3437 1202 3500 vexabatur.
1245 3435 1323 3496 Nam

108 3525 297 3590 Tertullianus
320 3527 507 3589 continenter
528 3524 653 3586 addidit:
681 3525 720 3585 Bt
741 3541 823 3585 nunc
843 3539 883 3584 etc
905 3523 1005 3584 eodem
1027 3539 1120 3586 causo
1138 3518 1322 3598 inter-pello-

107 3615 143 3671 tio
164 3615 333 3692 respuistis,
363 3611 393 3670 id
415 3618 471 3680 est,
493 3617 527 3668 ut
547 3609 625 3668 idem
647 3607 790 3686 Rigaltius
813 3606 961 3685 opinatur,
990 3603 1227 3664 Christianorum
1248 3617 1321 3660 san-

107 3693 164 3769 quis
184 3695 362 3756 clamaverat
383 3692 419 3754 ad
449 3691 543 3754 Mum
564 3709 599 3752 ac
620 3691 736 3752 divinae
757 3689 835 3750 illius
856 3688 1013 3767 patientiae
1034 3703 1133 3746 moras
1149 3677 1321 3759 interpella·

108 3785 188 3838 ierat
233 3778 295 3838 Sed
328 3776 441 3837 nidlum
471 3775 569 3853 plane,
602 3791 640 3834 ne
672 3773 826 3834 minimum
859 3771 988 3848 quidem,
1021 3775 1122 3829 auctor
1152 3769 1258 3824 noster
1279 3761 1325 3856 'de

109 3859 194 3935 primo
223 3868 276 3922 aut
298 3860 431 3920 secundo
455 3858 596 3936 Scapulae
618 3854 724 3917 morbo
746 3853 869 3915 verbum
891 3853 969 3913 lecit.
1012 3851 1050 3910 Et
1069 3864 1141 3908 vero
1162 3846 1189 3905 si
1210 3849 1322 3904 acutis-

109 3941 183 4013 sima,
204 3942 453 4021 quemadmodem
475 3941 536 4001 vult
556 3939 709 4016 Rigaltius,
733 3935 915 4014 aegritudine
930 3932 1023 3995 semel
1038 3929 1188 3991 etiterum
1202 3925 1323 4020 labora-

110 4023 202 4098 viseet,
234 4043 305 4087 cum
334 4025 423 4103 longe
457 4023 552 4084 acrius
580 4022 649 4084 inde
670 4027 799 4097 urgeret,
822 4025 855 4078 ut
876 4018 912 4078 ad
935 4015 1083 4106 saniorem
1105 4017 1235 4071 mentem
1250 4009 1324 4104 lacq-

110 4103 159 4164 lius
179 4101 384 4170 reduceietur.
414 4108 522 4167 Verum
543 4107 601 4165 boo
623 4104 746 4174 omisso,
769 4103 860 4162 instat
881 4107 911 4160 et
931 4103 1017 4174 urget
1037 4095 1163 4154 ntorum
1184 4089 1327 4170 exemplis

111 4191 270 4262 praesidum
296 4198 326 4252 et
347 4189 569 4268 proconsulum,
593 4187 641 4266 qui
664 4203 736 4247 suae
758 4185 789 4244 in
811 4181 995 4243 Christianos
1017 4174 1197 4268 crudelitatis
1212 4191 1329 4252 poenas

112 4267 251 4334 dederant
299 4273 393 4334 Nobis
414 4274 511 4350 itaque
532 4270 646 4332 lacibus
668 4263 894 4345 persuadebitur
914 4259 1068 4323 referenda
1089 4276 1158 4318 esse
1179 4255 1227 4316 nlla
1249 4256 1328 4314 Ter·
1388 4275 1394 4286 ·

112 4352 214 4416 tulliani
236 4355 330 4417 verba
352 4353 389 4416 ad
401 4354 602 4433 Byzantiuum,
625 4351 708 4412 cuius
731 4349 842 4409 ibidem
864 4343 1007 4414 meminit,
1030 4340 1161 4424 exitipm,
1184 4356 1242 4416 quo
1259 4337 1330 4397 etb-

112 4434 164 4496 nici
193 4437 232 4498 ob
265 4437 486 4516 iniquissimam
517 4437 548 4496 in
580 4435 701 4495 eosdem
730 4429 914 4492 Christianos
943 4424 1144 4486 crudelitatem
1170 4422 1332 4484 alleo‘se

110 4518 258 4582 mulctatos
282 4521 377 4582 tuisse
397 4519 494 4600 palam
515 4517 643 4581 conlessi
664 4522 743 4578 sunt.
