3078 5248
324 365 406 428 544λ
483 383 520 426 ns
541 382 613 426 vane
634 383 747 426 assare
767 385 803 426 ec
823 383 969 427 nocrnrna
992 385 1176 428 scnmroauu
1198 385 1372 430 rsnrnmuu

325 532 438 595 tionem
460 531 701 604 coniecturalem
730 533 856 612 denique
884 533 932 596 alii
959 533 1029 597 dant
1055 535 1176 614 quidem
1202 535 1383 616 suspicionem
1401 551 1458 598 nrm

327 617 390 679 eius
418 616 485 678 libri
512 622 636 678 aetatem
665 616 860 696 intelligendi,
890 618 944 680 sed
969 619 1026 680 hoc
1050 619 1190 681 nimirum
1210 627 1260 682 est
1279 619 1396 692 dubium,
1409 631 1458 680 utra

324 701 381 764 ista
410 708 582 781 tempestate
611 700 668 762 iam
690 700 887 764 Tertullianus
908 703 1012 764 iecerit
1031 703 1068 766 ab
1089 703 1218 766 Ecclesia
1241 704 1458 772 secessionemrr

323 786 437 858 eodem,
458 786 537 848 unde
559 784 747 860 discesserat,
768 787 897 848 redierit
928 787 1037 850 Contra
1058 806 1102 863 ea,
1125 788 1214 850 altera
1234 796 1354 850 aetatem
1371 789 1458 849 deliniri

170 903 172 912 =
259 905 262 916 ·
322 870 409 943 ratio,
430 879 581 950 praeterea
602 870 680 950 quod
702 889 763 932 non
786 871 914 932 occurrit
925 871 1032 946 ubivis,
1054 873 1220 936 dubitantes
1242 872 1371 952 relinquit
1387 873 1459 934 lectori

324 955 401 1018 sinte
422 955 479 1016 iam
502 963 564 1016 tum
584 955 657 1016 lacta
668 954 839 1018 Tertulliani
861 954 1018 1018 disiunctio
1040 957 1091 1028 itu,
1113 968 1147 1019 ut
1167 977 1201 1019 se
1221 957 1360 1038 receperit
1376 958 1404 1018 ad
1418 958 1459 1016 dio·

250 1101 253 1108 ,
323 1041 432 1120 plincm
448 1039 588 1110 Montani,
617 1057 654 1100 an
685 1040 800 1114 minus,
822 1040 875 1102 sed
902 1040 933 1101 in
953 1059 1013 1103 uno
1037 1041 1164 1103 alterove
1186 1061 1254 1104 eum
1283 1061 1317 1104 ea
1342 1045 1460 1104 connum

324 1125 475 1196 erraverit,
496 1142 552 1185 nec
573 1132 670 1188 tamen
691 1124 748 1186 iam
770 1132 832 1185 tum
860 1124 976 1188 miserit
1002 1126 1184 1188 orthodoxae
1206 1126 1352 1188 Ecclesiae
1368 1127 1461 1187 nundn'

326 1209 495 1282 Enimvero,
523 1208 598 1270 sicut
624 1208 655 1268 in
686 1208 829 1270 eiusmodi
857 1208 935 1283 loco,
963 1209 1013 1271 ubi
1035 1210 1080 1272 rel
1111 1211 1189 1272 nulla
1217 1219 1266 1274 est
1292 1211 1345 1286 rel¹
1358 1209 1464 1272 dub'nm

322 1293 425 1355 aetatis
447 1293 587 1372 suspicio,
616 1292 697 1366 alias,
725 1293 851 1356 indicata
871 1294 986 1356 ratione
1012 1294 1173 1370 dubitandi,
1199 1295 1460 1358 versionibus

321 1396 429 1447 moosr
449 1378 682 1456 interponemus,
704 1377 775 1440 alias
791 1377 1024 1440 coniecturarum
1038 1388 1207 1442 nostrarum
1220 1381 1363 1442 rationem
1374 1378 1460 1440 rodim

322 1461 520 1543 probabilem:
548 1462 601 1535 sic,
630 1471 664 1524 ut
691 1463 728 1524 de
754 1462 828 1523 locis
855 1463 977 1542 reliquis
1005 1463 1128 1543 singulis
1150 1465 1290 1527 universe
1312 1464 1464 1530 disemum

323 1547 498 1625 attingemus
519 1546 688 1608 breuisime.
731 1547 862 1609 Primum
891 1546 1103 1628 disputabimus
1131 1549 1168 1610 de
1189 1569 1281 1623 anno,
1312 1568 1366 1629 quo
1384 1547 1410 1607 ad
1424 1547 1464 1609 lm

322 1631 446 1694 lanistas
467 1630 663 1710 Tertullianus
684 1631 840 1694 defecerit:
869 1632 938 1706 (erit
968 1633 1047 1694 enim
1074 1633 1146 1706 boc,
1176 1635 1255 1696 unde
1279 1633 1404 1696 constitui
1418 1643 1464 1712 poq

322 1725 403 1779 aetas
426 1734 528 1777 eorum
550 1715 708 1788 librorum,
737 1735 864 1795 quorum
890 1735 952 1778 nou
981 1717 1114 1780 doctrina
1135 1719 1274 1797 quidem,
1305 1717 1357 1779 sed
1374 1725 1464 1790 aetum

321 1805 391 1877 tst);
419 1799 524 1862 deinde
552 1800 731 1870 ridebimus,
766 1809 865 1863 utrum
895 1800 1092 1864 Tertullianus
1134 1821 1287 1882 nunquam
1320 1802 1355 1864 ad
1382 1791 1464 1862 nuum*

321 1893 450 1946 mentem
477 1883 613 1953 redierit,
642 1885 695 1946 sed
723 1885 866 1947 manserit
898 1885 1030 1965 partibus
1058 1887 1185 1949 llontani
1215 1896 1358 1970 perpetuo
1381 1884 1457 1946 additu

321 1978 472 2050 postremo
501 1968 717 2030 admonitiones
743 1970 885 2049 quasdam
921 1970 1074 2032 universas
1110 1989 1328 2051 proponemus,
1363 1989 1393 2032 er
1413 1969 1460 2047 qua

321 2055 388 2134 quis
417 2053 578 2132 intelligere
598 2054 706 2133 possit,
734 2073 771 2115 an
799 2054 860 2116 sint
886 2074 921 2118 ex
948 2054 1118 2118 Tertulliani
1144 2056 1229 2119 libris
1257 2055 1385 2118 nonnulli
1406 2053 1460 2113 let:-

321 2139 399 2200 liano
428 2138 600 2200 Ortbodoxo
636 2138 764 2217 quidem,
795 2139 849 2200 sed
880 2139 917 2200 ad
948 2139 1176 2202 Montanismum
1211 2139 1370 2210 inclinanti,
1397 2149 1459 2199 ants

322 2241 435 2293 omnes,
458 2223 508 2301 qui
530 2241 634 2283 eorum
655 2241 789 2284 errorum
818 2224 888 2286 dant
915 2223 1126 2304 suspicionem,
1157 2227 1341 2290 Tertulliano
1366 2225 1410 2285 ian
1427 2221 1464 2314 paq

323 2306 447 2368 alienato
470 2305 663 2368 adiudicandi.
819 2339 824 2352 ι

880 2481 910 2555 q.
933 2476 983 2538 rn.

407 2590 542 2665 Quonam
564 2609 636 2653 vero
656 2610 732 2654 anno
755 2593 915 2673 contigisse
937 2594 1067 2656 dieamus
1090 2595 1174 2656 istam
1197 2595 1372 2658 Tertulliani
1389 2593 1464 2653 delen}

321 2673 416 2738 nem‘l
469 2677 533 2738 Eoo
565 2676 683 2756 quidem
714 2697 770 2739 nec
803 2685 905 2757 potest
934 2697 970 2740 er
1005 2679 1098 2758 ipsius
1126 2698 1181 2742 nec
1211 2699 1247 2741 ex
1277 2681 1353 2742 alius
1382 2671 1464 2739 meto*

321 2759 475 2840 scriptoris
508 2763 679 2824 testimonio
713 2763 842 2844 pereipi;
874 2781 970 2844 neque
1004 2763 1201 2844 Hieronymus
1241 2783 1295 2839 eo,
1334 2763 1404 2844 quod
1418 2759 1445 2816 ln

211 2847 217 2858 '
320 2843 532 2908 Tertullianum
560 2863 653 2926 usque
682 2847 717 2908 ad
745 2846 871 2909 rnediam
899 2839 1022 2910 aetatem
1045 2849 1192 2910 Ecclesiae
1213 2849 1410 2930 Presbyterum
1420 2853 1454 2898 mr

320 2931 408 3003 sisse,
431 2929 538 2992 iustam
567 2932 617 2993 dat
642 2931 718 2993 riam
741 2931 804 2994 eins
826 2931 870 2992 rei
892 2931 1093 3006 inveniendae,
1123 2933 1273 3013 quoniam,
1305 2931 1409 3014 quaudo
1423 2933 1458 2984 dl

320 3021 491 3077 mortuusve
514 3015 554 3077 sit
575 3015 787 3089 Tertullianus,
817 3035 939 3096 quamve
967 3025 1091 3079 sentem
1119 3018 1257 3096 attigerit,
1281 3037 1344 3080 non
1365 3014 1460 3078 sause-

320 3107 387 3160 stat.
432 3099 491 3161 Sed
520 3108 566 3161 est
593 3101 688 3182 aliqua
718 3101 806 3163 buius
834 3101 875 3163 rei
904 3102 1095 3180 reperiendae
1123 3103 1198 3164 ratio
1228 3103 1286 3164 sita
1316 3105 1347 3165 in
1373 3096 1431 3161 libris
1445 3105 1457 3145 t

320 3201 455 3261 quorum,
486 3183 533 3262 qui
563 3202 596 3246 se
624 3186 772 3264 excipiunt
800 3185 942 3266 temporis
969 3187 1083 3261 ordine,
1112 3187 1160 3248 alii
1189 3187 1266 3248 nulla
1290 3187 1394 3250 habent
1408 3180 1460 3241 ppt·

320 3266 410 3327 nismi
437 3267 569 3346 vestigia,
605 3269 653 3331 alii
690 3270 767 3332 baud
794 3289 896 3348 pauca.
951 3271 1038 3352 Atqui
1066 3291 1123 3334 nos
1152 3272 1346 3334 ostendemus
1374 3285 1416 3330 suc
1433 3261 1458 3319 il*

320 3349 418 3411 nullos
443 3369 511 3412 esse
538 3371 657 3426 eorum,
685 3355 734 3433 qni
760 3353 867 3416 librum
894 3355 932 3417 de
959 3356 1075 3418 Corona
1107 3355 1207 3418 Militis
1234 3356 1461 3419 antecesserunt-²

320 3433 427 3513 quibus
456 3435 512 3496 iste
540 3436 576 3497 de
605 3436 725 3500 Animae
751 3438 936 3501 Testimonio
965 3440 1083 3502 ultimus
1112 3449 1172 3513 est,
1200 3460 1235 3504 ex
1263 3442 1370 3523 quibus
1389 3427 1464 3514 quid*

320 3517 507 3580 Montanismi
535 3520 708 3598 significatio
736 3523 865 3596 eluceat,
894 3525 947 3587 sed
975 3524 1039 3604 eius
1066 3526 1111 3586 rei
1138 3525 1233 3605 prima
1262 3545 1333 3588 esse
1360 3519 1464 3610 resisti

319 3603 418 3666 libello
441 3604 477 3665 de
499 3604 616 3667 Corona
636 3607 744 3685 llilitis.
780 3608 974 3688 vicissimque
995 3608 1113 3689 planum
1135 3611 1285 3680 iaciemus.
1318 3611 1392 3671 buno
1408 3589 1464 3662 cfflt

319 3689 488 3751 mandatum
516 3690 608 3752 luisse
635 3691 757 3766 litteris,
792 3712 858 3755 curn
886 3694 963 3755 liber
989 3694 1026 3755 de
1048 3693 1233 3756 Testimonio
1255 3695 1376 3756 Animae
1398 3681 1464 3778 sitiit

319 3793 423 3837 versus
444 3775 532 3836 finem
565 3793 590 3836 a.
614 3775 773 3839 excvlllt.
797 3779 994 3857 compositum
1016 3777 1094 3841 unde
1122 3779 1199 3840 baud
1221 3779 1339 3842 difficile
1365 3773 1411 3838 erit
1426 3775 1464 3850 prs

319 3859 406 3933 lectu,
427 3859 638 3923 Tertullianum
659 3880 737 3923 anno
766 3865 826 3924 lere
847 3862 881 3923 P.
897 3863 929 3925 C.
946 3863 980 3925 N.
1003 3862 1059 3925 CC.
1083 3881 1117 3924 se
1137 3864 1376 3926 llontanistarum
1393 3847 1461 3937 partis·

319 3944 499 4008 adiunxisse.
544 3945 581 4006 ltt
600 3946 705 4008 maiori
733 3965 805 4010 sane
833 3947 992 4010 difficultati
1026 3948 1152 4011 obnoxia
1181 3958 1229 4011 est
1262 3949 1351 4011 altera
1377 3944 1464 4023 quisi*

224 4094 227 4106 ,
264 4093 267 4100 ,
320 4036 432 4102 unum,
462 4031 607 4110 susceptis
637 4032 729 4093 semel
756 4031 999 4095 llontauistarum
1026 4032 1195 4105 erroribus,
1233 4049 1380 4112 nmquam
1403 4023 1464 4084 Teu

317 4112 413 4174 lienus
442 4133 475 4176 se
501 4115 537 4178 ad
564 4116 722 4194 pristinum
760 4125 877 4179 coetum
908 4119 1070 4198 receperit3
1102 4117 1184 4180 cuius
1221 4125 1320 4180 tamen
1346 4117 1464 4194 quaestutt

320 4197 506 4262 affirmandae
528 4200 606 4262 nulla
628 4209 675 4264 est
696 4201 802 4262 idonea
824 4203 910 4263 ratio.
953 4201 1025 4264 Nam
1055 4220 1088 4263 ea
1116 4210 1179 4264 erat
1206 4202 1255 4264 isti
1277 4197 1383 4262 homini
1403 4193 1464 4278 ausit

320 4285 351 4339 et
377 4299 466 4362 supra
493 4285 614 4346 modum
640 4285 734 4365 rigido
764 4285 851 4348 insita
879 4287 967 4349 animi
995 4283 1196 4362 imbecillitas,
1225 4293 1267 4360 ut,
1300 4303 1357 4366 quo
1377 4275 1464 4341 serent

321 4374 421 4427 essent
453 4385 528 4447 quae
549 4370 586 4431 ad
606 4371 701 4432 vitam
715 4389 874 4452 moresque
894 4372 1087 4453 pertinerent,
1119 4390 1154 4433 eo
1176 4371 1269 4450 magis
1294 4371 1350 4431 ista
1368 4357 1464 4426 staur

318 4604 348 4653 'r
387 4535 410 4584 b.
429 4535 534 4654 lpzlpbro
554 4537 583 4588 d'e
599 4539 658 4589 liris
676 4541 814 4594 illustribus
827 4541 938 4606 capas,
957 4543 980 4591 in
1001 4541 1035 4591 lo.
1053 4541 1106 4592 ttb.
1124 4541 1228 4604 Tabrieii
1243 4539 1382 4591 bibliotheca
1400 4523 1464 4580 W

344 4619 377 4654 rea
396 4619 421 4669 p.
491 4642 496 4652 .
569 4657 572 4663 ,
858 4661 861 4666 ,
