3196 5250
273 377 337 439 «tlt
370 391 560 436 nrsssarrrro
575 391 605 434 ru
622 391 669 442 ou.
686 391 769 434 serr.
785 387 871 433 rnna.
887 385 1081 434 ranrucmrru
1096 385 1322 433 reococarrcurr
1337 389 1421 432 csrr.

274 541 322 604 bis
346 541 468 614 similes,
497 541 602 621 quibus
625 539 741 620 longam
764 539 922 602 Caesarum
942 539 1031 602 vitam
1053 549 1156 620 optare
1177 537 1285 600 ellinici
1305 537 1498 613 videbamur,

275 625 393 706 saepius
414 625 537 704 legimus
559 626 589 687 in
612 644 715 687 eorum
740 625 825 686 libris
846 624 984 704 quinitas
1000 624 1210 704 imperatorum
1226 621 1390 697 Commodi,
1411 624 1486 686 Per-

275 712 394 784 tinacis,
423 709 528 783 Probi,
556 710 669 772 Balbini
696 710 877 788 aliorumque
906 709 1099 788 scripserunt.
1144 708 1202 771 Sed
1229 707 1310 770 adire
1336 716 1487 789 praeterea

273 795 385 876 poteris
418 794 605 857 Brissoninm
640 795 786 864 (Brissnn.
808 794 875 855 libr.
897 795 920 856 l.
950 794 986 855 de
1007 793 1136 855 Permul.
1164 812 1194 872 p.
1216 795 1258 857 95
1280 801 1310 854 et
1331 799 1428 874 seqq-l
1457 802 1488 854 et

271 880 443 942 liemardini
464 879 590 941 Ferrarii
611 879 741 958 primum
761 880 797 941 de
819 878 1075 940 acclamationibus
1098 887 1127 938 et
1148 879 1253 956 plausu
1273 877 1380 939 libmm
1403 878 1487 954 (Per-

273 983 331 1026 rar
354 965 403 1026 lib
426 965 462 1026 ll.
486 965 668 1026 deicolam
691 983 754 1044 cap.
779 967 816 1028 19
841 971 870 1025 et
891 967 932 1028 20
948 971 978 1024 et
993 968 1099 1042 seqq.)
1130 961 1266 1024 Ceteram
1289 961 1487 1024 Tertullianus

272 1059 352 1111 recte
374 1067 409 1110 ex
431 1049 517 1111 dictis
539 1049 648 1128 colligit
669 1048 803 1146 gentiles,
827 1049 878 1128 qui
899 1048 1068 1110 huiusmodi
1090 1057 1156 1109 vota
1179 1048 1215 1109 de
1236 1047 1369 1127 proxima
1392 1047 1488 1127 impe-

272 1134 380 1196 ratoris
412 1143 508 1195 morte
540 1134 693 1205 iaciebant,
725 1135 834 1226 reipsa
850 1133 943 1194 misse
966 1141 995 1194 et
1022 1133 1099 1194 illius
1128 1142 1158 1194 et
1184 1129 1362 1211 reipublicae
1383 1133 1488 1194 hostes

272 1219 418 1300 publicos,
441 1219 484 1281 uti
508 1219 604 1282 adbuc
618 1237 653 1280 ex
668 1218 704 1279 iis
720 1209 834 1299 patebit
847 1235 921 1297 quaa
935 1218 965 1278 in
982 1217 1116 1298 sequenti
1132 1217 1253 1278 articulo
1270 1215 1392 1278 dicenda
1409 1226 1488 1279 sunt.

768 1421 936 1472 auritulus
955 1415 990 1470 ιι.

272 1527 367 1572 Maiores
385 1527 540 1582 imperatorum
559 1527 634 1570 borres
653 1526 722 1569 brisso
741 1526 840 1568 amnicos
858 1523 989 1580 proditores,
1008 1523 1105 1576 Cassios,
1123 1521 1209 1578 Nigrus,
1228 1523 1317 1567 Albinus
1335 1523 1432 1577 stallos,
1450 1527 1487 1579 qul

273 1595 329 1638 intur
346 1596 402 1638 duas
418 1595 493 1637 laurus
512 1594 631 1637 Caesarem
650 1593 791 1644 obsederunt,
809 1591 846 1648 qui
864 1591 965 1635 saucibus
983 1591 1031 1634 eius
1050 1591 1195 1645 exprimendis
1214 1599 1360 1634 exercuerunt
1370 1593 1477 1646 palaestrr

273 1672 329 1713 eam,
348 1661 385 1717 qui
403 1661 528 1717 irruperunt
544 1661 566 1704 ln
584 1661 696 1718 palatium,
715 1659 816 1703 omnibus
835 1659 925 1714 Sigeriis
943 1667 1009 1713 arque
1027 1657 1149 1702 Partheniis
1168 1657 1307 1708 nudneiuras,
1325 1659 1362 1714 qul
1380 1661 1488 1702 scelesta·

179 1725 184 1738 ‘
273 1741 321 1774 rum
338 1731 431 1785 partium
450 1729 505 1773 rocrl
524 1741 551 1772 ac
568 1731 684 1784 plausores
701 1728 798 1783 quotidie
815 1727 982 1779 revelabantur,
1006 1737 1032 1770 rc
1050 1727 1137 1769 tandem
1155 1727 1193 1781 qul
1211 1727 1344 1781 aecologos,
1363 1729 1489 1782 aruspices,

313 1809 409 1852 auguros
427 1805 449 1840 er
465 1807 543 1851 magos
562 1797 589 1840 du
607 1797 762 1852 imperatorum
781 1796 851 1850 capita
870 1795 1024 1839 consultabant
1042 1806 1068 1838 rc
1086 1802 1129 1838 taur
1147 1795 1203 1838 lalsa
1221 1807 1261 1851 pro
1280 1806 1356 1838 aarum
1376 1796 1449 1839 saluta

626 1864 736 1908 laniabant
754 1871 802 1907 rora
820 1876 885 1918 quara
904 1864 990 1906 sincera
1007 1862 1131 1905 Christiani,

359 1979 390 2041 Si
420 1980 519 2041 laesae
544 1979 706 2040 maiestatis
735 1979 878 2040 humanae
906 1979 949 2039 rei
976 1980 1094 2050 luerunt
1121 1977 1255 2057 gentiles,
1289 1978 1337 2058 qui
1360 1986 1488 2042 mortem
1568 1981 1569 2068 J

273 2065 429 2127 Caesarum
446 2073 475 2126 et
495 2065 706 2143 imperatomm
728 2072 787 2125 tam
808 2063 927 2125 nefariis
949 2063 1025 2123 sotis
1040 2063 1245 2141 efflagitabant,
1266 2063 1353 2141 longe
1368 2065 1488 2142 gratius
1568 2109 1569 2146 ,

272 2147 468 2230 proculdubio
495 2149 525 2210 in
553 2148 619 2210 illus
647 2147 806 2228 peccabant
826 2147 873 2208 alii
895 2147 1059 2228 perduelles
1082 2157 1167 2226 atque
1190 2147 1285 2227 ignati
1307 2149 1487 2227 proditores,

273 2235 322 2316 qui
349 2235 395 2294 sel
424 2234 460 2294 ab
489 2231 591 2294 eorum
618 2233 751 2312 partibus
778 2233 947 2294 delacerent
973 2233 1018 2293 rel
1046 2233 1103 2292 vita
1136 2232 1194 2293 illis
1216 2241 1316 2311 erepta
1338 2241 1489 2295 tentarunt
1568 2249 1569 2262 ¹

273 2335 416 2398 occupare
438 2317 629 2396 tyrannidem.
673 2317 714 2377 Ex
737 2316 853 2378 illomm
875 2317 1067 2396 proculdubio
1090 2335 1214 2379 numero
1236 2319 1355 2378 luerunt
1369 2337 1486 2380 memn-

273 2403 327 2464 rati
356 2401 575 2464 a'lertullianc
607 2400 790 2476 (Tertullian.
813 2402 966 2480 Apologet.
989 2421 1052 2481 cap.
1075 2404 1139 2478 35.)
1176 2403 1273 2465 Cosrr'a'
1298 2416 1327 2465 ιι
1350 2401 1441 2482 lllr'grr'
1461 2415 1489 2465 et

272 2487 383 2560 Attius,
406 2487 435 2548 id
459 2495 504 2547 est
526 2486 646 2547 Cassius
670 2486 814 2558 Clemens,
838 2486 1017 2547 Pescennius
1032 2485 1121 2565 Niger
1145 2495 1175 2547 et
1198 2486 1329 2558 Albinus,
1353 2487 1403 2566 qui
1419 2507 1486 2549 mo-

247 2602 249 2616 =
272 2573 316 2634 liti
339 2580 408 2634 sunt
429 2572 458 2632 in
472 2571 573 2632 Severi
595 2571 792 2649 imperatoris,
815 2581 848 2631 ιιι
870 2589 958 2649 supra
981 2571 1107 2632 vidimus
1121 2571 1228 2650 (Supra
1240 2591 1302 2651 cap.
1316 2573 1419 2636 bbrt.
1435 2577 1487 2644 l.)‚
1568 2573 1569 2576 ’

272 2657 427 2738 imperium
450 2656 596 2717 invadere.
626 2655 737 2717 Publici
760 2673 831 2734 ergo
852 2657 954 2717 hostes
977 2665 1059 2716 erant
1081 2665 1111 2716 et
1131 2655 1228 2718 laesae
1250 2656 1414 2718 maiestatis
1429 2657 1487 2718 bu-

272 2759 375 2804 manae
397 2759 451 2802 rer.
1061 2773 1066 2778 -

296 2823 299 2838 ¹
343 2827 496 2894 ,Eiusdem
524 2843 641 2905 quoque
669 2824 789 2885 sceleris
817 2824 838 2886 ii
867 2833 966 2904 aperte
999 2821 1210 2886 conmutantur
1237 2829 1290 2906 qur·
1308 2829 1390 2888 inter
1412 2819 1499 2888 duas

272 2911 390 2982 ιιιιιιιι,
414 2910 586 2972 Tertulliani
609 2910 703 2971 adbuc
724 2909 812 2970 rerba
835 2917 912 2983 suut,
938 2911 1071 2972 obsident
1087 2911 1253 2981 Caesareas,
1276 2914 1327 2991 qul
1346 2911 1490 2990 [ιιιιιιιιι

272 3001 334 3058 tius
368 2998 571 3076 caprimenda
602 2995 815 3074 palaestricum
847 3007 988 3057 exerrent
1020 2993 1203 3070 (Tertullian.
1225 2995 1281 3055 loe.
1304 2993 1377 3071 eit).
1422 2995 1487 3056 Non

272 3081 398 3142 obscure
420 3088 518 3142 autem
539 3080 619 3159 loqui
642 3078 755 3141 videtur
776 3079 812 3140 de
828 3078 991 3140 Commodo
1013 3079 1201 3158 imperatore,
1224 3079 1305 3140 euius
1328 3079 1405 3141 ritae
1427 3097 1488 3140 unu

272 3165 365 3226 semel
386 3164 510 3234 iusidias
532 3165 691 3224 instructae
714 3174 793 3224 sunt.
837 3163 935 3223 Primo
958 3164 1036 3223 enim
1059 3163 1256 3243 Pompeianus
1279 3163 1355 3236 sire,
1382 3173 1419 3226 nt
1438 3165 1488 3226 alii
1568 3219 1569 3252 ἢ

270 3248 387 3319 solunt,
426 3249 592 3320 Quadratus
625 3247 700 3308 vitae
728 3247 791 3309 eius
821 3246 976 3309 insidiatus
1006 3255 1053 3308 est
1078 3253 1112 3309 ιιι
1139 3259 1265 3328 unqurto
1288 3250 1417 3328 quodm
1438 3255 1489 3311 ιιι-
1568 3271 1569 3276 ’

272 3337 377 3404 troitu,
408 3333 494 3394 sicuti
522 3333 552 3392 in
573 3331 676 3392 Dionis
698 3331 834 3410 Epitome
856 3332 962 3411 legitur
983 3333 1080 3406 (Ilion.
1102 3331 1178 3412 Epit.
1201 3351 1231 3412 p.
1254 3334 1350 3410 284),
1379 3341 1430 3395 aut
1456 3341 1490 3396 ut

271 3415 313 3478 ait
332 3415 502 3478 Ammianus
524 3415 719 3488 blaruellinus,
740 3421 773 3477 ιη
796 3417 1008 3496 ompbr'tlreutrr'
1029 3437 1118 3479 caveo
1140 3417 1278 3490 (Marcell.
1300 3417 1366 3478 libr.
1382 3418 1487 3480 xm.

269 3515 299 3581 p.
324 3503 408 3576 550.)
431 3507 488 3573 aut,
512 3500 758 3580 quemadmodum
773 3500 958 3562 Herodianus
975 3502 1102 3574 tradidit,
1124 3507 1158 3564 ιιι
1173 3504 1258 3564 aditu
1272 3503 1492 3583 umpbs'tlrestrr'

271 3597 301 3649 ιι
328 3587 457 3649 obscuro
487 3586 550 3647 loco
579 3583 750 3656 (Herodian.
773 3583 823 3644 lib.
846 3585 868 3645 l.
891 3585 966 3646 llist
991 3605 1018 3666 p.
1041 3589 1136 3662 472).
1180 3587 1216 3647 ιι
1241 3587 1267 3647 si
1288 3587 1319 3647 in
1342 3587 1402 3650 boo
1421 3605 1488 3648 arn-

270 3669 429 3752 pbitbeatri
460 3670 539 3731 aditu
566 3669 711 3748 plantatae
734 3677 818 3730 erant
838 3669 948 3741 laums,
975 3671 1052 3732 baud
1074 3671 1233 3733 niffioiliter
1253 3670 1419 3751 intelligere
1439 3681 1491 3733 est

271 3767 324 3818 tur
350 3755 529 3816 Commodus
561 3755 637 3815 inter
665 3753 738 3815 duas
768 3753 867 3816 lauros
896 3755 1040 3817 obsessus
1070 3755 1192 3817 dicatur.
1238 3756 1344 3818 Verum
1367 3757 1434 3836 quia
1456 3757 1487 3818 id

270 3840 461 3921 rigidioribus
495 3839 603 3900 criticis
635 3838 717 3900 laeile
751 3857 810 3899 non
844 3839 995 3919 probatur,
1030 3840 1165 3918 opinatus
1194 3849 1240 3902 est
1267 3839 1410 3920 Rigaltius
1438 3842 1490 3902 bis

269 3925 405 3988 Auctoris
426 3925 523 3986 nostri
545 3923 641 3984 serbis
664 3923 811 4002 designari
831 3923 976 3985 lauretum
995 3924 1084 3985 variis
1106 3925 1198 3999 (ldem
1214 3925 1307 4001 ibid),
1331 3933 1409 3987 teste
1423 3925 1487 3988 lle-

268 4011 403 4086 rodiano,
438 4009 594 4071 arboribus
623 4025 657 4070 ac
683 4007 804 4086 pulchra
831 4009 1009 4089 copiosaque
1037 4009 1119 4070 lauro
1144 4009 1282 4082 obsitum,
1314 4029 1384 4088 quo,
1416 4011 1487 4072 dum
1568 4079 1569 4088 ,

269 4095 363 4174 pestis
386 4095 497 4156 Romae
524 4102 716 4191 grassaretur,
745 4092 923 4155 Commodus
952 4094 1132 4155 medicorum
1161 4093 1286 4156 oonsilio
1308 4105 1488 4158 secesserat.

270 4179 338 4239 Non
359 4180 480 4240 omnino
502 4179 626 4241 forsitan
647 4179 756 4257 inepte,
786 4178 843 4239 nisi
865 4177 1050 4240 Herodianus
1073 4179 1195 4241 dixisset
1216 4197 1277 4240 non
1298 4178 1350 4254 ibi,
1378 4179 1465 4241 scal
1456 4197 1486 4240 ιιι

271 4261 475 4360 arupbitbentri
501 4265 580 4326 adim
606 4269 723 4344 paratas
750 4263 844 4324 baisse
874 4263 967 4324 eidem
990 4262 1153 4325 Commodo
1181 4263 1313 4326 insidias.
1359 4264 1488 4337 Quidum
1568 4281 1569 4290 ¹

270 4337 369 4428 itaque
392 4349 582 4427 suspicantur
603 4348 711 4411 laurus
733 4347 854 4409 nomine
874 4347 1031 4427 significari
1053 4349 1112 4410 duo
1127 4347 1281 4412 Commodi
1295 4347 1413 4447 palatia,
1434 4349 1485 4410 irr-
1568 4347 1569 4432 ζ

269 4439 317 4493 ter
344 4449 418 4511 quae
447 4431 602 4494 insidiator
624 4451 690 4495 eum
713 4449 870 4511 aggressus
893 4439 948 4494 est
992 4433 1113 4496 Laurus
1135 4433 1254 4514 quippe,
1283 4434 1326 4496 nti
1330 4433 1491 4496 observat
1568 4435 1569 4508 ,

268 4513 390 4588 Plinius,
413 4519 543 4578 r'orrr'trr'a
564 4529 630 4581 erat
653 4519 817 4580 Caesonius
836 4515 922 4590 (Plin.
944 4516 994 4579 lib.
1017 4515 1076 4579 xv.
1099 4518 1174 4580 llist.
1198 4519 1298 4580 Natur.
1321 4535 1383 4616 cap.
1407 4522 1488 4613 303).
1568 4527 1569 4578 l

268 4601 418 4682 Expende,
446 4605 567 4679 qsuesrr,
595 4617 669 4680 quae
696 4619 732 4662 er
760 4601 808 4662 bis
834 4602 932 4664 tribus
951 4603 1193 4681 explicationibus
1216 4603 1268 4664 tibi
1289 4603 1382 4684 magia
1404 4602 1488 4664 arri-
