3082 5238
256 364 323 434 566
345 378 384 422 ns
398 379 472 424 rana
486 377 601 422 serere
615 377 651 428 to
665 377 814 424 eocrnuu
829 375 1014 421 ιιιιιιοιιιιι
1029 375 1236 420 ιιιιτιιιιιιιιι
1251 375 1438 419 nemerim

261 529 413 608 exposita3
429 491 532 590 'multa
560 535 658 590 tamen
686 534 757 588 sunt
784 527 815 588 in
837 527 906 598 isto,
934 526 1062 605 quaein
1084 527 1133 588 bis
1156 544 1293 605 prorsus
1318 545 1377 586 non
1404 540 1484 586 aen

261 622 291 674 et
311 613 441 674 vicissim
463 613 493 674 iu
516 613 573 684 bis,
596 630 671 691 quae
692 613 802 672 frustra
825 611 857 672 in
874 611 1066 690 apologetico
1088 617 1293 688 quaeruntur.
1342 611 1483 686 Quota

258 697 428 778 perspicere
449 696 564 776 plenius
585 696 665 770 velit,
687 714 754 757 eum
776 696 813 756 ad
835 697 1009 758 universum
1029 695 1137 756 libram
1160 695 1374 774 posteriorem
1396 712 1491 756 ren:-
1518 719 1519 776 ι

258 783 359 854 timus,
381 782 461 861 quod
482 789 617 842 versatur
637 781 669 844 iu
691 780 885 860 explodendis
908 779 1060 860 gentilium
1083 779 1158 850 diis3
1182 779 1249 852 ubi,
1274 779 1306 840 si
1320 781 1479 840 oisoesse·
1518 783 1519 810 ι

259 867 295 928 ab
329 866 439 932 ultimis
473 865 542 926 libri
574 864 769 938 sectionibus,
801 863 876 926 nihil
897 864 1040 944 reperies,
1074 863 1155 942 quod
1181 863 1282 925 sitin
1306 865 1482 944 Apologus

137 960 138 963 ’
257 957 423 1012 tractatum.

795 1035 825 1108 ἦ.
849 1032 949 1094 XVlll.

315 1141 409 1212 'Stat
434 1151 507 1212 mihi
537 1151 638 1212 eadem
668 1150 814 1211 sententia
843 1150 879 1210 de
908 1169 944 1210 en
973 1147 1083 1220 libeNo,
1114 1167 1204 1228 quem
1229 1147 1484 1210 Tertulliennsd

257 1233 442 1296 Testimonio
469 1235 589 1295 Animae
620 1234 808 1313 conscripsit
853 1234 938 1295 llunc
968 1234 1105 1312 equidem
1133 1235 1196 1293 nori
1226 1251 1313 1312 nego
1350 1235 1488 1312 aequales.

259 1337 327 1381 esse
349 1318 432 1380 libris
456 1319 491 1380 ad
514 1318 667 1390 Nationes,
691 1318 744 1378 sed
767 1318 880 1392 dubito,
904 1337 941 1378 an
964 1324 1044 1378 recte
1067 1316 1102 1377 ab
1124 1317 1317 1378 llollmanno
1352 1319 1430 1392 (locs
1456 1339 1489 1375 ιτ.

256 1421 287 1483 p.
311 1406 375 1480 34.)
398 1403 511 1465 dicatur
532 1403 621 1464 altera
645 1403 729 1482 quasi
751 1421 822 1482 pars
845 1419 913 1464 esse
935 1400 1149 1473 commentarii,
1171 1419 1268 1479 quem
1294 1402 1328 1462 in
1351 1403 1486 1482 apere-ge-

257 1487 348 1549 ticum
370 1488 569 1549 Tertullianus
598 1485 733 1559 ediderit,
762 1505 828 1548 cum
855 1487 924 1547 libri
947 1487 982 1547 a'd
1005 1485 1146 1546 Nationes
1167 1485 1313 1564 priorem
1340 1487 1475 1547 effereris

257 1571 389 1651 Namque
410 1571 466 1633 ista
488 1571 576 1632 uerba
597 1570 778 1650 Apologetici
801 1575 934 1648 (c.17.):
961 1569 1055 1632 Vultis
1078 1588 1116 1632 ec
1136 1574 1260 1631 euimee
1289 1575 1394 1650 ipsius
1414 1585 1487 1632 tes*-

256 1661 357 1718 mouio
392 1654 644 1737 comprobemus?
677 1673 751 1734 quae
784 1673 887 1716 ansam
916 1655 1094 1715 Hollmanno
1124 1653 1163 1713 ita
1192 1655 1360 1714 sentiendi
1384 1655 1480 1715 dedo

255 1759 316 1801 non
339 1741 380 1801 ite
402 1749 568 1820 comparata
590 1739 727 1800 videntur
747 1739 830 1812 mibi,
859 1747 892 1799 ut
919 1739 1039 1818 possint
1060 1737 1186 1798 lectores
1211 1757 1330 1800 omnes
1355 1740 1393 1799 ad
1414 1741 1484 1798 huss

258 1824 409 1902 opinionis
432 1825 584 1886 veritatem
607 1824 826 1903 agnoscendam
847 1823 1008 1894 adducere,
1032 1841 1099 1882 cum
1122 1822 1229 1882 eodem
1255 1823 1314 1883 illo
1339 1823 1409 1884 loro
1421 1824 1485 1882 Ter-

255 1907 395 1970 tullianus
418 1916 448 1970 et
469 1910 672 1970 demonstrare
694 1927 727 1968 sc
748 1927 841 1986 posse
862 1927 954 1969 unum
977 1907 1064 1967 deum
1087 1925 1123 1967 ex
1145 1906 1209 1966 eius
1234 1907 1395 1985 operibus
1409 1908 1474 1967 dms

255 1993 292 2055 rle
322 2012 377 2072 qua
405 2011 438 2054 re
468 2002 566 2054 tomen
590 2011 736 2072 nusquam
758 2012 826 2053 eum
848 1991 969 2052 memini
991 2009 1027 2052 ex
1049 1991 1185 2051 instituto
1208 1991 1382 2070 disputare
1405 1992 1484 2051 salsi:

255 2078 286 2137 in
309 2073 384 2138 libro
406 2077 466 2149 tali,
495 2077 545 2156 qui
568 2078 608 2137 sit
629 2078 734 2138 eodem
757 2085 893 2155 tempore
916 2095 981 2137 cum
1005 2075 1195 2154 apologeticis
1220 2076 1380 2154 scriptus.
1422 2077 1481 2135 ie:-

256 2161 315 2221 tias
345 2161 423 2221 hunc
449 2161 556 2221 librum
578 2160 768 2240 Apologetico
798 2161 948 2239 aequalem
971 2178 1038 2220 esse
1061 2159 1148 2220 verba
1170 2158 1285 2220 decent
1310 2179 1361 2232 ea,
1393 2161 1482 2240 quibs

244 2244 286 2304 'in
318 2244 449 2305 sectione
483 2244 584 2322 quinta
615 2247 656 2322 (p.
680 2247 743 2322 84.)
772 2245 865 2306 utitur
892 2243 1109 2304 Tertullianus:
1145 2243 1278 2304 Diuinae
1306 2251 1474 2324 scripture

256 2347 330 2408 quoe
349 2346 442 2408 penes
464 2347 520 2389 uos
543 2327 591 2390 ael
612 2327 740 2391 ludaeos
763 2341 844 2402 sunt,
867 2330 963 2390 ruulto
986 2328 1192 2390 soecularibus
1215 2327 1340 2390 litteras
1356 2349 1480 2390 nonas

257 2413 322 2473 dico
352 2423 470 2473 tentiam
497 2421 594 2473 oetute
622 2412 728 2509 eliqua
752 2415 939 2482 antecedunt,
966 2423 1001 2474 ut
1024 2411 1088 2474 loco
1112 2431 1167 2473 suo
1190 2413 1389 2474 edocuimus.
1433 2413 1475 2472 lla

254 2513 325 2556 vero
354 2494 473 2556 ubinam
503 2483 610 2568 docuit,
640 2495 697 2558 nisi
720 2498 750 2557 in
772 2497 964 2576 Apologetico
987 2499 1062 2574 (cap.
1089 2498 1127 2560 18
1149 2493 1251 2574 sqq.)?
1300 2497 1409 2569 Quem
1430 2517 1479 2556 ιιι

255 2581 311 2640 sub
332 2577 449 2641 initium
472 2599 498 2641 a.
522 2579 655 2653 CXCIX.
679 2599 731 2642 eos
753 2599 825 2641 vero
847 2582 883 2641 ad
905 2581 1045 2642 Nationes
1067 2580 1155 2660 paulo
1177 2589 1247 2658 post
1270 2594 1479 2660 composuere.

254 2683 331 2726 atino
354 2664 413 2725 isto
435 2683 528 2742 paene
550 2665 665 2746 expleto
688 2674 822 2726 nostrum
844 2665 974 2726 libellum
997 2665 1126 2726 edidisse
1148 2665 1324 2724 censendus
1342 2675 1403 2726 est.
1433 2665 1478 2724 Ne-

254 2767 311 2830 que
333 2749 362 2810 id
386 2749 525 2810 abhorret
555 2749 590 2810 ab
620 2769 666 2823 eo,
700 2749 778 2827 quod
802 2749 857 2809 sibi
880 2749 910 2808 in
932 2748 1030 2809 libello
1053 2747 1253 2809 Tertullianus
1278 2751 1479 2829 exequendum

254 2834 371 2908 sumsit,
400 2843 435 2894 ut
456 2833 568 2895 eematb'
581 2845 855 2916 persecutoresque
879 2833 1124 2895 Christianorum
1146 2837 1287 2894 veritatis
1312 2845 1347 2895 et
1371 2839 1477 2896 errem

252 2921 285 2978 iu
314 2939 346 2980 se
373 2929 403 2978 et
429 2921 597 2999 iniquitatis
626 2921 659 2979 in
688 2937 738 2980 eos
767 2922 999 2980 revincerentur
1028 2919 1065 2990 (c.
1092 2920 1119 2979 ι.
1142 2933 1172 2996 p.
1197 2917 1238 2979 80
1249 2921 1311 2994 d).
1370 2919 1477 2979 Sedis

253 3000 340 3064 alium
371 3021 496 3081 eumque
524 3000 721 3078 posteriorem
750 3019 796 3072 eo,
825 3020 912 3080 quem
942 3001 1080 3074 diximus,
1122 3018 1230 3061 anonim
1259 3003 1478 3064 coniicieodun
1506 3050 1511 3059 .

253 3085 331 3158 barne
357 3086 463 3146 librum
494 3105 552 3146 non
581 3094 687 3164 puto..
708 3085 825 3145 Etenim
853 3093 1015 3164 praeterea,
1044 3086 1123 3180 quod
1151 3085 1229 3145 nulla
1257 3086 1289 3145 in
1321 3087 1390 3148 isto
1413 3088 1477 3147 libr·
1506 3116 1514 3253 q

253 3170 426 3246 significatio
450 3169 638 3232 Mentanismi
661 3177 809 3249 appareat,
833 3169 909 3230 haud
933 3170 1031 3248 inepte
1053 3169 1119 3248 quis
1142 3168 1258 3241 dixerit,
1288 3170 1377 3233 bunc
1399 3171 1477 3232 relna'

252 3253 443 3331 appendicem
466 3273 534 3315 esse
554 3254 745 3334 Apologetico
767 3253 910 3333 librisque
932 3255 968 3314 ad
989 3253 1130 3314 Nationes
1152 3253 1316 3326 adiectum,
1343 3257 1478 3334 quonian

253 3333 283 3395 in
313 3355 348 3396 eo
378 3335 524 3414 disputata
554 3343 601 3398 est
627 3337 726 3416 paullo
754 3337 879 3420 amplius
902 3338 1034 3399 doctrina
1063 3337 1230 3398 christiana.
1275 3337 1390 3418 Neque
1412 3341 1477 3401 nllus

253 3419 317 3478 eius
346 3421 462 3496 generis
489 3420 564 3482 liber
592 3421 732 3483 adversus
753 3423 887 3502 ineptum
910 3422 1033 3483 deornm
1057 3421 1166 3482 cultum
1188 3429 1234 3482 est
1255 3441 1272 3482 a
1297 3421 1477 3486 Tertullum

252 3503 447 3600 compositus,
468 3504 530 3582 qui
562 3513 667 3584 posset
698 3505 747 3565 alii
780 3505 907 3586 tempori
935 3506 1085 3578 vindicari,
1108 3525 1196 3584 quam
1216 3506 1296 3578 huic,
1334 3527 1402 3588 quo
1424 3511 1476 3606 ipss

250 3587 418 3650 violentia
411 3605 440 3648 tn
457 3571 641 3650 Christianos
664 3589 834 3668 requirebat
853 3591 1137 3652 demonstrationem
1160 3609 1293 3652 summae
1318 3593 1478 3655 iniustitiae

250 3674 427 3754 conspicuae
449 3672 479 3734 in
502 3673 715 3753 superstitione
736 3676 817 3736 ierro
838 3675 1024 3754 flammisque
1046 3673 1243 3754 propaganda.

764 3875 900 3939 SECTIO
924 3875 959 3938 ΙΙ.

285 4011 322 4054 ιι
345 4011 439 4055 creare
463 4011 669 4068 ιιιιιιιιιιιιι,
693 4011 812 4062 oeneus
834 4013 873 4056 ar
895 4011 987 4055 aeras
1009 4013 1047 4054 nr
1070 4009 1277 4056 uonrnmsrnrs
1301 4013 1455 4060 coneris.

794 4283 824 4358 i·
846 4277 923 4340 xlx.
1019 4353 1022 4358 .

319 4391 353 4454 ln
366 4395 518 4471 superiore
528 4396 738 4494 disputationis
750 4405 834 4477 parte
846 4396 919 4457 satis
934 4396 1099 4474 expositum
1113 4414 1181 4458 esse
1193 4403 1333 4476 putamus
1345 4397 1386 4461 de
1396 4400 1473 4462 libris

250 4477 298 4550 iis,
321 4493 448 4554 quorum
470 4487 551 4542 aetas
573 4488 602 4542 et
622 4482 736 4560 puritas
759 4481 910 4542 doctrinae
932 4488 1013 4542 certo
1035 4480 1162 4558 quodam
1184 4479 1274 4542 modo
1291 4482 1373 4544 ellici
1388 4503 1472 4563 posse

248 4560 412 4676 videbatur.
455 4561 540 4624 Nunc
561 4565 694 4643 sequitur
716 4565 790 4626 alter
811 4566 913 4638 locus,
947 4563 995 4644 qui
1022 4564 1213 4656 pertractabit
1241 4583 1312 4639 eos,
1346 4587 1471 4646 quemn
