3020 5230
439 405 574 450 lucrosa
596 409 637 452 to.
662 409 732 453 stc.
748 409 871 455 sartan.
1200 402 1263 466 ota

33 564 128 633 atque
154 553 292 616 ridentur
319 553 393 616 satis
415 555 580 618 mediocres
603 557 696 620 luisse
718 559 905 639 scriptiones,
935 561 1042 639 quibus
1065 564 1101 625 ad
1123 577 1262 646 posteros

31 638 274 714 transmittendis
301 645 360 698 tam
388 656 491 717 parum
513 641 603 702 studii
624 641 679 703 fuit
701 641 877 722 impensum.
922 645 981 705 Cur
1001 647 1090 725 igitur
1111 650 1181 712 dicit
1202 653 1261 714 Pa·

32 721 144 782 melius
167 721 378 784 Tertullianum
401 724 464 783 lere
486 723 523 784 ad
544 724 666 786 verbum
687 725 796 789 imitari
818 727 939 788 solitum
960 729 1086 792 istorum
1108 742 1260 796 auctorum

31 804 174 883 scripta?
216 805 277 866 Nos
304 805 405 885 potius
434 825 539 884 parum
571 809 724 886 probabile
751 818 888 889 putamus
915 812 990 875 istos
1018 815 1177 894 scriptores
1206 819 1260 880 de-

30 888 150 966 signari
178 907 195 949 a
223 897 339 960 nostro,
367 889 418 968 qui
440 899 540 951 narrat
561 891 598 952 dc
620 893 742 954 eruditis
765 895 847 968 vitis,
876 896 926 974 qui
949 896 993 956 sic
1014 899 1185 978 collegerint
1206 902 1260 964 de·

30 981 120 1033 creta
151 981 181 1032 et
214 973 374 1034 sententias
407 993 442 1033 ex
470 974 555 1035 libris
578 993 751 1053 graecorum
773 978 1021 1057 pbilosophorum
1044 989 1074 1042 et
1094 990 1259 1061 poetarum,

31 1065 70 1116 nt
93 1056 277 1118 ostenderint
297 1056 549 1118 christianismum
571 1057 643 1120 nibil
664 1060 732 1122 novi
754 1061 917 1124 continere.
951 1064 1112 1133 Conlictum
1135 1076 1183 1128 est
1202 1069 1261 1131 boc

30 1148 244 1218 argumentum
265 1141 446 1214 universum,
476 1141 705 1204 declamatorum
727 1163 827 1217 more3
855 1147 915 1207 nisi
936 1157 1073 1227 putamus
1095 1150 1183 1213 buius
1205 1171 1260 1230 ge·
1323 1163 1328 1174 ’

31 1224 134 1288 neris.
149 1224 321 1302 scriptores,
350 1233 408 1284 tam
435 1225 585 1304 antiquos,
613 1235 672 1288 tam
697 1227 867 1306 irugiieros,
896 1231 970 1292 adeo
999 1231 1139 1294 oblivioni
1161 1235 1262 1297 statim

32 1307 173 1368 addictos
196 1307 289 1368 luisse
309 1308 519 1386 neglectasque
541 1319 572 1370 et
593 1309 761 1388 deperditos
777 1313 909 1387 omnino,
932 1323 964 1374 ut
978 1334 1016 1376 ne
1030 1316 1175 1379 Eusebius
1191 1320 1260 1398 qui-

31 1391 107 1450 dem
135 1391 292 1469 vestigium
321 1392 367 1452 vel
388 1399 489 1452 notam
512 1393 611 1454 talium
635 1395 813 1473 scriptorum
834 1398 967 1476 reperire
988 1401 1128 1477 potuerit,
1157 1403 1261 1481 quiin

32 1475 98 1534 isto
123 1492 213 1552 opere
235 1475 271 1535 de
293 1475 521 1554 Praeparatione
544 1477 715 1558 Evangelica
736 1479 766 1541 id
788 1482 909 1542 omnino
932 1483 1000 1560 egit,
1023 1484 1102 1562 quod
1124 1485 1259 1548 bicTer·

35 1557 178 1618 tullianus
211 1559 281 1619 dicit
308 1577 363 1620 suo
392 1559 450 1642 iam
477 1567 611 1638 tempore
634 1563 778 1640 quosdam
800 1563 975 1626 instituisse.
1019 1566 1167 1629 Eusebius
1189 1587 1259 1631 vero
1365 1591 1372 1604 ·

34 1641 111 1701 nibil
133 1641 288 1721 quicquam
311 1642 375 1704 aius
397 1643 440 1704 rei
462 1643 580 1718 didicit3
601 1663 657 1706 nec
671 1645 867 1725 Hieronymus
882 1648 991 1727 aliquid
1006 1652 1138 1729 reperire
1152 1653 1260 1732 potnit.

32 1725 188 1786 Audemus
210 1727 300 1804 igitur
321 1734 451 1788 statuere
473 1728 650 1806 scriptorem
673 1729 739 1790 talia
762 1730 838 1792 ultro
862 1732 1051 1806 confinxisse,
1074 1753 1110 1795 ex
1132 1754 1188 1796 suo
1210 1737 1259 1798 in·

33 1809 126 1886 genio
148 1827 211 1870 rem
233 1809 310 1870 illam
333 1810 515 1872 arbitratum.
546 1812 667 1873 Pamebi
689 1815 866 1876 sententiam
887 1815 933 1876 vel
954 1817 1023 1878 illud
1039 1819 1158 1881 evertit:
1177 1820 1259 1880 Ter-

6 1927 7 1936 .
35 1891 175 1952 tullianus
198 1893 317 1967 Romae,
342 1894 516 1972 Carthagine
538 1903 582 1955 tot
603 1897 781 1974 scriptorum
803 1898 929 1972 libellos,
959 1901 1008 1979 qui
1030 1901 1108 1963 inter
1129 1902 1259 1966 Graecos

34 1975 113 2036 satis
135 1977 240 2037 remoti
263 1977 298 2037 ab
320 1977 385 2040 istis
408 1978 532 2040 urbibus
554 1980 699 2053 vivebant,
721 1983 853 2044 nancisci
875 2001 935 2044 non
957 1985 1062 2062 potuit.
1108 1985 1181 2058 Quis
1204 2005 1259 2048 au-

34 2071 98 2120 tern
121 2060 186 2120 sine
208 2061 304 2122 taedio
327 2069 357 2122 et
377 2063 529 2123 stomacho
545 2063 622 2142 legat
636 2065 724 2125 istam
738 2065 993 2128 declamationem:
1016 2069 1171 2141 leonatus,
1196 2089 1260 2132 om·
1348 2140 1351 2148 ,

34 2148 124 2204 at'am
151 2146 361 2206 doctrinarum
390 2151 615 2209 curiosissimus
644 2148 849 2229 explorator?
884 2150 946 2210 Nos
981 2159 1060 2212 certe
1094 2153 1259 2227 statuimus,

6 2271 7 2284 .
35 2229 96 2288 boc
119 2229 285 2289 encomium
308 2237 443 2290 monstro
466 2249 525 2290 aon
549 2249 658 2292 carere.
692 2231 732 2292 Ea
755 2251 829 2312 quac
850 2233 938 2296 nobis
961 2243 1122 2314 supersunt
1134 2237 1260 2312 benaci,

33 2312 169 2389 prolecto
192 2312 323 2372 bominis
351 2314 499 2391 ingenium
521 2315 631 2376 humile
653 2323 683 2376 et
703 2334 808 2395 parum
831 2319 976 2379 excultum
997 2337 1068 2396 prae
1090 2337 1123 2380 se
1145 2321 1260 2396 lerunt;

34 2397 96 2455 ista
116 2413 185 2456 vero
202 2395 374 2458 Tertulliani
396 2398 494 2458 nostri
514 2398 632 2478 scripta,
656 2400 701 2461 sic
723 2409 840 2478 turgent
861 2421 959 2464 rerum
982 2403 1043 2463 lere
1059 2403 1191 2464 omnium
1206 2423 1259 2465 co·

32 2480 85 2557 pia
112 2487 141 2539 et
163 2481 315 2560 ¹varietate,
345 2488 378 2540 ut
406 2481 437 2540 in
464 2482 561 2560 ipsum
584 2482 641 2544 boe
662 2485 787 2545 maxime
809 2486 963 2546 conveniat
984 2486 1062 2548 bunc
1084 2486 1260 2564 scriptorem

33 2563 244 2640 iddiligenter
265 2563 372 2641 egisse,
397 2572 429 2626 ut
451 2570 583 2626 amariam
604 2567 815 2629 doctrinarum
838 2563 1061 2630 curiosissimus
1077 2571 1261 2649 eaplorotor

32 2647 206 2708 videretur:-
241 2647 350 2708 Unicus
366 2648 503 2711 Clemens
519 2648 733 2710 Alexandrinus
756 2651 819 2711 eius
842 2651 960 2728 generis
984 2653 1160 2730 scriptiones
1179 2671 1258 2712 con-

32 2731 114 2802 lecit,
138 2739 176 2801 et,
199 2730 223 2792 si
247 2731 344 2792 minus
367 2731 461 2792 serari
484 2749 598 2804 sumus,
621 2732 751 2794 lustinus
773 2732 830 2804 ille,
843 2733 925 2793 latini
941 2735 1070 2796 nominis
1086 2735 1259 2812 scriptores.

34 2813 208 2876 Videbimus
230 2823 328 2876 autem
349 2814 437 2894 paulo
459 2823 539 2894 post,
563 2815 708 2892 siquidem
736 2825 852 2894 tompus
876 2816 963 2876 nobis
984 2834 1044 2877 non
1060 2817 1146 2890 desit,
1169 2817 1260 2878 multa

33 2897 208 2959 Tertulliani
231 2897 320 2959 latine
343 2897 442 2970 scribi,
466 2917 539 2975 quae
563 2917 666 2976 graece
688 2899 825 2978 leguntur
848 2899 878 2960 in
900 2899 959 2960 isto
981 2899 1115 2971 irenaeo,
1137 2899 1168 2960 in
1190 2900 1258 2962 Cle·
1291 2925 1292 2928 ¹

34 2989 137 3043 mente
164 3000 233 3042 vero
262 2982 405 3060 quaedam
434 2991 532 3042 entare
554 3000 628 3060 quae
651 2993 720 3044 sunt
741 2985 828 3043 etiam
852 2983 882 3042 in
904 2983 1037 3044 Irenaeo.
1080 2983 1169 3044 Forte
1191 2993 1257 3045 tan-

34 3068 105 3126 dem
128 3065 236 3143 aliquid
258 3065 331 3126 lucis
353 3064 490 3143 colligere
511 3065 589 3136 licet,
611 3075 681 3144 post
703 3075 761 3127 tam
782 3066 862 3144 longi
885 3067 1028 3143 temporis
1051 3067 1200 3142 tenebras,
1223 3086 1259 3128 er

31 3168 94 3211 rtrra
116 3157 203 3228 atque
225 3150 327 3210 eadem
349 3149 463 3210 ollioina
486 3149 603 3228 quidam
626 3149 694 3210 libri
716 3151 852 3210 videntur
866 3149 1024 3228 prodiisse,
1049 3169 1124 3229 quos
1141 3149 1258 3212 studio-

33 3233 162 3306 sissime
181 3233 315 3294 solebant
336 3232 423 3293 variis
447 3240 477 3292 et
498 3233 621 3294 diversis
644 3234 839 3313 scriptoribus
863 3233 1003 3295 dividere.
1047 3234 1260 3312 Antiquissima

34 3317 91 3378 luit
123 3317 195 3378 baec
228 3317 355 3377 societas
389 3325 419 3377 et
445 3317 579 3396 impensa
607 3317 669 3378 sive
698 3319 734 3378 ab
756 3337 817 3378 uno
840 3318 901 3378 sive
922 3336 939 3378 a
961 3317 1077 3378 duobus
1099 3318 1258 3396 diligentia,

34 3419 112 3479 rpnae
140 3419 206 3462 eum
228 3401 360 3461 Romana
388 3401 517 3462 illatam
539 3419 642 3480 graeca
664 3420 752 3480 quam
773 3401 861 3464 latina
884 3400 1024 3462 societate
1046 3419 1122 3463 nova
1144 3403 1261 3464 videtur

35 3485 82 3545 sic
109 3485 283 3558 cohaerere,
313 3493 346 3544 ut
375 3486 522 3547 communi
552 3485 677 3547 consilio
706 3505 827 3566 operam
856 3485 1000 3546 dederint.
1043 3485 1260 3570 illustrabimns

34 3573 136 3628 autem
157 3569 244 3629 istam
266 3569 450 3631 sedulitatem
473 3569 601 3647 ineptam
625 3570 809 3649 quorundam
832 3570 996 3642 bominum,
1020 3571 1070 3648 qui
1093 3588 1128 3629 ex
1149 3569 1259 3630 veteri-

35 3653 93 3712 bus
122 3671 213 3713 novas
243 3653 421 3730 scriptiones
449 3653 607 3730 compilare
636 3654 787 3725 solebant,
816 3653 965 3712 luculento
993 3653 1147 3730 ertamplo¹¹
1174 3651 1260 3710 istius

36 3735 105 3796 libri
128 3754 215 3813 quem
238 3743 340 3794 contra
362 3735 487 3795 ludaeos
510 3734 708 3798 Tertullianus
733 3735 890 3813 scripsisse
914 3735 1074 3795 dicebatur.

602 3917 703 3991 §.xl
781 3943 785 3957 ·

227 4029 371 4096 compilatio
391 4029 445 4082 libri
465 4040 548 4083 contra
566 4031 669 4082 ludaeos
688 4045 715 4081 er
734 4031 802 4080 libris
822 4041 903 4082 contra
922 4031 1075 4081 Marcionem.

125 4146 236 4218 Oculis,
259 4155 291 4207 ut
313 4145 369 4208 dici
392 4147 477 4220 solet,
499 4147 598 4208 ridere
620 4147 688 4208 licet
708 4147 796 4208 istam
812 4147 995 4209 sedulitatem
1011 4147 1259 4225 atque-impostu-

6 4229 7 4310 ᾖ
39 4251 103 4294 ram
125 4229 266 4304 hominis,
289 4231 339 4310 qui
361 4230 460 4310 plures
482 4230 575 4292 libros
587 4231 760 4292 Tertulliani
782 4232 927 4292 conficere
949 4227 1074 4302 volebat,
1098 4231 1123 4291 si
1139 4249 1260 4312 compa·

6 4425 7 4428 ,
75 4400 98 4434 n.
123 4383 180 4432 Eam
206 4383 229 4432 in
253 4395 304 4431 retu
330 4383 402 4432 etiam
427 4382 531 4433 canlerri
556 4381 626 4433 laeile
678 4391 727 4444 tam
752 4389 905 4444 spactamas;
930 4381 1002 4442 longo
1027 4381 1110 4430 ordina
1134 4381 1261 4432 verborum

40 4458 143 4516 possunt
168 4449 221 4500 libri
241 4448 382 4498 Tertulliani
405 4450 518 4499 adversus
541 4450 624 4499 Natio·
677 4456 700 4498 ct
717 4463 798 4498 rerum
816 4448 1026 4510 serioscoarenit;
1045 4448 1193 4498 aliotantom
1206 4449 1260 4498 loco

42 4533 85 4568 nes
109 4531 162 4568 cam
181 4517 344 4581 lpologetico.
382 4517 446 4566 Unus
471 4518 569 4567 omnino
588 4525 625 4566 est
676 4523 778 4580 atraque
802 4509 900 4580 scriptio
926 4515 1020 4565 exltibet
1043 4516 1139 4566 easdem
1162 4523 1261 4566 santea-

43 4585 113 4646 ltbar,
131 4586 152 4635 si
171 4585 298 4636 consilium
317 4583 443 4648 scriptoris
462 4591 485 4634 at
499 4597 627 4647 argaman·
679 4583 732 4632 tias.
