3020 5230
445 394 580 438 sacroue
602 395 644 440 ro.
667 394 729 438 ssu.
752 394 876 439 semen.
1178 423 1180 428 -
1211 383 1273 446 set

45 544 210 608 attentione
230 550 335 606 nostra
356 543 478 621 dignum
501 551 557 604 est.
601 543 655 606 llio
676 545 754 606 idem
771 545 981 620 Tertullianus,
1005 547 1055 625 qui
1076 547 1143 609 alibi
1166 549 1273 612 adver-

46 649 101 692 sus
123 629 180 690 hos
203 627 326 688 eosdem
348 627 570 688 Valentinianos
593 627 727 702 scribit⁸,
755 629 898 707 allegabat
925 630 967 691 ibi
995 649 1062 692 cum
1092 632 1205 698 lustina
1244 643 1275 697 et

47 713 175 774 bliltiade
197 712 276 772 hunc
297 712 395 790 ipsum
415 710 580 785 Irenaeum,
603 713 765 791 scriptores
786 712 906 786 scilicet,
929 715 980 792 qui
1002 715 1143 776 adversus
1166 718 1273 780 baere-

49 796 181 857 siarchas
218 795 294 858 istos
331 796 430 856 statim
466 813 564 856 veram
601 795 765 858 doctrinam
792 797 987 858 defenderint.
1037 799 1100 860 lam
1126 818 1198 860 vero
1226 802 1275 864 hic

48 881 127 942 idem
149 879 288 940 Irenaeus
309 877 386 940 hanc
408 879 532 940 eandem
554 879 694 940 Iohannis
727 881 902 942 sententiam
925 881 1083 960 aliquoties
1098 883 1149 948 ¹sic
1171 883 1277 963 allegat

48 965 90 1025 in·
101 963 254 1042 singulari,
277 963 314 1024 de
329 961 458 1035 Christo,
482 963 558 1026 sicut
572 963 770 1026 Tertullianus
792 965 854 1026 vult
874 965 938 1026 sine
960 967 1152 1045 corruptione
1166 967 1285 1030 lectum

48 1049 159 1120 luisse:
182 1065 238 1108 neo
259 1046 443 1108 tamenhauc
456 1047 571 1108 lrenaei
592 1047 796 1109 auctoritatem
823 1045 883 1110 hoc
903 1049 969 1110 loco
981 1049 1193 1112 Valentinianis
1217 1070 1274 1131 op-

49 1131 144 1210 ponit,
178 1147 234 1208 qna
263 1129 398 1190 facillime
425 1131 514 1191 iidem
542 1132 760 1208 quodammodo
789 1135 884 1194 lacere
912 1134 1061 1211 potuisset
1082 1135 1273 1208 accusationi,
1301 1177 1304 1182 -

46 1233 107 1292 qua
135 1209 354 1274 Valentinianos
382 1221 529 1291 tamquam
552 1214 767 1276 adulteratores
790 1216 932 1294 evangelii
965 1219 1083 1297 premit.
1143 1219 1277 1280 Primum

44 1297 139 1376 igitur
159 1296 300 1358 lrenaeus
323 1296 366 1357 sic
388 1296 526 1357 scribier:
552 1297 688 1360 Ceterum
706 1309 853 1378 potuerat
876 1301 973 1360 dicere
992 1301 1181 1364 Matthaeus:
1205 1302 1276 1364 lesu

49 1399 124 1443 uero
152 1383 306 1458 generatio
335 1383 378 1442 sic
406 1393 473 1444 erat
501 1380 627 1454 (omisso
649 1381 741 1444 altero
769 1381 889 1444 nomine
911 1383 1042 1458 Christi),
1080 1386 1132 1446 sed
1148 1390 1276 1464 praeui-

50 1467 124 1526 deas
147 1467 275 1542 spiritus
299 1475 423 1526 sauctus
448 1465 667 1544 depravatores
690 1463 765 1538 (scil.
789 1483 908 1536 sensus,
932 1467 982 1544 qui
1004 1467 1153 1528 Christum
1175 1468 1276 1530 alesu

48 1547 258 1626 distinguunt),
294 1556 323 1608 et
348 1551 564 1626 praemuniens
593 1559 700 1610 contra
727 1549 969 1626 fraudulentiam
990 1546 1096 1612 eorum
1114 1569 1173 1629 per
1196 1551 1277 1612 Mat-

50 1633 171 1693 tboeum
198 1634 257 1693 ait:
297 1631 413 1694 Cbm'str'
437 1642 539 1693 autem
564 1637 719 1710 generatio
747 1637 791 1694 sie
818 1645 901 1705 erat:
939 1642 969 1695 ει
995 1639 1136 1713 quour'am
1162 1635 1209 1696 lu’a
1230 1644 1279 1708 εει

50 1715 237 1785 Emmanuel,
261 1733 299 1776 ue
319 1717 405 1793 [orte
426 1725 545 1778 tautum
572 1734 639 1776 eum
667 1716 813 1778 homiuem
839 1719 1018 1795 putaremus
1041 1720 1116 1792 (uou
1137 1721 1217 1778 euim
1238 1737 1277 1780 em

48 1799 209 1861 collemate
231 1803 343 1868 caruis,
366 1817 420 1860 uec
442 1817 480 1860 ecc
501 1799 659 1862 uoluntate
680 1805 749 1871 ciri,
773 1802 826 1862 sed
843 1819 881 1861 eu
903 1800 1060 1864 uoluntate
1074 1801 1133 1862 Dei
1152 1803 1277 1864 verbum

51 1901 126 1944 caro
148 1884 351 1960 factumest),
388 1901 482 1962 cepae
509 1883 602 1944 aluam
629 1884 744 1962 quidem
767 1883 874 1954 Iesum,
902 1885 1034 1947 alterum
1065 1895 1166 1946 autem
1188 1886 1278 1947 Chri-

50 1977 133 2028 stum
155 1970 382 2046 suspicaremur
401 1967 514 2043 [uissm
544 1968 596 2029 sed
621 1986 717 2029 uuum
738 1978 768 2028 ει
789 1969 915 2030 eundem
937 1971 1082 2030 sciremus
1105 1987 1179 2030 esse.
1222 1968 1278 2030 llic

50 2051 163 2110 clarum
186 2057 241 2122 ost,
263 2049 417 2110 lrenaeum
438 2050 563 2129 primam
584 2059 698 2129 partem
721 2052 874 2112 commatis
900 2054 947 2116 13.
976 2051 1120 2130 allegare:
1143 2057 1196 2133 pur·
1215 2071 1279 2115 uam

50 2133 309 2213 exsanguinibus
332 2134 419 2208 (halec
439 2141 552 2212 partem
575 2135 705 2210 omittit),
733 2155 827 2216 uepue
848 2155 888 2197 ea:
919 2135 1076 2198 uoluntate
1098 2141 1201 2198 earnis
1224 2153 1279 2198 uer

47 2217 361 2280 recalcitravere.
405 2217 505 2295 ltaque
537 2218 593 2278 etsi
620 2219 668 2280 blo
696 2219 805 2280 omittit
833 2220 1010 2282 sententiam
1041 2222 1130 2282 hanc:
1167 2221 1220 2282 sed
1241 2237 1279 2281 es:

51 2303 116 2364 Deo
139 2312 229 2363 uatus
252 2313 307 2374 εει,
331 2309 443 2362 certum
468 2311 564 2362 tamen
587 2311 642 2378 est,
664 2303 732 2382 quia
753 2303 848 2382 iungit
862 2305 934 2366 illud
952 2323 988 2366 ex
1009 2322 1100 2366 versu
1127 2308 1181 2367 14:
1206 2321 1279 2364 ver-

51 2389 122 2448 bum
151 2403 223 2446 caro
250 2387 442 2463 factumest,
479 2386 632 2448 irenaeum
661 2387 731 2448 illud
764 2393 832 2451 uati
857 2399 930 2450 suut
957 2407 1017 2448 reon
1046 2387 1083 2448 de
1109 2387 1279 2448 hominibus

50 2469 103 2548 qui
124 2469 248 2530 credunt
269 2469 462 2542 intellexisse,
486 2471 539 2530 sed
561 2471 597 2532 de
620 2471 749 2542 Christo,
772 2473 802 2532 in
825 2472 966 2550 singulari
994 2472 1101 2550 igitur,
1125 2480 1212 2550 atque
1235 2471 1279 2531 sic

47 2561 149 2616 totum
170 2571 288 2614 versum
314 2556 362 2617 13.
386 2554 574 2616 transtulisse
595 2555 632 2614 ad
655 2554 820 2628 Christum,
849 2556 927 2633 quod
951 2557 1047 2616 lacere
1069 2573 1130 2614 non
1151 2561 1277 2632 poterat,

52 2639 80 2698 si
103 2636 132 2696 in
154 2635 259 2714 plurali
281 2635 420 2698 Irenaeus
454 2655 583 2717 unquam
610 2637 709 2714 legere
738 2646 825 2716 atquc
846 2637 1010 2716 intelligere
1031 2637 1280 2714 interpretemque

48 2718 273 2781 solebat:'reati
293 2731 374 2782 suut.
412 2719 491 2781 hlter
513 2727 611 2780 autem
632 2721 874 2786 locuslrenaei²:
899 2724 1050 2798 cognoscit
1071 2730 1170 2780 aretem
1193 2719 1280 2779 illum

51 2810 89 2874 is,
114 2808 280 2884 cur'pater,
309 2808 362 2885 qui
388 2815 433 2866 est
460 2809 493 2864 iu
514 2805 614 2879 coelis,
643 2805 799 2876 revelavit,
828 2814 862 2865 ut
891 2804 1049 2882 intelligat,
1081 2807 1222 2882 preculam
1243 2805 1278 2872 is,

51 2891 107 2969 qui
132 2907 195 2950 ocu
223 2907 261 2949 eu
288 2888 444 2950 uoluntate
472 2891 584 2958 caruis,
622 2907 715 2968 repete
747 2907 785 2950 eo
821 2887 978 2949 volumtate
1015 2889 1079 2946 oiri
1104 2895 1195 2945 uatus
1226 2895 1278 2958 est,

50 2973 138 3052 filius
162 2971 300 3046 bominis,
324 2971 370 3032 bic
393 2981 437 3032 est
461 2971 609 3043 Christus,
632 2971 717 3051 filius
741 2971 798 3032 Dri
817 2975 888 3032 oe‘m'.
932 2969 988 3030 llic
1010 2967 1145 3029 similiter
1167 2967 1280 3028 omitti-

53 3065 103 3116 tur
124 3054 217 3134 prima
241 3055 402 3116 sententia:
441 3073 503 3116 uon
525 3075 563 3116 eu
585 3056 798 3132 sonorantium
832 3062 962 3114 ceterum
993 3053 1041 3113 hic
1068 3051 1151 3112 locus
1173 3049 1279 3111 claris-¹

51 3139 130 3200 sime
156 3147 279 3218 occupat
300 3139 330 3198 lu
352 3139 483 3199 lohanne
511 3138 567 3217 legi
590 3140 620 3198 in
643 3138 798 3216 singulari:
832 3149 922 3199 matris
956 3150 1009 3199 est.
1053 3135 1124 3204 lam,
1155 3153 1221 3194 cunr
1251 3141 1281 3195 et

50 3223 102 3285 alii
124 3223 205 3284 latini
229 3223 392 3302 scriptores
415 3221 593 3301 singularem
614 3241 685 3300 prae
709 3241 741 3282 sc
764 3223 867 3290 lerant,
892 3219 986 3281 sicubi
1008 3219 1087 3280 hunc
1109 3218 1205 3279 locum
1227 3217 1279 3278 lo-

51 3307 162 3370 bannis
185 3307 326 3379 excitant,
349 3307 432 3368 lacile
454 3315 534 3386 patet
554 3307 609 3366 hos
631 3305 793 3382 scriptores
823 3323 893 3365 usos
919 3305 1010 3364 luisse
1038 3303 1120 3364 libris
1150 3321 1204 3362 seu
1226 3319 1280 3362 co·
1328 3353 1334 3360 .

52 3390 168 3452 dicibus
191 3391 300 3465 latinis,
323 3390 373 3470 qni
395 3391 470 3452 hanc
494 3391 679 3470 scripturam,
702 3407 789 3468 quam
805 3387 1001 3450 Tertullianus
1017 3387 1102 3448 unice
1117 3387 1280 3458 confirmat,

51 3474 263 3554 sequebantur.
310 3475 359 3536 Sic
382 3481 520 3555 superest
540 3473 721 3536 Veronensis
743 3472 892 3552 Evangelii
920 3472 1041 3544 codem,
1075 3472 1124 3551 qui
1148 3471 1191 3532 sic
1213 3487 1280 3530 om-

50 3561 125 3620 rrirto
149 3559 252 3620 scribit
272 3578 390 3620 versum
416 3562 470 3624 13:
992 3583 996 3590 ·

416 3645 479 3715 Qui
499 3660 562 3704 uou
583 3660 622 3702 em
642 3641 810 3719 sanguinei
879 3679 884 3684 -

299 3735 306 3746 '
410 3727 512 3806 Neque
535 3743 573 3784 eu
594 3723 751 3785 uoluntate
776 3728 888 3792 caruis,

414 3807 474 3868 Nec
497 3807 711 3868 revelantate
734 3811 796 3868 ciri

417 3889 478 3950 Sed
500 3907 537 3950 eor
561 3890 613 3949 deo
635 3901 726 3951 matres
750 3881 804 3949 es't.

55 3977 101 4036 lta
122 3981 152 4032 et
172 3971 346 4032 hmbrosins
368 3973 397 4032 in
420 3972 569 4032 Psalmum
592 3971 716 4043 xxvtl,
738 3971 918 4048 Augustinus
934 3967 1077 4038 libul'll.
1093 3965 1280 4028 (lonlcssion⁴

1 4081 2 4106 e
56 4075 121 4136 cap.
149 4057 191 4127 9.,
221 4055 363 4134 Sulpitius
392 4056 539 4128 Seuerus,
575 4073 701 4134 quorum
730 4056 892 4115 sententias
916 4051 1085 4114 Sabaterius
1115 4049 1282 4128 descripsit.

57 4142 113 4204 llic
141 4147 185 4200 tot
213 4139 371 4202 latinorum
401 4141 578 4219 scriptorum
608 4157 771 4200 consensus
799 4139 830 4198 in
857 4137 983 4198 lectione
1020 4135 1106 4213 plane
1142 4133 1281 4212 singulari

49 4225 199 4296 ostendit,
222 4243 276 4285 cos
299 4223 382 4303 sequi
404 4225 480 4287 banc
500 4223 706 4286 recensionem
737 4229 834 4283 certae
861 4219 1029 4300 provinciae
1058 4217 1282 4290 ecclesiasticae,

91 4353 559 4428 mfflafflmfflmmob⁰
729 4369 1283 4433 ufflmmffimfflfflmfflmmn

91 4440 881 4510 pffihmhfflmcffifflmffllmmmml

32 4513 253 4578 ”hwhmm
576 4545 582 4556 ,
733 4501 1284 4570 bdmmmmfflmmmmmnm
1371 4509 1381 4518 “

93 4577 457 4642 emmfflhfflstb
700 4570 1284 4634 mwfflmmmmwmmmm

1026 4653 1082 4705 lo*
