3196 5250
174 329 176 345 ’
200 434 202 440 y
258 355 322 421 412
356 371 548 416 msssnramo
564 373 595 416 m
611 373 658 424 ou.
673 373 758 418 snas.
773 373 859 418 raon.
874 371 1068 418 assuuntrmr
1081 369 1309 416 aronoosrrcms
1323 371 1408 414 cerr.

258 541 332 616 rapa.
364 521 437 584 Nam
459 523 644 586 continenter
666 524 713 586 ille
735 523 822 586 dixit:
845 523 914 586 Non
936 541 970 585 ea
990 532 1087 586 mente
1108 524 1143 586 de
1165 526 1255 593 caris,
1277 521 1307 584 id
1329 529 1375 582 est
1395 539 1477 582 con-

259 606 426 686 sanguineis
459 617 545 688 atque
577 609 759 689 parentibus,
793 609 964 671 comahtar
990 626 1050 689 qna
1071 609 1106 670 de
1129 608 1256 670 donanis
1288 604 1474 681 (Tertulliano.

259 691 315 754 loc,
339 690 410 768 cit),
439 711 514 771 quos
542 693 657 755 sincere
686 711 747 755 non
775 692 931 772 diligimus.
974 692 1017 753 lle
1044 691 1148 772 primis
1177 691 1324 770 siquidem
1351 695 1475 754 mriasa

261 789 314 849 est,
343 775 384 837 ait
411 776 469 853 ille,
498 777 668 841 sollicitudo
699 781 865 858 sanquinr's,
891 777 949 838 hoc
975 785 1022 838 est
1050 777 1169 838 illorum
1196 775 1301 854 quihus
1329 775 1474 854 sanguiue

260 860 408 923 coniuncti
440 880 553 935 snmus,
585 881 661 942 quos
691 862 810 940 quidem
841 861 976 941 cupimus
1003 879 1078 933 ‚esse
1110 861 1289 923 incolumes:
1326 859 1382 920 alia
1402 878 1475 920 rero

260 949 426 1016 servitutis,
453 945 538 1008 cuius
565 946 664 1025 iugum
691 946 805 1008 sublato
841 945 962 1008 domiuo
998 945 1120 1024 quilibet
1154 963 1258 1008 sertus
1295 944 1351 1006 cito
1388 943 1476 1006 mutu

261 1029 409 1092 montore
431 1038 558 1111 exoptat.
602 1032 698 1093 Tuum
721 1039 817 1092 menen
839 1049 877 1092 ne
898 1029 1049 1092 induxeris
1075 1030 1107 1091 in
1133 1030 1262 1092 animum
1289 1029 1416 1109 primam
1440 1029 1477 1090 de

260 1115 494 1194 propinquorum
526 1115 619 1176 salute
648 1115 891 1178 consultationem
920 1113 1100 1176 Tertulliano
1128 1114 1259 1194 probari.
1301 1113 1367 1175 Non
1395 1113 1476 1174 aliud

261 1199 369 1279 quippe
391 1200 543 1278 significet,
564 1199 624 1262 nisi
646 1200 841 1278 posteriorem
864 1199 900 1260 de
922 1199 1079 1261 Corsorum
1101 1199 1221 1262 interitu
1236 1217 1303 1261 esse
1317 1199 1373 1260 hec
1387 1198 1476 1277 longe

259 1284 402 1362 peiorem.
447 1285 557 1346 Omnes
584 1285 735 1346 enimvero
763 1303 915 1364 magorum
937 1283 1170 1347 consultationes
1192 1282 1278 1362 plane
1298 1283 1475 1363 penitusque

260 1367 445 1442 condemnat,
467 1377 570 1448 utpote
590 1369 627 1431 ab
651 1369 778 1449 dapalis,
801 1369 896 1448 inquit
910 1367 1019 1445 (ibid),
1040 1369 1253 1440 desertoribus,
1276 1376 1413 1447 utsupra
1428 1367 1474 1429 ri-

260 1453 368 1524 cinus,
389 1455 527 1532 proditas
550 1466 578 1516 et
599 1474 618 1516 a
638 1454 702 1517 Deo
725 1455 910 1516 interdictas.

347 1537 419 1610 Quis
440 1556 532 1616 porro
555 1557 615 1599 non
637 1539 755 1600 horreat
776 1538 932 1600 immanem
952 1538 1060 1598 horum
1081 1535 1213 1598 omnium
1233 1535 1396 1616 perfidiam,
1426 1535 1476 1614 qui

206 1699 213 1707 θ
261 1623 316 1686 sub
339 1627 407 1703 ipsa
428 1631 521 1704 usqiee
542 1627 703 1703 impietatis
727 1629 882 1704 eruptione
903 1633 932 1684 et
953 1641 1044 1700 sacra
1064 1621 1215 1700 faciebant
1226 1639 1285 1702 pro
1302 1620 1403 1685 salute
1417 1625 1475 1682 ins-

258 1712 414 1786 peratarr's
435 1752 445 1770 .
469 1753 476 1768 .
500 1753 508 1769 .
532 1753 540 1768 .
562 1720 598 1771 nt
618 1720 689 1770 cota
707 1713 840 1788 propria
866 1712 927 1769 iarn
955 1708 1103 1770 edicerent
1133 1709 1166 1768 in
1195 1705 1303 1777 atram,
1336 1704 1476 1766 nimirum

261 1791 460 1869 imperatoris,
483 1792 668 1854 solennitate
690 1802 718 1854 et
739 1792 906 1872 cenapium
928 1801 1017 1873 atque
1036 1794 1192 1871 impinem
1213 1794 1279 1871 spei
1297 1808 1371 1852 suae
1385 1795 1477 1852 inau-

261 1885 419 1955 qurarent,
455 1894 563 1938 nomen
594 1880 744 1957 principis
778 1881 812 1938 in
849 1876 936 1938 corde
969 1886 1119 1940 mutantes
1155 1874 1336 1948 (Tertullien.
1362 1873 1475 1953 Apolo-

262 1967 320 2038 get.
344 1977 406 2039 cap.
429 1963 504 2037 35.),
536 1960 566 2022 id
588 1967 636 2022 est
656 1961 721 2022 ficta
742 1979 866 2041 prorsus
888 1978 943 2039 pro
966 1960 1059 2022 salute
1080 1959 1267 2039 imperatoris
1289 1977 1323 2021 ac
1336 1977 1407 2020 vere
1421 1978 1475 2040 pro

261 2044 339 2106 illius
361 2053 457 2107 morte
477 2053 507 2120 et
527 2045 661 2124 proximo
683 2045 747 2106 eius
770 2064 942 2106 successore
957 2053 1023 2106 rota
1039 2051 1250 2123 nuncupantes,
1273 2043 1351 2106 illius
1366 2063 1476 2106 nomen

263 2137 432 2202 oretenus,
455 2129 575 2192 alterius
597 2137 694 2190 nutem
717 2129 820 2190 intimo
843 2129 932 2191 corde
953 2127 1158 2208 appellabant?
1202 2128 1280 2201 Qttid
1302 2137 1400 2190 summ
1422 2129 1476 2190 hac

261 2213 383 2291 pertidia
404 2214 497 2291 magis
520 2212 746 2276 detestandum?
1551 2289 1552 2294 η

346 2297 444 2360 blirari
476 2298 573 2378 itaque
602 2297 675 2358 satis
704 2316 765 2358 non
792 2315 952 2376 possumus
980 2297 1175 2360 temeritatem
1197 2297 1392 2367 ethnicorum,
1427 2298 1476 2377 qui
1551 2341 1552 2346 1

263 2401 329 2442 cum
357 2389 402 2442 tot
430 2382 571 2463 exemplis
599 2382 702 2444 hostes
722 2380 831 2461 publici
852 2389 882 2444 et
902 2381 999 2442 laesae
1020 2381 1182 2444 maiestatis
1204 2382 1248 2444 rei
1269 2381 1391 2452 luerint,
1419 2382 1475 2443 hu·
1551 2429 1552 2438 ,

263 2467 344 2530 iusce
366 2466 693 2528 criminisChristianos
714 2467 800 2547 plane
821 2465 995 2528 innocentes
1017 2465 1270 2547 impudentissime
1291 2467 1476 2528 acuasnbant

262 2551 365 2613 Nullus
393 2551 544 2614 enimvero
574 2551 651 2612 inter
678 2559 722 2612 tot
748 2550 914 2631 perduelles
940 2551 1102 2630 hostesque
1129 2551 1264 2630 publicos
1291 2550 1475 2613 Christianus

263 2655 391 2716 unquam
418 2635 622 2714 deprehensus
650 2644 704 2697 est.
756 2635 899 2709 Quocirca
927 2635 963 2696 ad
992 2635 1145 2714 Scapulam
1170 2635 1283 2698 hiricac
1310 2637 1477 2715 praesidem

262 2722 335 2784 haec
356 2720 553 2784 Tertullianus
568 2729 677 2796 ‚noster
703 2720 824 2799 scripsit
844 2720 875 2781 in
895 2719 999 2782 verba:
1034 2721 1122 2783 birca
1142 2725 1323 2783 maiestatem
1343 2725 1473 2803 inspera-

208 2821 213 2827 ·
263 2810 340 2868 toris
362 2807 564 2886 intereamus:
588 2817 686 2868 tamen
707 2824 860 2886 nunquam
881 2805 1036 2868 Albiniani
1053 2823 1106 2867 nec
1121 2805 1263 2884 Nipriani
1275 2805 1325 2867 oet
1339 2805 1479 2868 Cassiani

262 2894 397 2952 inveniri
417 2901 587 2972 potnerunt
615 2891 787 2960 Christiani,
815 2891 868 2952 sed
894 2891 982 2952 tidem
1009 2893 1070 2970 ipsi
1090 2893 1145 2970 qni
1160 2908 1217 2969 per
1236 2893 1338 2970 pentes
1361 2907 1475 2960 earum,

264 2975 340 3038 sicut
366 2991 457 3054 supra
485 2975 680 3046 ostendimus,
708 2979 739 3036 in
763 2975 863 3056 pridie
891 2992 985 3056 acque
1006 2978 1196 3047 taraoercnt,
1225 2979 1278 3056 qui
1293 2992 1355 3053 pro
1378 2975 1476 3039 salute

263 3079 368 3122 earam
390 3060 503 3122 hostias
526 3071 554 3123 et
574 3061 712 3140 fecerant
733 3071 762 3122 et
783 3069 940 3130 caverant,
963 3062 1016 3138 qni
1030 3058 1217 3122 Christianos
1240 3076 1328 3139 saepe
1350 3061 1475 3122 damna-
1551 3115 1552 3118 ,

263 3154 381 3216 cerunt,
411 3142 508 3209 hostes
537 3163 640 3206 earam
668 3154 740 3206 sunt
767 3147 889 3224 reperti.
936 3142 1126 3216 Christianus
1154 3143 1270 3206 nullius
1299 3156 1345 3206 est
1373 3143 1474 3216 hosa's,
1551 3167 1552 3176 ¹

263 3228 372 3288 nedum
387 3232 597 3308 'imperatoris
626 3247 711 3310 quern
731 3232 827 3290 sciens
848 3247 867 3288 a
888 3227 951 3290 ileo
974 3231 1168 3292 comesenim
1190 3247 1306 3290 necesse
1327 3241 1373 3291 est
1394 3239 1430 3292 ut
1450 3239 1477 3291 et

263 3315 362 3390 ipsam
384 3311 488 3390 dilipat
509 3323 538 3374 et
558 3322 737 3374 revereatur
759 3323 788 3374 et
808 3310 987 3392 honoraret
1008 3311 1127 3373 salsum
1147 3312 1220 3376 velit
1242 3331 1306 3374 eam
1329 3323 1394 3376 tcto
1416 3313 1475 3376 lio-

263 3413 352 3456 taana
374 3399 498 3474 imperio
521 3395 614 3470 (idem
635 3396 684 3457 lib.
707 3396 744 3457 ed
766 3395 883 3475 Scapul·
904 3413 967 3475 cap.
983 3399 1038 3474 2.).
1082 3395 1141 3458 Sed
1162 3397 1236 3458 haec
1256 3397 1328 3458 satis
1350 3415 1367 3458 a
1390 3397 1474 3460 nobis

264 3496 353 3558 supra
374 3479 525 3558 explanata
546 3489 626 3542 sunt.

348 3563 422 3626 'lam
453 3583 521 3626 sera
552 3563 649 3644 itaque
681 3571 766 3626 erant
786 3563 1021 3626 Christianorum
1051 3583 1105 3646 pro
1134 3565 1345 3644 imperatorum
1372 3567 1473 3641 salute,

263 3666 350 3727 quem
378 3650 451 3712 laisa
478 3649 628 3728 gentilium
655 3657 720 3710 vota
742 3668 776 3710 nc
798 3655 878 3710 tanto
901 3649 999 3711 studio
1021 3649 1187 3712 ethonore
1208 3651 1402 3730 imperatores
1423 3671 1475 3714 co·

263 3733 371 3807 lebant,
393 3743 502 3814 quanto
523 3734 612 3796 iidem
634 3734 742 3796 ethnici
765 3733 833 3794 odio
857 3751 909 3794 eos
934 3734 1198 3814 prosequebantur.
1242 3735 1358 3797 Etenim
1376 3739 1475 3816 pistos

264 3829 293 3880 et
315 3819 421 3901 relapso
444 3831 474 3882 et
493 3820 578 3900 fides,
601 3818 695 3899 inquit
720 3815 829 3880 Aucto‘r
850 3826 963 3892 noster,
986 3820 1221 3899 inperatoribus
1242 3819 1339 3883 debita
1360 3839 1424 3883 nan
1445 3825 1475 3884 r‘n

265 3903 436 3968 huiusmodi
463 3905 573 3985 officiis
604 3908 752 3980 consistit,
783 3904 889 3984 quibem
920 3904 1068 3968 hostilitas
1095 3909 1191 3983 mapis
1219 3906 1258 3968 ad
1278 3905 1477 3968 oelarnestssss

264 3992 315 4050 sci
332 4000 432 4068 potest
451 3990 541 4069 scapi
566 3987 659 4063 (Idem
679 3988 831 4072 Apolpget
854 4007 916 4068 cap.
939 3991 1014 4064 sd),
1042 3988 1071 4049 id
1093 3997 1140 4050 est
1167 3989 1273 4068 quihus
1294 3989 1399 4070 religio
1421 3989 1475 4052 snb

263 4071 411 4136 umbratili
438 4074 529 4136 inisse
555 4073 674 4154 pietatis
701 4073 780 4134 larva
806 4080 906 4152 potest
932 4073 1075 4154 pertidum
1103 4073 1299 4153 hostilemque
1331 4075 1475 4136 occultare

265 4154 403 4220 smmum.
445 4160 484 4221 at
510 4158 602 4239 pietas
631 4167 661 4220 et
686 4157 789 4237 religio
817 4158 926 4220 madet
946 4162 979 4219 in
1000 4163 1037 4220 iis
1058 4155 1194 4222 maribus
1215 4161 1322 4241 quibas
1345 4158 1474 4222 anilitas

266 4250 327 4302 taen
348 4260 418 4303 vere
439 4247 472 4304 in
493 4249 705 4325 inperatorem
725 4262 813 4324 qaam
835 4247 915 4306 circa
937 4261 1038 4304 omnes
1062 4243 1148 4307 habet
1170 4244 1313 4307 muslera
1348 4243 1393 4306 lte
1407 4241 1474 4324 qui·

265 4322 332 4386 dem
354 4343 390 4386 es
411 4327 586 4390 Woreriano
608 4327 708 4390 codice
729 4336 760 4388 et
779 4327 954 4406 quibusdam
974 4327 1188 4390 recentioribus
1210 4327 1398 4391 editionibus.
1440 4327 1474 4388 ln
1551 4373 1552 4394 i

265 4407 479 4488 antiquioribus
508 4429 575 4474 vero
605 4421 635 4473 et
655 4412 768 4474 nostris
790 4411 940 4473 codicibus
962 4413 1169 4491 manuscriptis
1191 4412 1297 4492 legitur
1318 4417 1356 4476 iis
1378 4416 1471 4476 mori-
1551 4423 1552 4437 ¹

265 4493 319 4556 bns
341 4493 445 4576 quibas
468 4495 609 4558 divinitas
631 4502 759 4576 sinperat
780 4508 841 4561 tam
862 4515 931 4559 cere
951 4515 1040 4577 quant
1063 4502 1143 4560 circa
1165 4517 1264 4561 omnes
1286 4507 1341 4560 etc.
1363 4497 1468 4572 (ibid).

264 4577 368 4642 Nonne
383 4587 487 4642 autem
509 4587 553 4639 tot
575 4581 740 4644 vetustioris
760 4581 950 4662 meliorisque
971 4593 1057 4644 notae
1079 4581 1214 4646 codicum
1234 4584 1393 4646 auctoritas
1406 4599 1468 4644 rna-
