3092 5234
269 379 331 447 608
353 399 391 442 os
405 397 479 441 rana
492 396 605 440 aerias
619 397 655 440 ιι
670 395 818 440 aocranu
829 393 1017 440 somnone!
1031 395 1226 440 ιιιιιιιιιιιιιι
1241 395 1424 440 orsaurxrro

269 547 467 610 doctrinarum
494 544 716 606 iudicandarum
739 543 937 606 Tertullianus
959 543 1172 624 disputaverit,
1200 553 1299 606 tamen
1332 544 1419 609 illam
1440 563 1492 606 oon

270 632 406 700 obscme,
435 628 488 689 sed
516 629 602 706 plane
624 628 707 700 satis,
729 628 872 709 proponit
892 629 922 688 in
944 627 1029 689 libris
1051 628 1194 690 adversus
1215 629 1389 690 haereticos
1413 631 1493 690 etad

268 715 432 776 illatorem
455 731 490 774 ex
512 711 647 774 instituto
670 712 876 791 disputandam
897 711 1005 772 librum
1026 720 1162 773 nostrum
1195 712 1404 773 destinaverat
1426 714 1492 771 alio

269 797 437 878 quemodo
460 796 642 857 confutatio
664 796 771 857 ceteris
794 795 1010 856 haereticorum
1038 796 1174 874 ineptias.
1217 797 1313 875 Atque
1335 797 1418 857 haee
1440 796 1493 874 ipsa

267 879 729 1050 ιιιιιιἻιιιιιοῗιῖ
747 879 1124 1041 lliltl'ttrttl
1143 881 1493 1058 {artiserit

267 1043 451 1110 adversarias
473 1056 573 1124 partes
595 1065 699 1126 posse,
723 1046 804 1107 seda
819 1045 1019 1118 Tillemontio,
1042 1047 1122 1125 quod
1145 1047 1247 1116 miror,
1258 1065 1322 1106 non
1335 1048 1418 1107 satis
1435 1047 1493 1106 illu-

268 1141 371 1196 strato.
402 1130 542 1192 Videlicet
563 1147 712 1191 summum
733 1129 765 1189 ιιι
787 1129 931 1190 doctrinis
953 1130 1182 1207 apostolicarum
1204 1130 1406 1191 ecelesiarum
1438 1149 1494 1190 mm

267 1217 329 1278 suis
342 1231 532 1287 consensum,
548 1213 600 1275 sed
611 1212 816 1274 vehementem
828 1213 865 1274 ah
876 1213 1032 1274 haereticis
1045 1214 1213 1274 dissensum
1224 1213 1377 1292 proponit
1389 1220 1429 1284 (r.
1438 1217 1494 1278 :tor

267 1309 305 1373 et,
320 1299 400 1378 quod
411 1299 498 1376 longo
509 1297 602 1358 maius
614 1305 671 1365 est,
683 1297 873 1358 vehementer
883 1300 994 1372 (ιιι.)
1007 1297 1133 1374 exagitat
1142 1297 1312 1357 haereticos
1323 1307 1493 1375 propterea,

267 1383 345 1462 quod
368 1389 582 1443 consueverant
602 1381 710 1450 dicere,
732 1398 794 1440 non
816 1381 915 1441 omnia
937 1381 1090 1458 apostolos
1112 1380 1218 1452 scisse,
1241 1379 1323 1458 quod
1347 1381 1358 1440 i
1403 1401 1421 1440 e
1447 1381 1492 1439 itt‘s

265 1465 514 1528 ridebaturlesus
526 1465 662 1526 Christus
684 1463 795 1524 dixisse
816 1465 894 1542 apud
915 1464 1056 1525 loannem
1077 1463 1176 1524 verbis
1198 1463 1264 1524 his:
1285 1398 1402 1525 Muri:
1420 1465 1492 1524 colit

242 1571 286 1612 ,e
306 1569 352 1611 me
375 1551 498 1612 dicendo
519 1558 646 1618 restent,
669 1549 722 1608 sed
743 1551 898 1626 inserpere
920 1567 955 1608 eo
976 1549 1111 1609 nondum
1131 1552 1268 1626 potestis.
1303 1547 1375 1607 llos
1399 1557 1493 1624 postea

265 1633 398 1694 retundit
417 1631 517 1694 serbis
540 1631 649 1692 Christi
670 1630 719 1703 iis,
741 1648 816 1708 quae
838 1629 1044 1710 superioribus
1066 1630 1247 1691 subiecerat:
1278 1630 1360 1692 Cum
1384 1637 1492 1691 ceneri

265 1717 318 1780 ille
339 1721 477 1796 spiritus,
499 1718 526 1775 is
548 1733 603 1777 oos
625 1717 664 1776 od
687 1733 772 1776 omne
792 1717 832 1784 id.
855 1717 934 1795 quoe
954 1733 1062 1776 oerum
1084 1727 1138 1783 est,
1161 1715 1410 1792 cognoscendum
1430 1733 1480 1793 per

267 1803 371 1872 ιιιιιιις
404 1800 483 1860 unde
505 1799 581 1859 allici
609 1815 701 1877 posse
728 1805 812 1875 putat
843 1799 942 1858 omnia
963 1797 1056 1858 luisse
1086 1799 1207 1859 edoctos
1229 1797 1414 1878 apostolos·
1435 1816 1491 1857 nau

266 1885 350 1964 ipsos
377 1883 444 1943 illos
473 1882 609 1960 spiritum
637 1900 652 1942 a
676 1881 793 1942 Christo
824 1890 928 1959 postea
957 1883 1079 1942 omnino
1109 1881 1258 1976 accepisse
1286 1881 1331 1942 ait
1361 1901 1404 1941 ex
1425 1883 1492 1940 Artis

266 1967 478 2048 Apostolorum
511 1967 590 2027 haud
617 1965 706 2026 dubie
733 1973 881 2026 constare.
937 1966 1033 2060 Atque
1058 1967 1132 2026 haec
1158 1964 1298 2042 cogitanti
1328 1965 1492 2026 cuidamet

266 2053 344 2131 apud
366 2069 399 2112 se
421 2049 568 2129 reputanti
592 2049 665 2110 scita
686 2048 941 2118 llontanisterum,
964 2049 1025 2128 qui,
1047 2050 1109 2110 lere
1131 2047 1168 2108 ad
1197 2049 1326 2110 eundem
1351 2049 1440 2108 illum
1454 2049 1490 2107 ιι

267 2153 334 2196 cum
355 2134 476 2195 loannis
489 2133 687 2211 posteriorem
707 2141 901 2210 provocantes
923 2133 1066 2193 Paracleti
1086 2132 1271 2209 disciplinam
1282 2133 1490 2210 perlecttorm

266 2236 385 2312 quoque
417 2215 572 2294 disciplina
607 2215 717 2276 Christi
754 2224 784 2276 et
818 2217 1021 2312 apostolorum
1057 2215 1270 2286 defendebant,
1303 2215 1490 2276 videreturne

267 2301 356 2378 igitur
377 2301 418 2360 illi
440 2299 637 2359 Tertullianus
659 2307 718 2359 tam
740 2299 817 2360 clare
839 2301 1010 2360 adversus
1001 2317 1087 2377 ipsos
1101 2299 1293 2359 llontanistas
1317 2301 1491 2360 sententian

267 2385 377 2456 dicere,
399 2391 433 2444 ιιι
454 2381 580 2443 dubitari
602 2382 639 2442 de
661 2373 844 2462 ὀρθοδοξία
864 2383 954 2444 ιιιιιιιι
976 2383 1043 2444 libri
1065 2401 1126 2444 oon
1148 2380 1280 2461 posset?
1325 2382 1412 2443 Non
1416 2383 1489 2460 equi

267 2468 335 2528 dem
362 2473 446 2546 puto.
497 2465 570 2526 Nam
598 2465 655 2526 etsi
684 2467 732 2527 hic
752 2467 836 2528 locus
864 2485 999 2545 magnam
1023 2467 1128 2527 habeat
1147 2466 1303 2536 rationem,
1326 2467 1433 2545 potuit
1454 2475 1489 2524 ta·

265 2569 335 2612 men
366 2551 494 2629 proferri
529 2550 617 2612 etiam
649 2550 685 2611 ab
717 2569 764 2622 eo,
798 2551 848 2628 qui
881 2550 976 2612 stabat
1017 2570 1033 2611 a
1064 2549 1311 2610 llontanistarum
1348 2550 1489 2626 partibus

264 2633 394 2706 Etenim,
417 2635 460 2695 uti
482 2634 621 2705 diximus,
643 2651 791 2712 nusquam
813 2635 1010 2695 Tertullianus
1038 2633 1128 2695 ullum
1157 2633 1283 2694 admittit
1305 2633 1392 2694 inter
1414 2634 1489 2694 Μοι-

265 2719 390 2780 tanistas
412 2726 443 2778 et
470 2718 651 2779 orthodoxos
679 2718 881 2795 apostolorum
909 2726 1072 2779 sectatores
1099 2717 1266 2778 dissensum
1292 2717 1333 2778 de
1354 2717 1399 2778 iis
1423 2737 1490 2776 esse.

266 2821 341 2882 quae
363 2803 420 2863 lide
443 2801 611 2880 accipienda
643 2807 729 2873 sunt,
767 2809 796 2862 et
817 2801 897 2879 quod
930 2801 1039 2862 nullius
1067 2819 1152 2862 verae
1181 2799 1334 2860 doctrinae
1357 2811 1490 2879 expertes

265 2885 359 2948 luisse
385 2887 538 2964 apostolos
566 2884 713 2956 defendit,
743 2885 815 2945 illud
843 2885 944 2946 daria
973 2885 1077 2964 quovis
1099 2884 1345 2944 llontanistarum
1371 2895 1490 2963 poterat

266 2970 325 3032 Sed
348 2970 579 3030 emendatiorem
602 2969 720 3030 demum
744 2987 798 3046 per
811 2967 993 3029 Paracletum
1016 2969 1208 3047 disciplinam,
1231 2968 1389 3030 doctrinas
1414 2971 1490 3028 eum

264 3071 449 3123 nonnosus,
482 3054 535 3113 sed
558 3053 651 3131 magis
680 3053 867 3113 confirmatas
908 3061 1024 3112 veteres
1047 3052 1282 3113 Christianorum
1318 3071 1490 3131 propugne

264 3137 345 3209 baut,
360 3137 452 3198 immo
469 3137 552 3216 ipsos
568 3137 654 3208 ritus,
677 3153 752 3214 quos
766 3137 915 3197 recentius
931 3136 1067 3196 inductos
1089 3136 1167 3214 apud
1181 3135 1312 3196 hlootani
1330 3145 1490 3196 sectatore

264 3221 375 3282 rectius
397 3220 559 3282 sentientes
583 3220 755 3292 clamabant,
776 3229 811 3280 ut
830 3219 937 3298 probet
957 3239 974 3280 e
997 3219 1091 3281 sacris
1106 3219 1223 3289 litteris,
1246 3219 1387 3295 ipsorum
1413 3220 1490 3280 etiam

265 3302 469 3381 apostolorum
482 3305 536 3363 “vel
557 3304 771 3366 consuetudine
793 3303 840 3364 vel
859 3304 1035 3382 praeceptis,
1061 3303 1161 3364 mtdtis
1183 3303 1212 3362 ia
1235 3302 1309 3364 locis
1334 3303 1489 3364 Tertullia-

264 3404 323 3447 nus
348 3386 474 3446 laborat,
518 3387 576 3447 Sed
606 3387 626 3446 ιι
653 3387 804 3458 baeretici,
827 3387 967 3448 adversus
990 3405 1066 3466 quos
1089 3386 1259 3447 Tertulliani
1288 3387 1434 3448 instituta
1456 3401 1491 3444 ιιι

264 3471 296 3530 in
322 3469 398 3530 libro
427 3471 464 3530 de
491 3470 729 3549 Praescriptione
761 3471 932 3550 disputatio,
969 3472 1126 3532 multarum
1154 3470 1262 3531 Christi
1289 3469 1490 3532 doctrinarum

264 3553 310 3614 rel
330 3553 421 3614 rudes
451 3555 602 3640 apostolos
625 3554 720 3616 luisse
741 3555 923 3628 dictitabant,
945 3553 992 3614 vel
1013 3555 1162 3614 Christum
1185 3573 1245 3614 non
1268 3554 1372 3614 omnia
1399 3555 1491 3614 omoi-

262 3637 319 3698 bus
342 3637 512 3711 tradidisse,
534 3627 567 3698 ιιι
588 3646 692 3700 noster
713 3639 782 3699 ait'
774 3657 804 3699 ιιι
827 3640 894 3716 ipso
909 3601 976 3708 boc,
999 3655 1086 3716 quem
1103 3645 1271 3708 tractemus,
1288 3638 1368 3698 loco.
1405 3641 1490 3710 Quen

264 3722 303 3782 ob
325 3740 388 3782 rem
411 3740 476 3782 cum
498 3685 619 3783 locus
611 3740 646 3794 ιι,
681 3721 718 3782 de
746 3741 804 3818 quo
833 3722 1030 3800 disputamus,
1059 3722 1275 3782 allontanista
1302 3739 1368 3782 non
1401 3725 1492 3782 minus

241 3805 394 3884 ¹potuerit
409 3805 552 3878 adhiberi,
576 3823 663 3882 quam
685 3825 701 3866 a
724 3806 807 3867 socio
829 3805 979 3866 Ecclesiae
1000 3813 1079 3866 recte
1102 3805 1268 3876 sentientis,
1291 3804 1354 3864 boc
1377 3805 1490 3883 quaeri·

263 3897 321 3962 tur,
345 3898 410 3950 utra
432 3890 473 3950 ιιι
493 3888 640 3950 sententia
662 3889 708 3949 vel
729 3889 933 3968 interpretatio
957 3889 992 3950 ad
1014 3887 1165 3949 veritatem
1193 3889 1408 3966 propensior?
1447 3887 1491 3949 lbi
1523 3945 1524 3974 ἦ

264 3991 319 4051 ego
341 3991 402 4034 non
425 3972 549 4034 multum
571 3971 691 4043 dubito,
714 3973 785 4050 quin
807 3973 905 4051 ipsum
928 3974 1006 4034 lrune
1027 3973 1133 4033 librum
1156 3973 1249 4033 dicam
1269 3991 1286 4032 a
1307 3971 1491 4034 Tertulliano
1523 4003 1524 4006 ι

262 4055 441 4118 llontanista
461 4056 621 4134 proficisci.
663 4055 737 4116 Nam
758 4057 886 4135 primum
909 4066 977 4118 sunt
998 4057 1065 4117 libri
1088 4056 1262 4134 Septimiani
1289 4074 1306 4116 e
1337 4057 1491 4138 disciplina

264 4139 510 4202 llontanistarum
532 4140 622 4211 ducti,
646 4139 676 4199 in
698 4140 805 4218 quihus
827 4141 868 4202 illi
890 4141 980 4202 instat
1001 4139 1227 4218 praescriptioni
1249 4139 1279 4200 in
1302 4157 1401 4202 causa
1428 4143 1490 4202 hor·
1523 4151 1524 4216 t

263 4223 433 4297 reticorum,
456 4243 512 4286 nec
532 4224 591 4285 ullo
613 4223 714 4291 modo,
736 4226 817 4303 quod
839 4243 895 4286 usu
917 4223 976 4304 ipsi
998 4225 1077 4284 venit
1098 4224 1135 4284 de
1156 4223 1240 4284 libris
1260 4223 1412 4285 omnibus
1428 4227 1493 4286 suis,
1523 4269 1524 4276 ι

246 4305 301 4366 ·ad
332 4325 408 4384 quos
433 4308 587 4370 remittere
613 4307 741 4370 lectores
768 4317 897 4389 poterat,
930 4326 1017 4370 suum
1052 4307 1089 4368 do
1110 4307 1355 4386 Praescriptioue
1377 4307 1493 4370 Haeret

150 4425 153 4432 ·
266 4406 344 4469 opus
372 4399 548 4467 antestatur,
584 4391 708 4454 veluti
700 4410 731 4453 in
749 4393 826 4454 libro
853 4393 996 4454 adversus
1022 4391 1154 4453 Praxean
1182 4409 1207 4450 c.
1232 4393 1263 4453 2
1291 4399 1323 4451 et
1352 4393 1494 4454 adversus
1523 4393 1524 4408 ¹

263 4471 480 4553 Hermogenem
503 4481 583 4540 et.
626 4476 738 4538 lleinde
766 4477 792 4536 si
820 4477 847 4537 is
877 4482 959 4536 esset
985 4475 1043 4536 loci
1071 4472 1209 4552 superius
1236 4475 1357 4536 tractati
1381 4495 1402 4538 e
1427 4479 1494 4538 libro
1523 4469 1524 4562 ι

261 4565 367 4622 nostro
390 4577 509 4632 sensus,
536 4561 650 4638 qualem
664 4560 869 4622 Tillemontius
891 4559 983 4637 tingit,
1006 4577 1066 4620 non
1088 4557 1248 4619 admodum
1269 4559 1475 4622 credibile
1446 4566 1524 4630 ιιι,
