3020 5230
376 365 381 370 ’
437 387 572 434 ioorou
593 387 635 433 ro.
658 387 867 434 smssrrtu.
1200 377 1262 440 655

191 535 310 588 idom
328 537 482 590 humionem.
844 538 963 590 tarsum
982 539 1091 591 tratum

26 615 169 680 maioris
184 619 293 698 portis,
322 639 398 702 quoe
424 622 464 683 od
490 623 627 684 dorma·
674 621 866 700 proferimus
881 631 916 684 ut
931 622 1039 685 cohor
1053 626 1260 705 quoqnepsrit

31 705 207 764 sententias
229 704 277 766 oei
291 709 323 766 im
338 705 460 766 dubium
476 707 628 768 deducun-
677 722 743 766 esse
763 705 918 784 scripturis
940 707 1049 768 diuinis
1071 724 1259 787 mayoremom

29 796 91 848 tur
114 786 165 847 oei
183 799 344 866 merantur.
389 789 525 868 Amplius
548 807 629 851 muno
675 792 814 868 possim:
851 799 886 852 ut
910 809 985 870 quae
1017 799 1087 870 post
1111 791 1259 870 Christum

29 875 284 949 superstruimus
306 890 341 933 eo
355 890 473 951 quoque
493 874 574 952 paria
590 890 629 934 eo
678 873 775 932 iutura
802 874 1066 950 praeconabantur
1101 877 1262 956 adimpleto

31 953 198 1031 scripturis
222 959 385 1027 creatoris,
409 976 539 1040 quaeque
559 965 629 1036 post
679 968 910 1034 doymosoomtur.
946 957 1046 1035 Neque
1062 959 1139 1020 enim
1155 959 1260 1039 dispo-

31 1037 192 1099 Christum
227 1035 322 1100 iutuia
356 1041 625 1118 promittebantur.
678 1039 747 1101 sitio
764 1039 906 1118 expuncti
921 1041 1117 1114 inveniretur,
1139 1043 1197 1104 nisi
1212 1043 1260 1106 iiie

31 1121 100 1182 Nee
124 1126 204 1183 eurio
227 1122 385 1201 dispositio
412 1131 555 1203 expuncta
577 1124 626 1184 in·
676 1123 807 1184 venisset
827 1131 897 1203 post
918 1143 1006 1203 quem
1031 1126 1183 1198 habehant,
1205 1145 1261 1190 eor-

32 1205 210 1276 veniretur‚
232 1211 335 1269 simon
350 1207 398 1268 iiie
413 1207 543 1270 venisset
557 1215 626 1286 post
663 1210 772 1286 ,portui
799 1225 873 1286 quos
908 1210 1148 1281 mundabuntur,
1186 1229 1261 1290 quos

32 1307 129 1366 quem
146 1290 270 1352 habehat
286 1296 413 1352 eoemira.
677 1290 824 1372 completo
845 1309 909 1353 essa
930 1296 1019 1354 etiam
1037 1294 1257 1372 probarentur.

902 1443 959 1508 Cep.
981 1442 1020 1492 12.

6 1577 9 1584 ·
83 1541 192 1619 Aspice
202 1539 356 1600 universas
370 1541 506 1603 nationes
521 1542 557 1604 de
572 1562 625 1604 ro·
721 1545 850 1620 Aspicite
869 1541 1022 1602 universas
1042 1536 1193 1616 nationes,
1224 1543 1261 1604 ds

36 1622 401 1700 ragineerrorishumani
416 1626 626 1706 eriodeemer-
679 1625 817 1702 voragine
852 1626 964 1688 erroris
1001 1626 1120 1707 humani
1156 1627 1261 1688 exindo

38 1706 189 1783 gentesad
203 1707 296 1768 Deum
311 1710 627 1782 creatorem,ad[)eum
678 1716 864 1786 emergentes
900 1710 935 1770 sd
971 1710 1134 1773 domimum
1167 1710 1261 1774 neum

37 1789 203 1862 Christum,
217 1799 247 1852 et
257 1791 282 1852 si
294 1792 397 1862 andes,
409 1811 482 1872 nega
490 1794 627 1875 prophe·
677 1799 857 1866 creatorem,
888 1795 973 1854 etad
994 1793 1088 1856 Deum
1110 1793 1261 1856 Christum

40 1883 151 1934 totum.
196 1873 254 1936 Sed
275 1876 371 1940 statim
387 1876 439 1938 tihi
454 1881 487 1938 im
497 1878 626 1960 psalmis
679 1880 760 1946 eius,
784 1885 815 1937 et
828 1875 855 1936 si
876 1877 977 1951 audes,
1000 1897 1074 1956 nege
1092 1879 1261 1958 propheto-

35 1961 205 2036 promissio
222 1963 324 2040 patris
347 1963 491 2024 orostrr'it.
534 1958 626 2024 Filius
680 1971 753 2021 tum.
792 1959 901 2023 Statim
917 1959 968 2023 tihi
981 1935 1144 2042 promissio
1158 1967 1259 2040 patris

39 2059 129 2100 meus
146 2059 182 2114 es
193 2049 236 2116 tu,
258 2059 312 2122 ego
327 2043 415 2104 hodie
430 2050 574 2123 ymerooi
586 2054 625 2106 te.
679 2047 862 2106 ooourrit‘im
874 2045 1000 2124 psalmis
1017 2048 1127 2108 dr'oems.
1169 2045 1261 2107 Filius

40 2123 172 2189 Postulo
187 2127 222 2188 ds
237 2145 294 2200 me,
316 2135 345 2188 et
359 2127 436 2188 dabo
451 2129 506 2190 tihi
521 2139 626 2208 gentes
677 2145 762 2190 meus
787 2147 820 2190 es
847 2136 889 2202 tu,
920 2147 974 2208 ego
1000 2130 1090 2190 hodie
1111 2134 1202 2208 yemui
1223 2137 1261 2190 te.

39 2209 237 2272 hereditatem
259 2219 339 2272 tuam
359 2219 390 2272 et
403 2213 626 2291 possessionem
678 2211 748 2274 Pete
763 2233 782 2274 o
797 2231 861 2285 me,
883 2221 913 2274 et
927 2213 1003 2274 dabo
1020 2213 1072 2274 tibi
1086 2221 1190 2292 gentes
1205 2212 1261 2274 he·

40 2302 122 2353 tuam
139 2295 281 2355 terminos
297 2303 402 2356 terrae.
438 2297 500 2358 Nee
513 2299 626 2377 poteris
677 2297 831 2358 ruditatem
869 2307 947 2358 tuom
977 2305 1008 2358 et
1035 2295 1263 2375 possessionem

41 2377 138 2456 magis
153 2377 241 2438 David
264 2378 355 2440 tilium
371 2385 436 2442 sius
456 2384 626 2453 vendicare,
679 2389 758 2442 tuam
774 2379 917 2442 terminos
932 2389 1038 2442 terrae.
1074 2380 1135 2442 Neo
1148 2381 1262 2458 poteris

40 2479 129 2538 quam
146 2461 311 2522 Christum:
334 2472 385 2524 aut
404 2466 549 2528 terminos
565 2473 627 2526 ter·
679 2483 744 2525 eum
781 2465 874 2541 magis
905 2465 995 2526 David
1031 2463 1123 2524 tilium
1155 2465 1261 2534 dicere,

40 2563 94 2604 rae
120 2543 210 2606 David
235 2546 336 2625 potius
362 2549 548 2627 promissos,
578 2549 628 2628 qui
678 2560 765 2625 quarn
781 2547 946 2611 Christum:
969 2554 1018 2608 aut
1035 2547 1177 2608 terminos
1200 2556 1261 2608 ter·
1352 2603 1358 2612 .

41 2628 120 2688 intra
151 2627 265 2690 unicam
296 2629 478 2694 iudaeorum
508 2643 628 2712 yemtem
679 2647 730 2690 rae
741 2629 830 2690 David
842 2631 942 2710 potius
953 2630 1132 2710 promissos,
1148 2629 1197 2706 qui
1214 2629 1261 2688 in-

42 2712 187 2790 regnavit,
210 2733 297 2792 quarn
313 2713 440 2788 Christo,
463 2716 512 2794 qui
535 2725 628 2777 totum
679 2721 724 2774 tra
739 2713 1159 2791 unicamiudoeomregnavit‚
1175 2729 1263 2788 quam

43 2796 102 2856 iam
120 2795 220 2858 orbem
235 2795 384 2875 Evangelii
406 2799 452 2860 sui
468 2799 525 2860 tide
541 2799 627 2878 cepit.
680 2795 815 2868 Christo,
852 2795 902 2876 qui
939 2803 1035 2856 toturn
1070 2797 1128 2856 iam
1159 2795 1262 2854 orbem

44 2880 97 2940 Sie
112 2892 139 2941 et
154 2899 207 2958 per
221 2881 352 2942 Esaiam:
376 2882 450 2942 Ecce
472 2882 539 2944 dedi
555 2891 584 2943 te
598 2883 628 2943 in
647 2895 652 2900 '
678 2877 827 2957 Evangelii
843 2881 888 2940 sui
905 2879 963 2939 tide
978 2877 1065 2958 cepit.
1109 2877 1194 2939 Sicut
1208 2896 1262 2956 per

42 2963 271 3042 dispositionem
282 2970 400 3043 yeoem's
416 2965 445 3026 in
460 2965 555 3027 lucem
571 2985 629 3027 mo·
678 2963 795 3024 Esaiam
809 2965 893 3024 dicit:
909 2963 984 3024 ane
996 2961 1063 3022 dedi
1075 2969 1103 3022 te
1114 2961 1145 3021 in
1156 2960 1261 3040 dispo-

44 3052 181 3119 tionum,
208 3048 323 3127 aperire
344 3049 447 3110 oeulos
463 3067 628 3122 caecorum,
680 3046 817 3108 sitionem
832 3051 950 3127 ueneris
961 3050 1022 3107 mei
1033 3045 1063 3106 in
1079 3045 1172 3106 inoem
1188 3063 1262 3122 gen-

42 3131 147 3210 ntique
162 3132 333 3205 errantium,
350 3132 628 3195 exsolverederin-
678 3130 769 3203 tium,
806 3129 921 3208 aperire
958 3129 1060 3190 oculos
1097 3147 1262 3202 caecorum,

43 3215 259 3289 satiavimus,
283 3216 312 3276 id
339 3224 385 3277 est
408 3215 445 3276 de
459 3217 574 3278 delictis
589 3216 628 3277 li·
681 3213 782 3294 utique
797 3214 967 3284 errantium,
984 3213 1133 3274 exsolvere
1149 3213 1185 3272 de
1195 3213 1261 3274 sin-

42 3300 164 3366 berare,
185 3308 217 3360 et
231 3299 267 3360 de
284 3299 516 3372 colummeria,
538 3301 631 3362 idest
679 3298 752 3360 auiis
768 3297 893 3371 vinctos,
915 3297 945 3359 id
961 3305 1017 3370 est,
1038 3297 1074 3358 de
1096 3297 1210 3357 delictis
1224 3295 1263 3357 ii·

43 3383 160 3456 mortis,
182 3383 321 3446 sedentes
336 3383 366 3445 in
383 3384 523 3457 tenebris,
540 3385 627 3464 igno-
679 3381 794 3455 herere,
816 3393 846 3443 et
864 3383 901 3442 de
924 3383 1010 3444 domo
1032 3379 1159 3441 carceris
1175 3380 1203 3442 id
1219 3387 1266 3442 ost

45 3466 157 3528 tantiae
171 3467 291 3528 soiiioet.
330 3467 414 3540 Quae
429 3470 456 3530 si
471 3488 525 3550 per
540 3469 627 3530 Chri·
680 3467 800 3540 mortis:
826 3467 965 3526 sedentes
986 3465 1015 3526 io
1034 3464 1165 3526 tenebris
1176 3465 1263 3542 igno·

45 3559 124 3612 stom
139 3552 295 3626 eveniunt,
318 3569 379 3613 oon
394 3552 424 3614 in
439 3553 528 3615 atium
543 3561 631 3616 erunt
680 3551 791 3612 santiae
807 3551 929 3612 seilicet.
967 3549 1051 3622 Quae
1066 3549 1091 3610 si
1106 3567 1160 3628 per
1175 3547 1261 3608 Chri-

46 3634 230 3714 prophetata‚
252 3654 340 3715 quam
355 3653 512 3716 perquem
527 3641 630 3700 eoemi-
682 3643 761 3696 stum
776 3634 930 3705 eveniunt,
951 3652 1010 3693 non
1026 3633 1057 3692 in
1072 3631 1160 3692 aiiom
1176 3638 1264 3690 erunt

48 3731 105 3780 unt
119 3725 174 3779 oto.
680 3715 870 3796 prophetata,
899 3735 986 3794 quom
1012 3733 1066 3793 per
1094 3731 1181 3790 quern
1208 3729 1263 3774 ea-

678 3811 793 3878 pumato
808 3799 1044 3862 consideramus.

917 3949 974 4010 Cep.
996 3947 1033 3995 13.

724 4045 893 4127 (utrmque
923 4046 985 4108 aiio
1012 4047 1164 4106 investias:
1201 4063 1265 4123 cop.

680 4141 779 4192 ostem
797 4131 844 4193 ts.
861 4131 929 4192 odo.
945 4128 1072 4190 iudaeos
1088 4127 1206 4206 iouoom
1220 4127 1268 4189 io-

681 4232 784 4276 corum
798 4231 874 4296 quoe
889 4217 1025 4274 citantur
1044 4215 1150 4274 seriem
1164 4215 1267 4292 sistit.)

856 4363 913 4428 Cep.
935 4361 973 4412 id.
992 4363 1016 4412 io
1034 4362 1088 4410 iios.

92 4463 404 4544 Deniqueetthronus
425 4463 635 4536 interemat
726 4461 859 4541 Denique
890 4469 920 4524 et
951 4459 1076 4522 thronos
1109 4457 1139 4520 in
1165 4477 1270 4522 aerum

54 4567 173 4630 reorum
197 4553 230 4610 is
249 4565 367 4620 aarum
399 4547 492 4626 magis
516 4547 633 4610 Christo
683 4546 775 4626 magis
807 4546 925 4608 Christo
961 4544 1014 4606 Dei
1042 4543 1103 4606 tilio
1129 4543 1272 4623 competit
1357 4625 1363 4632 ,
