3166 5250
222 299 285 362 teu
320 313 508 356 nrsssnrnrrc
524 311 617 360 1111.
633 310 717 354 sarr.
733 309 818 352 reon.
835 309 1029 352 rsuruuursm
1043 307 1270 351 snouonarmuu
1285 309 1370 353 carr.

715 544 880 595 tuticuttts
899 545 941 594 lii.

223 652 331 703 Quantum
349 648 442 703 gentiles
460 660 578 704 personum
595 649 687 692 deorum
704 648 726 692 iu
745 659 813 692 cerea
831 647 900 692 induti
918 647 1050 692 divinitatem
1074 649 1163 692 illerum
1180 647 1380 704 pessumdederint,
1400 661 1437 690 re·

222 725 389 774 prueseoteutes
407 724 525 760 castratum
537 716 590 771 Atyn
607 717 642 760 rei
660 716 777 760 iletculem
795 715 865 759 rivum
884 715 998 760 ardentem
1016 716 1050 758 rel
1068 714 1201 759 Mercurium
1219 715 1317 759 cauterio
1335 723 1436 760 mortuos

223 785 380 830 examinantem
405 785 439 828 ret
463 783 520 828 loris
544 784 631 826 tratrem
655 784 763 827 cadevera
787 782 933 837 gladiatorum
957 795 1007 826 cum
1032 781 1113 826 malleo
1131 783 1287 835 deducentem,
1315 782 1396 838 ulilque
1415 783 1437 828 iu

289 853 374 908 templis
392 851 499 895 adulteria
518 858 539 896 et
555 851 666 894 leuceiuie
686 858 851 906 componentes,
869 850 949 906 quibus
967 851 1058 895 deorum
1077 849 1223 894 maiestatem
1235 851 1367 895 obsoletant

305 985 349 1046 tu
371 984 549 1046 histrionum
573 983 687 1044 theatro
709 943 863 1044 descendit
885 983 1081 1046 Tertullianus
1104 987 1137 1044 in
1161 1001 1289 1054 caveam,
1317 989 1350 1044 ut
1370 983 1438 1062 ipse
1557 1019 1558 1022 =

220 1070 367 1149 loquitur,
403 1088 459 1130 nec
487 1068 621 1130 ethnicos
648 1066 689 1127 ibi
718 1067 921 1146 reirpiosiores
944 1067 1056 1128 invenit
1078 1067 1260 1140 (Tertullien.
1282 1067 1438 1147 Apologet.
1558 1124 1559 1127 ,

222 1173 285 1234 cap.
311 1159 349 1218 15
372 1162 403 1215 et
422 1154 472 1215 lib.
496 1152 518 1212 l.
542 1153 577 1213 ad
605 1152 722 1213 Natiou.
751 1170 814 1230 cap.
840 1157 912 1227 10.).
962 1152 1120 1231 Triplicem
1146 1171 1219 1214 vero
1253 1151 1440 1231 distinguunt

222 1258 337 1301 caveam
375 1238 442 1315 sire}
472 1237 572 1316 potius
611 1245 672 1298 tres
710 1235 774 1297 eius
808 1245 925 1315 partes,
963 1237 1208 1316 quemadmodum
1237 1255 1270 1298 ex
1294 1235 1439 1298 Cicerone

180 1354 182 1370 ι
223 1323 327 1400 (Cicer.
349 1323 400 1386 lib.
423 1323 459 1384 dc
481 1323 598 1384 Senect.
621 1340 687 1400 pag.
710 1324 782 1384 tlt.
805 1321 855 1382 liu.
879 1322 920 1384 37
951 1331 979 1383 et
1006 1322 1056 1382 lib.
1080 1322 1115 1383 de
1137 1321 1251 1383 Amicit.
1273 1339 1339 1400 pag.
1363 1323 1438 1386 teu.

221 1409 272 1470 lin.
297 1411 370 1486 13.),
392 1407 535 1470 Suetonio
559 1407 691 1478 (Sueten.
708 1406 806 1466 Tiber.
823 1424 886 1484 cap.
902 1410 977 1482 db),
1001 1406 1105 1467 Servio
1127 1405 1259 1480 (Servius
1280 1404 1312 1466 iu
1333 1405 1385 1468 lib.
1403 1407 1438 1466 V.

220 1493 340 1554 Aeneid.
365 1512 392 1553 1.
416 1491 600 1564 31011111).
625 1487 697 1550 Vlll.
721 1510 747 1551 r.
772 1490 1001 1570 uetustisque
1023 1491 1174 1554 discimus.
1219 1491 1340 1552 Suntma
1363 1499 1439 1564 crat,

222 1577 271 1639 ubi
300 1578 440 1650 feminae,
475 1576 570 1637 media
597 1574 647 1635 ubi
675 1575 818 1655 populus,
851 1576 941 1636 tertia·
957 1575 1006 1636 ubi
1028 1575 1190 1636 nobiliores
1217 1575 1271 1636 viri
1294 1575 1441 1636 sedebant

223 1662 451 1742 spectabantque
472 1661 606 1740 publicos
628 1660 723 1721 ludus.
754 1658 950 1720 Tertullianus
972 1667 1080 1734 tamen,
1103 1658 1351 1739 quemadmodum
1365 1659 1439 1721 bm-

223 1747 338 1808 mianus
360 1746 542 1808 Marcellinus
565 1744 703 1818 (biarc'ell.
724 1743 776 1804 lib.
800 1744 874 1804 llill.
897 1763 963 1824 pag.
987 1749 1082 1822 550.),
1105 1761 1217 1820 'cereae
1239 1743 1359 1806 nomine
1382 1745 1440 1804 de·
1514 1749 1516 1754 '

223 1831 320 1908 signet
347 1831 551 1909 amphitheatri
580 1847 715 1899 arenam,
751 1829 782 1890 in
810 1847 867 1908 qua
894 1829 1063 1908 pugnabant
1090 1829 1277 1908 gladiatores.
1320 1829 1354 1890 lu
1382 1847 1440 1890 suo

223 1916 332 1996 quippe
354 1917 398 2016 ud·
411 1915 551 1976 Nationes
573 1913 649 2016 libro
672 1911 805 1991 scripsit:
837 1913 1062 2016 liciipr'ost'ores
1079 1919 1149 2014 estis
1180 1919 1212 1975 in
1233 1915 1441 1992 qlsdictoruar

219 1998 1097 2164 ttttttttttttttttttlltttttttttttt
1099 2009 1290 2145 ‘ttttttt
1294 2017 1442 2162 031Εέ

223 2171 284 2239 dis,
318 2179 372 2230 cut
392 2173 425 2230 in
446 2173 520 2246 ipsis
543 2169 603 2230 deis
626 2177 765 2228 nocentes
790 2171 964 2247 pensitetur
992 2167 1174 2243 (Tertullian.
1197 2167 1247 2230 lib.
1270 2167 1293 2228 l.
1316 2167 1351 2228 ad
1373 2167 1441 2228 Nat.

223 2271 286 2331 cap.
312 2257 384 2327 ¹0·l·
427 2251 460 2312 lu
484 2251 673 2331 Apologeticc
695 2259 793 2312 autem
815 2252 903 2312 simili
925 2252 1029 2313 modo:
1063 2251 1100 2314 ln
1125 2271 1222 2323 cucco,
1254 2251 1370 2332 inquit‚'
1387 2253 1444 2313 ubi

223 2354 316 2415 super
338 2341 513 2416 sanquinem
534 2337 711 2405 buumnum,
744 2353 837 2416 super
863 2341 1088 2417 inquinamenta
1112 2355 1285 2416 poenorum
1308 2337 1442 2416 prolude

223 2421 339 2483 11111111
367 2423 410 2483 dii
436 2425 534 2482 vestri
560 2431 737 2499 orpurnento
766 2430 795 2481 ct
823 2420 968 2483 bistonios
996 2426 1097 2484 noeriis
1119 2426 1345 2493 miroistrautes,
1378 2425 1443 2482 uiee'
1559 2427 1560 2452 ¹

177 2558 181 2572 .
223 2507 302 2588 quod
323 2517 353 2567 et
373 2511 455 2586 ipsos
479 2507 547 2568 deos
569 2518 687 2568 cestros
710 2522 797 2584 saepe
819 2511 908 2566 uouit
926 2508 1058 2569 iuduunt
1080 2505 1171 2578 (idem
1182 2505 1305 2585 Apolog.
1323 2524 1384 2584 cap.
1399 2510 1439 2570 15

223 2601 254 2651 et
274 2589 323 2651 lib.
344 2590 366 2651 1.
390 2591 425 2651 ad
447 2589 511 2650 Nat.
533 2590 599 2651 icco
623 2591 694 2665 cit).
740 2589 854 2661 Quibus
876 2589 924 2650 ille
947 2590 1044 2652 verbis
1069 2590 1213 2670 significat
1234 2599 1305 2670 post
1326 2591 1438 2669 gladia-

224 2683 322 2734 torum
351 2683 498 2736 certemen
524 2674 738 2754 pantomimum
767 2683 883 2754 sumpta
911 2675 958 2736 dei
987 2675 1109 2737 alicuius
1140 2675 1218 2736 larva
1246 2694 1279 2736 ac
1310 2693 1439 2754 persona

223 2759 411 2821 descendisse
439 2759 469 2820 in
498 2778 615 2821 arenam
643 2767 673 2819 et
700 2759 825 2820 saltasse
847 2777 937 2838 supra
966 2779 1091 2838 corpora
1113 2761 1279 2821 occisurum
1301 2759 1356 2821 eut
1373 2761 1438 2821 aui-

222 2863 300 2906 mam
323 2845 516 2910 exhalantium
538 2849 715 2915 nuntiorum,
738 2843 768 2904 id
789 2852 835 2904 est
855 2844 972 2906 illorum
994 2845 1044 2924 qui
1072 2845 1110 2906 ob
1139 2844 1259 2906 crimina
1288 2864 1341 2906 sua
1364 2863 1437 2906 cou-

225 2928 353 2990 dcmuati
375 2949 440 2990 cum
463 2930 566 2991 bestiis
590 2930 740 2990 decertare
764 2929 951 3006 cogebantur.
997 2929 1049 2990 [tic
1070 2948 1151 3008 ergo,
1174 2947 1260 3007 quani
1282 2929 1437 3008 pulchrum

225 3031 259 3073 ac
279 3015 361 3091 pium
391 3023 453 3074 erat
474 3014 560 3075 deum
582 3021 773 3092 personatum
797 3013 941 3074 carnificis
971 3014 1052 3092 iungi
1081 3013 1178 3074 cilicio
1208 3022 1259 3074 eut
1280 3032 1439 3075 reuruma

224 3096 327 3160 bestiis
350 3098 518 3160 occisorum
539 3098 728 3158 cadaveribus
751 3097 881 3159 illudere.

307 3213 400 3276 Nemo
423 3224 520 3277 autern
542 3215 611 3276 illud
634 3216 669 3277 ab
690 3216 815 3276 Auctore
837 3225 940 3276 nostro
963 3217 1062 3278 fictum
1083 3205 1354 3296 veseraggcratum
1375 3233 1432 3295 lur-

224 3283 338 3368 leverit,
362 3301 439 3376 quud
462 3299 526 3377 ipse
549 3301 673 3361 suismet
695 3301 786 3361 oculis
810 3301 927 3378 saepius
948 3301 1057 3362 vidisse
1079 3301 1266 3362 testificatur:
1293 3301 1430 3372 Videntur,

224 3381 276 3453 tit,
298 3381 459 3463 aliquando
483 3383 616 3456 (Tertuil.
632 3384 732 3460 ibid.);
755 3384 834 3444 etin
856 3384 932 3444 libro
954 3385 989 3446 ad
1011 3385 1167 3447 Nationes:
1195 3385 1322 3448 Vidimus
1344 3405 1431 3468 saepe
1459 3449 1465 3463 ,

226 3477 391 3528 castratum
413 3470 501 3546 Atpu,
531 3467 617 3529 ilium
640 3471 725 3529 deum
754 3487 792 3530 eor
814 3468 1000 3542 Pessinunte,
1030 3471 1101 3531 urbe
1122 3471 1256 3532 videlicet
1283 3471 1430 3551 1111111-

225 3552 289 3630 giae
310 3553 429 3630 biegnae
452 3552 590 3626 confinio,
614 3551 668 3614 sub
684 3553 803 3632 Agdcsti
825 3563 924 3616 monte
947 3555 1011 3628 sita,
1033 3555 1064 3614 in
1086 3575 1141 3633 qun
1163 3557 1231 3635 Atys
1254 3563 1330 3618 teste
1352 3555 1430 3618 Pau-

225 3637 306 3698 sania
336 3636 473 3711 (Pausan.
496 3637 545 3698 lib.
567 3637 590 3698 I.
618 3655 683 3716 pag.
707 3641 749 3712 4.)
778 3638 935 3704 tumulatus
964 3639 1120 3700 serebatur.
1163 3640 1333 3701 Praeterea:
1373 3642 1436 3714 Qui

224 3726 320 3794 vicus,
343 3721 384 3782 ait
404 3720 462 3794 illc,
484 3724 623 3795 ardebat,
640 3721 798 3784 Herculem
820 3725 969 3786 induerat.
1014 3723 1092 3796 Quid
1114 3733 1209 3785 autem
1232 3725 1313 3786 hisce
1327 3726 1433 3794 ,verbis

225 3805 280 3868 sibi
302 3806 403 3880 voluit,
432 3805 488 3868 nisi
511 3807 541 3868 in
564 3807 729 3868 crudelibus
752 3807 809 3867 illis
832 3808 1003 3886 spectaculis
1024 3808 1130 3870 norics
1152 3809 1286 3870 homiues
1315 3820 1344 3870 et
1365 3829 1433 3870 sce-

224 3891 333 3953 leratos
356 3901 471 3970 sumpta
493 3892 538 3952 vel
560 3891 659 3971 Atydis
681 3891 725 3952 vel
746 3891 878 3954 Herculis
901 3894 993 3954 iuruta
1015 3903 1252 3972 repraesentasse
1275 3901 1434 3956 castratum

224 3975 298 4056 Atyn
326 3984 356 4038 et
382 3977 479 4038 vivum
502 3977 657 4038 lierculcm
679 3976 874 4038 combustum.
918 3977 960 4038 De
988 3985 1112 4056 utroque
1140 3979 1253 4057 egimus
1281 3979 1434 4044 innostra

225 4059 262 4120 de
282 4061 403 4134 Arnobii
425 4060 508 4122 libris
531 4062 736 4123 dissertatione
758 4061 922 4136 (Dissertat.
945 4062 974 4122 in
996 4062 1103 4124 druch.
1127 4083 1189 4142 rap.
1207 4067 1256 4126 tl.
1278 4063 1338 4124 Art.
1362 4067 1382 4128 2
1404 4073 1435 4125 et

184 4159 188 4170 ’
226 4161 288 4221 cap.
315 4149 361 4208 18.
385 4149 445 4207 Art.
473 4151 522 4224 i.).

312 4263 387 4337 Quid
410 4264 516 4344 plura?
559 4267 704 4338 Risimus,
734 4266 829 4346 inquit
848 4266 942 4328 adbuc
964 4267 1175 4340 Tertullianus,
1199 4279 1227 4329 ot
1247 4271 1329 4332 inter
1351 4268 1433 4330 ludi·
1456 4285 1460 4302 ·

107 4413 111 4424 ,
226 4365 294 4410 oras
316 4352 551 4414 meridianorum
572 4351 753 4425 (Tertulliun.
776 4351 840 4412 loco
863 4351 940 4428 cit),
973 4351 1162 4430 gladiatorum
1191 4353 1227 4432 de
1249 4353 1355 4430 qubus
1376 4372 1431 4416 nos

227 4451 316 4512 supra
339 4433 468 4512 egimus,
493 4437 682 4498 crudelitates
706 4433 905 4506 Mercurium,
936 4436 964 4495 id
987 4444 1032 4498 est
1054 4437 1202 4498 hominem
1224 4438 1331 4499 laruam
1353 4437 1431 4498 liler-

227 4518 300 4580 curii
326 4537 397 4600 prae
428 4537 463 4579 se
494 4521 651 4594 terentem,
684 4531 820 4582 mortuos
859 4521 920 4581 sire
942 4522 1055 4584 occisos
1085 4523 1257 4600 gladiatores
1297 4525 1431 4584 cauterio
