3122 5250
284 379 352 447 358
385 394 578 442 presentatio
593 393 624 438 ΙΝ
639 393 689 448 QU.
703 393 788 440 SEPT.
803 393 890 439 FLOR·
905 393 1100 439 rsnruutmtt
1113 391 1343 438 arotoouatcutt
1354 393 1432 437 GETT.

285 567 322 611 ac
348 548 454 612 deiude
481 545 704 610 examinandum
731 564 788 626 quo
811 543 1009 608 Tertullianus
1037 543 1127 606 modo
1153 543 1222 606 indo
1243 552 1349 610 conus
1369 545 1481 607 ethnicos

286 634 333 696 dis
355 641 427 694 utet.

334 653 498 780 pDubium
524 717 674 779 enimuero
701 732 769 777 esse
796 723 896 795 potest
922 714 1070 794 quodnam
1097 714 1138 776 sit
1163 713 1235 774 illud
1258 714 1296 774 de
1318 714 1372 776 deo
1394 732 1481 776 couse-

287 801 396 865 crando
426 802 563 865 edictum.
606 801 721 862 Scimus
749 799 866 879 quidem
894 817 986 861 unum
1014 817 1031 860 a
1053 797 1194 862 Cicerone
1221 797 1307 862 hisce
1328 799 1421 861 verbis
1439 798 1480 860 de-

246 927 248 934 ,
286 887 393 950 scribi:
430 887 601 968 separatim
628 903 714 948 aluno
743 884 873 946 habessit
895 885 973 956 deos,
1000 902 1075 946 neue
1095 901 1199 954 novos,
1231 883 1285 946 aad
1305 902 1342 947 ne
1364 885 1482 957 odaeum,

285 976 349 1035 nisi
366 972 485 1052 publice
505 972 648 1044 odan'tos,
668 973 814 1051 privatim
836 969 957 1032 colunto
979 967 1085 1043 (Cicer.
1106 967 1156 1029 lib.
1168 967 1204 1030 11.
1220 966 1260 1030 de
1273 967 1375 1048 Legib.
1388 970 1480 1049 patr.

286 1049 339 1120 lin.
362 1059 438 1132 37.).
480 1055 565 1118 Aliud
592 1063 690 1116 tamm
713 1053 862 1115 decretum
883 1051 1103 1114 a'Tertrdliaao
1124 1051 1276 1131 designari
1290 1047 1420 1126 ridetur,
1444 1061 1479 1114 ut-

286 1149 357 1222 pote
379 1141 429 1220 qui
451 1139 639 1221 imperatoris
661 1138 763 1200 iecerit
783 1136 973 1200 mentionem.
1001 1136 1131 1200 Laudata
1152 1137 1305 1199 enimvero
1327 1157 1344 1200 a
1364 1137 1482 1200 Cicerone

286 1227 335 1288 lea
355 1225 497 1288 Romanis
519 1223 747 1306 imperatoribus
768 1222 855 1302 longe
876 1221 1021 1284 remstior
1042 1230 1099 1284 est.
1128 1221 1205 1296 Quid
1228 1241 1312 1301 ergo,
1335 1221 1361 1284 si
1374 1223 1482 1284 dicamus

288 1311 326 1374 ab
347 1309 475 1372 Auctore
500 1317 605 1372 uostro
637 1307 823 1388 inperatoris
845 1306 966 1369 nomine
987 1305 1126 1386 appellari
1147 1307 1331 1386 praelectum
1362 1306 1479 1370 exereitus

288 1403 340 1458 aut
371 1395 525 1457 consulem
555 1393 632 1456 iliius
666 1390 792 1454 ducem?
835 1389 974 1452 Aemilius
1008 1399 1105 1452 autem
1127 1389 1245 1453 Probus
1278 1391 1399 1455 huiusce
1425 1390 1481 1468 legis

288 1479 408 1560 ignarus
437 1487 487 1541 aut
513 1479 550 1540 de
571 1477 620 1541 illa
640 1478 671 1539 in
694 1475 812 1557 ancipiti
834 1475 935 1556 praelii
956 1476 1073 1537 fortuna
1094 1473 1167 1536 nibil
1188 1476 1322 1556 cogitans
1344 1475 1417 1538 vovit
1433 1477 1480 1536 lore

287 1572 332 1638 ut,
355 1565 380 1625 si
403 1565 506 1626 hostes
528 1563 667 1637 vinceret,
689 1563 789 1624 lanum
810 1569 995 1623 consecraret
1009 1560 1075 1634 deo,
1098 1559 1145 1621 cui
1159 1560 1293 1622 Alburno
1310 1581 1412 1624 nomen
1425 1567 1481 1620 orat.

288 1647 348 1711 Sua
376 1657 475 1710 autem
501 1647 681 1728 experientia
709 1646 826 1726 agnovit
852 1645 923 1708 illud
949 1645 1037 1706 nimis
1059 1663 1201 1726 praeceps
1223 1645 1290 1708 siue
1312 1655 1479 1708 scuabrsoou-

288 1733 367 1796 sulto
400 1733 494 1794 luisse
514 1739 637 1798 sotum.
679 1731 834 1804 Prohibuit
865 1730 944 1792 enim
976 1737 1096 1792 senatus
1127 1729 1186 1806 hoo
1216 1732 1318 1793 lanum
1348 1725 1481 1796 aedificari,

288 1816 536 1896 quemadmodum
557 1825 660 1896 postea
682 1815 843 1895 impedivit,
866 1834 904 1876 ne
926 1813 1070 1888 Christus,
1098 1824 1131 1874 ut
1152 1813 1265 1876 ibidem
1287 1815 1328 1876 ait
1349 1812 1480 1876 Tertullia-

288 1918 356 1974 nus,
378 1900 456 1962 Deus
479 1900 697 1963 renuntiaretur
718 1900 836 1962 tametsi
858 1899 995 1962 Tiberius
1018 1898 1047 1959 id
1068 1899 1260 1961 vehementer
1281 1901 1436 1980 optavisset.

375 1984 448 2058 Quis
475 2003 544 2046 vero
573 1985 612 2046 sit
638 1985 686 2046 illc
713 1985 785 2046 deus
812 1983 969 2057 Alburnus,
1002 1983 1080 2045 dictu
1109 1983 1304 2062 proculdubio
1325 2004 1383 2046 non
1402 1982 1479 2045 minus

288 2069 417 2132 eiiiiieile.
460 2068 537 2131 Rara
558 2068 702 2148 siquidem
723 2068 799 2149 apud
820 2076 936 2129 veteres
960 2068 1071 2130 mentio
1092 2068 1170 2131 illius
1194 2069 1331 2131 occurrit
1373 2068 1411 2129 Ex
1429 2063 1478 2126 lir-

288 2153 358 2233 gilio
389 2163 485 2216 tamma
512 2153 653 2215 discimus
682 2154 711 2214 in
732 2153 860 2214 Lucania
886 2151 963 2231 apud
984 2152 1110 2214 Silarum
1131 2153 1255 2215 fluvium
1278 2173 1344 2217 esse
1364 2161 1480 2218 monton,

289 2238 341 2318 qui
363 2237 399 2300 ab
421 2239 471 2300 illo
492 2237 638 2300 Alburnus
660 2238 707 2299 bis
729 2237 863 2299 versibus
885 2245 1020 2298 vocatur:

357 2371 361 2382 .
440 2321 496 2386 list
519 2320 603 2384 lucus
626 2321 725 2384 Silari
743 2327 825 2386 circo
845 2321 1032 2402 illicibuspoe
1053 2325 1201 2384 uirentem

440 2407 598 2469 Plurrinur
619 2407 788 2470 albaretum
808 2406 951 2477 volitans,
974 2409 1024 2466 cui
1042 2425 1150 2468 nomen
1171 2405 1258 2470 rioilo

441 2491 610 2556 liontonum
630 2503 684 2563 est,
711 2491 841 2553 Oestron
863 2491 950 2552 Graii
968 2501 1087 2553 uertere
1108 2500 1262 2553 uocantes.

738 2575 849 2654 (Virgil.
871 2574 923 2635 lib.
945 2573 995 2635 111.
1018 2573 1124 2655 Georg.
1146 2593 1174 2636 v.
1202 2579 1263 2641 146
1286 2583 1315 2637 et
1335 2575 1432 2652 sequ).

288 2659 327 2722 At
348 2659 375 2722 is
397 2677 484 2722 mous
506 2679 561 2740 pro
583 2659 741 2738 gentilium
756 2678 839 2720 more
861 2666 1050 2721 consecratus
1072 2661 1167 2721 tuerat
1187 2661 1274 2722 alicui
1295 2661 1359 2732 deo,
1384 2654 1424 2718 cui
1441 2649 1480 2712 ll·

288 2745 377 2807 burni
398 2764 508 2807 nomen
528 2743 700 2825 impositum
721 2752 751 2806 et
771 2743 903 2806 Metellus
925 2745 1024 2824 lanum
1045 2762 1151 2805 vovere
1175 2745 1283 2822 potuit
1325 2743 1417 2820 Neque
1434 2735 1478 2798 mi·

289 2830 377 2903 rens,
406 2831 431 2894 si
452 2848 532 2892 nunc
552 2829 625 2892 deus
647 2829 695 2891 ibe
718 2830 758 2890 sit
779 2829 962 2908 incognitum
991 2828 1105 2908 topicos
1129 2829 1240 2910 quippe
1263 2830 1333 2890 deus
1355 2834 1418 2888 erat
1452 2819 1480 2878 ll

289 2915 322 2977 hi
343 2915 394 2988 dii,
417 2923 450 2976 ut
469 2915 605 2977 observat
619 2913 750 2986 Servius,
773 2932 833 2975 uon
855 2913 1018 2976 mansibant
1037 2912 1074 2974 ad
1095 2912 1166 2974 alias
1181 2915 1320 2994 regiones
1334 2931 1366 2973 ac
1378 2903 1482 2989 proinde

290 2999 338 3060 rix
359 3000 424 3061 aliis
447 3017 535 3080 mam
554 2999 687 3060 locorum
709 2998 813 3060 incolis
833 2998 896 3059 uoti
919 3004 1003 3060 erant
1023 2998 1117 3072 (Serv.
1139 2997 1169 3060 in
1191 2998 1244 3060 lib.
1266 2999 1325 3060 llll.
1346 2989 1469 3082 Aeneida.

375 3084 440 3145 Duo
476 3091 573 3146 autern
601 3091 771 3162 argumenta
798 3091 900 3145 contra
928 3081 1061 3144 ethnicos
1090 3081 1289 3145 Tertullianus
1319 3081 1384 3142 inde
1411 3079 1479 3136 enul

289 3161 391 3228 Primo
419 3167 499 3232 enim
528 3168 597 3228 inde
625 3165 841 3230 evidentissime
869 3166 1014 3229 concludit
1039 3167 1113 3228 deos
1141 3168 1293 3247 gentilium
1319 3168 1404 3227 tactos
1427 3171 1480 3218 esst

290 3263 346 3331 pro
368 3251 521 3312 hominum
544 3250 692 3313 voluntate
714 3260 744 3312 et
764 3251 905 3312 arbitratu
932 3259 1020 3330 atque
1051 3250 1160 3314 idcirco
1182 3253 1296 3315 nullum
1318 3266 1402 3330 posse
1421 3257 1480 3322 gen-

290 3335 387 3396 tilium
415 3353 483 3396 esse
509 3335 606 3408 deum,
634 3336 693 3398 uisi
720 3335 833 3396 homini
859 3335 1010 3414 placuerit.
1052 3336 1140 3415 Atqui
1168 3355 1283 3399 summa
1304 3333 1427 3413 impietas
1444 3327 1479 3384 etl

291 3416 343 3480 ulli
364 3436 419 3497 pro
441 3419 595 3480 bominum
617 3419 738 3480 arbitrio
760 3419 890 3481 tribuere
911 3420 1100 3482 divinitatem.
1143 3422 1239 3484 Varus
1261 3419 1397 3500 siquidem
1415 3411 1480 3472 ileos

290 3519 309 3565 a
331 3503 452 3582 seipso
475 3509 505 3564 et
525 3503 713 3581 omnipotens
736 3513 782 3564 est
813 3511 899 3583 atqua
920 3504 987 3566 ideo
1009 3505 1081 3566 nulli
1103 3505 1264 3578 subiectus,
1293 3503 1344 3565 sed
1364 3499 1400 3562 illi
1420 3490 1477 3556 sub·

291 3587 367 3652 tecta
394 3595 465 3649 sunt
492 3586 601 3648 omnia.
646 3587 760 3649 Ethuici
788 3605 858 3667 ergo
881 3587 959 3650 nulla
981 3609 1102 3670 prorsus
1125 3589 1199 3669 lege,
1228 3589 1286 3651 nisi
1307 3579 1478 3665 iniquissima,

291 3673 453 3735 decernere
479 3680 649 3751 potuerunt,
676 3679 710 3732 ut
738 3671 896 3734 Christiani
928 3674 1036 3736 reiecto
1063 3675 1124 3736 reri
1155 3676 1209 3737 liei
1239 3673 1316 3736 cuitu
1341 3672 1423 3732 iactos
1448 3657 1478 3718 ab

290 3757 462 3820 bominibus
484 3756 557 3818 deos
579 3756 744 3831 adorarent,
759 3775 853 3820 secus
874 3777 945 3819 roro
967 3759 1008 3820 illi
1023 3760 1109 3821 etiam
1125 3760 1246 3822 inauditi
1260 3755 1476 3820 interficerentur·

290 3843 429 3907 Secundo
450 3841 651 3921 iudsooliigit
670 3841 865 3904 Tertullianus
887 3853 970 3906 vetus
991 3843 1062 3905 iilud
1084 3844 1120 3904 de
1142 3845 1226 3906 novis
1248 3841 1303 3904 diis
1323 3855 1380 3902 non
1398 3835 1477 3920 intro·

291 3929 433 3992 ducendis
461 3927 611 3989 decretum
640 3925 676 3988 ab
703 3926 838 4011 ipsismet
865 3928 1021 4006 gentilibus
1048 3929 1195 4003 violatum,
1226 3928 1275 4007 qui
1302 3923 1362 4004 pari
1381 3919 1477 3981 licenti

291 4013 364 4075 deos
388 4013 458 4074 olim
479 4014 573 4074 tactos
595 4011 787 4092 repudiarunt
808 4031 843 4073 ac
862 4013 1031 4092 repudiatos
1048 4014 1249 4076 restituerunt
1278 4010 1348 4071 Nam
1362 4005 1474 4068 lilerttt

289 4108 419 4176 patratu,
448 4097 490 4159 uti
518 4095 566 4159 iile
594 4098 644 4170 ait,
674 4113 739 4159 curn
759 4101 910 4178 mysteriis
933 4101 996 4158 suis
1020 4098 1157 4160 consules
1179 4107 1299 4160 sanctam
1321 4087 1475 4154 anctoritate

292 4197 355 4241 aon
375 4183 462 4245 modo
489 4181 575 4254 Urbe,
605 4181 823 4244 sedunioerao
845 4181 936 4244 italio
958 4177 1188 4246 elimr'nodcruut
1218 4175 1391 4258 (Tertullian.
1408 4167 1472 4253 Api·
1529 4248 1530 4268 Χ

293 4262 466 4346 logatcap.
490 4269 544 4348 63).
587 4266 669 4340 Quae
697 4265 815 4346 quidem
842 4265 891 4328 ille
921 4265 977 4328 aiio
1007 4265 1037 4328 in
1058 4267 1133 4329 libro
1155 4266 1258 4330 iisdem
1284 4277 1373 4344 paene
1395 4247 1475 4344 vetb¹i
1529 4289 1530 4312 ι

291 4348 399 4426 repetit
433 4349 511 4423 (Lm
532 4352 555 4414 1.
583 4351 940 4430 adllation.cap.10.).
983 4350 1087 4412 Totam
1118 4361 1215 4414 autem
1245 4351 1317 4410 bane
1343 4341 1474 4404 metonae

291 4442 427 4494 accurate
448 4443 548 4496 namet
567 4436 669 4498 Livius
691 4455 726 4498 ac
746 4437 873 4516 quaudo,
902 4453 959 4514 qua
980 4437 1134 4500 occasioue
1156 4445 1185 4498 et
1205 4430 1348 4514 quomodo
1368 4445 1383 4486 a
1401 4419 1471 4505 Posi·
1529 4426 1530 4480 l

291 4515 394 4578 burnio
422 4517 543 4580 consulo
569 4523 694 4583 nefanda
725 4521 929 4600 horrendaque
958 4521 1090 4595 crimina,
1118 4541 1190 4602 quae
1206 4520 1241 4581 -in
1261 4516 1306 4579 bis
1327 4495 1474 4574 carceratdli
1529 4521 1530 4524 ’

289 4603 386 4666 saeris
414 4609 505 4665 noctu
532 4605 785 4684 perpetrabantur,
814 4605 875 4668 siut
894 4613 1003 4671 retacta
1024 4616 1109 4689 atque
1130 4625 1193 4671 eam
1215 4602 1252 4665 ob
1273 4611 1381 4664 musam
1399 4597 1472 4652 seno·
