3020 5230
403 413 539 462 inurens
561 417 604 464 ιο.
626 417 689 462 suu.
712 417 836 462 ειιιιιιι.
1170 401 1234 468 687

9 567 120 618 Clemens
137 565 201 616 ilex.
220 566 367 618 stromatum
392 565 434 618 lib.
453 566 472 616 Ι.
490 582 514 632 μ
534 565 593 618 ott:
645 567 763 620 lleuoeor
773 574 858 618 metro
866 567 986 618 Haereses
995 565 1088 618 tintn.
1098 583 1118 617 e.
1126 567 1156 618 tl
1173 565 1232 633 Μ.

115 633 153 684 od.
171 634 290 698 Sylburgii
309 635 395 686 Coloe.
417 633 490 694 1688.

9 708 244 816 ἀνανεούμενος
264 711 493 802 προεφήτευσε
514 738 594 801 γρα-
645 718 697 799 ρεῖ
712 713 747 782 ἓν
760 717 825 818 τῆς,
834 716 940 802 φυλῆς
953 716 1054 794 Λευί,
1071 712 1148 793 τοὺς
1163 717 1231 782 τῶν

9 823 84 886 φας.
644 821 894 886 προγεγονότων
909 801 1092 886 προφητῶν
1101 797 1231 878 πάντας

645 877 879 963 ἇνατυξόσθαι
893 881 1018 969 λόγους,
1033 886 1089 950 καὶ
1102 877 1231 950 ἀποκα-

643 970 807 1055 ταστῆσαι
828 969 874 1052 τῷ
895 969 963 1054 λαῷ
978 967 1036 1056 τὴν
1052 965 1109 1034 διὰ
1122 971 1232 1034 Moeri·

644 1056 729 1131 οέως
744 1057 958 1136 νομοθεσίαν.
1008 1135 1016 1143 ⁸

553 1223 583 1297 §-
607 1219 681 1283 XVI.

194 1337 260 1388 llius
277 1337 346 1388 locos
364 1337 481 1400 Plutonis,
499 1350 570 1402 qoem
590 1338 703 1390 lrouoeos
724 1355 752 1392 ει
769 1339 893 1392 Clemente
911 1341 1037 1392 detumuit

9 1470 122 1530 Clemens
140 1469 203 1522 tien.
222 1473 311 1588 διορωι.
329 1471 370 1522 lib.
389 1471 418 1524 11.
436 1488 460 1539 ρ.
479 1471 536 1524 tte.
556 1473 593 1524 ed.
752 1475 867 1526 lreooeur
886 1475 1060 1541 linitione.
1080 1475 1121 1526 25.

278 1554 292 1589 o
304 1553 343 1589 oo.

906 1605 931 1674 5.
950 1609 965 1658 t

52 1717 91 1730 -
113 1679 152 1748 τὸ
180 1678 255 1750 κατ’
280 1679 397 1771 ἀρετὴν
426 1683 594 1752 τελειότα-
689 1689 803 1763 Quibus
824 1689 994 1772 religiosior
1015 1691 1103 1754 Pluto
1125 1699 1230 1753 osten·

9 1787 83 1833 τον·
109 1770 206 1834 τοῦτο
233 1769 270 1835 δὲ
291 1768 326 1835 έν
346 1768 444 1836 ἔπεσι
457 1768 512 1857 ’μῃ
534 1771 593 1835 τοῦ
646 1773 736 1848 ditur,
762 1775 812 1854 qui
828 1776 953 1837 eundem
968 1775 1061 1836 ileum
1077 1782 1107 1837 et
1121 1775 1232 1838 iustum

9 1847 141 1936 ἇγαθσῦ
164 1858 307 1932 τίθεται,
328 1857 383 1919 καί
405 1793 594 1938 ένλξομιώ-
645 1867 676 1919 et
698 1857 808 1920 honum
830 1861 985 1922 consessus
1002 1868 1058 1932 est,
1074 1859 1233 1921 habentem

9 1957 63 2002 σει
77 1939 116 2024 τῇ
132 1935 218 2021 πρὸς
231 1937 289 2003 τὸν
307 1936 400 2004 Θεόν.
432 1933 450 2004 5
477 1945 593 2006 οίωσιν
643 1950 820 2021 potestatem
842 1945 984 2016 omnium,
1005 1945 1104 2023 ipsum
1119 1943 1231 2005 looieu-

9 2015 282 2108 ἀποφαινόμενος
324 2025 399 2094 (soil.
444 1963 473 2088 5
497 2021 593 2090 Πλό-
645 2034 704 2088 tem
726 2027 877 2102 iudicium,
900 2027 1077 2089 siedieens:
1099 2027 1231 2088 Etlleus

9 2115 88 2184 των)
105 2105 231 2172 δίκαιον
242 2108 296 2172 καί
311 2101 404 2172 ὅσιον
414 2105 498 2189 μετὰ
510 2129 594 2194 φρο-
645 2111 780 2190 quidem,
811 2111 1057 2192 quemadmodum
1087 2119 1117 2173 et
1145 2123 1232 2174 uetur

9 2188 133 2291 νρσεως
148 2183 234 2255 εἶναι
248 2191 387 2274 -λέγει
402 2181 458 2258 οὖν
474 2190 507 2258 έν
522 2201 594 2270 τοῖς
645 2213 745 2257 sermo
757 2204 812 2268 est,
828 2196 954 2268 initium,
971 2203 1000 2257 et
1011 2195 1109 2269 duem,
1126 2204 1231 2256 etme-

9 2295 134 2356 νομοις.
162 2267 198 2338 Ὁ
219 2272 340 2362 μὲνδὴ
366 2274 459 2382 Θεὸς,
483 2271 592 2364 ὥςπερ
645 2279 769 2340 όίείιιεε
788 2280 919 2342 omnium
935 2298 1009 2358 quoe
1025 2278 1232 2352 sumbernone,

9 2359 63 2422 καί
85 2351 103 2421 5
125 2355 270 2435 παλαιός
292 2357 402 2444 λόγος,
428 2360 527 2448 αρχήν
546 2385 591 2463 γε,
644 2373 723 2425 reete
751 2365 881 2443 perlicit,
911 2363 1074 2425 seeundum
1098 2371 1232 2424 naturam

9 2443 63 2506 καί
77 2445 172 2524 μέσα,
187 2444 241 2507 καί
257 2443 407 2530 τελευτὴν
429 2447 497 2510 τῶν
507 2469 593 2512 παν-
644 2449 838 2510 circumiens:
874 2450 954 2510 huno
987 2455 1084 2510 eutem
1115 2463 1234 2525 semper

9 2551 75 2592 των
91 2525 181 2608 ἔχων,
198 2519 333 2592 εὐθεῖαν
348 2534 500 2611 περαίνει
510 2528 594 2594 κατὰ
645 2532 837 2610 consequitur
856 2531 984 2602 iustitie,
1007 2530 1094 2592 ultrix
1115 2529 1147 2590 in
1168 2547 1232 2604 eus,

10 2605 112 2716 φύσιν
138 2607 457 2696 περιπορευόμενος·
488 2616 534 2698 τῷ
557 2612 593 2679 ut
645 2615 696 2694 qui
712 2615 851 2678 deficiunt
866 2633 882 2675 a
897 2617 960 2694 lege
976 2613 1083 2676 diuino.

10 2696 62 2761 αεὶ
79 2695 252 2773 ξυνέπεται
268 2695 349 2781 δίκη,
374 2697 441 2761 τῶν
456 2691 595 2762 ἀπολεο-

10 2783 166 2882 πφμένων
186 2781 244 2844 τοῦ
259 2785 357 2846 θείου
374 2777 476 2863 νόμου
491 2804 595 2864 τιμω-

10 2887 78 2950 ρος.

97 2999 191 3077 iltque
212 2998 261 3058 hle
280 3015 372 3077 porro
394 2997 475 3060 lubet
496 3005 527 3059 et
546 2997 617 3059 illud
640 2995 813 3068 observare,
842 2995 922 3076 qirod
944 2995 1020 3056 torte
1042 2993 1173 3057 nondum
1197 2993 1233 3056 ob

11 3083 76 3146 iliis
99 3077 287 3144 ohserrolum
302 3083 365 3152 luit,
388 3081 492 3143 lustinl
508 3081 596 3162 illius,
620 3099 705 3160 quent
721 3081 875 3160 Martyrum
890 3080 988 3142 dicere
1004 3078 1110 3151 solent,
1132 3077 1234 3154 multo,

11 3186 86 3249 uuae
108 3167 138 3228 in
161 3167 208 3227 illo
230 3165 442 3228 Cohortutiono
463 3167 499 3228 od
522 3167 651 3227 Groeeos
673 3165 824 3244 leguntur,
852 3165 986 3225 desumto
1009 3163 1144 3224 similiter
1165 3181 1235 3224 esse

11 3271 43 3315 ex
69 3249 219 3312 Clemente
240 3251 454 3322 Alexandrin03
483 3269 558 3329 quoe
586 3252 663 3312 inter
691 3251 778 3310 etium
802 3249 849 3310 hio
870 3249 954 3310 loeus
976 3246 1108 3308 Plutonis
1130 3255 1176 3309 ost
1198 3247 1235 3308 de

12 3334 140 3413 Legibus
169 3335 218 3395 lib.
242 3334 288 3394 tv,
337 3334 415 3394 Sunt
440 3341 538 3396 stetero
566 3342 598 3395 et
623 3342 719 3395 cetero
749 3333 821 3395 setis
843 3333 919 3394 olore
941 3332 1138 3405 documento,
1155 3340 1235 3392 turn

12 3419 168 3500 orneeipue
190 3417 248 3478 lroe
269 3418 394 3480 maxime
416 3417 596 3480 luculentum
617 3413 800 3502 τεκμήριον,
824 3417 905 3497 quod
927 3416 1058 3478 lustinus
1080 3415 1158 3477 illem
1179 3435 1233 3477 ex·
1316 3481 1322 3488 ,

12 3503 214 3584 olimtionem:
247 3515 333 3565 uetes
356 3504 495 3577 verdum,
519 3494 606 3582 quoni
628 3502 755 3566 subiecit
775 3502 816 3564 ihi
838 3503 974 3564 Clemens
997 3501 1077 3580 ipse,
1100 3500 1236 3562 similiter

12 3585 214 3665 transmisit,
242 3594 277 3647 ut
297 3587 424 3649 dubitari
446 3596 588 3666 nequent,
617 3587 696 3649 hune
717 3587 910 3668 emptorem,
941 3584 1076 3664 quisquis
1098 3591 1160 3656 est,
1182 3601 1237 3644 sue

13 3671 190 3748 :ompilesse
212 3689 248 3731 ex
270 3669 430 3732 Clemente.
474 3673 516 3732 ito
540 3689 610 3732 vero
634 3671 751 3732 scribit:
773 3703 815 3716 -·-
838 3663 857 3734 5
877 3665 1023 3732 Πλάτων
1045 3659 1161 3742 αὐτοῖς
1183 3665 1237 3728 λί-
1275 3680 1298 3748 J

13 3755 100 3833 ξεσιν
134 3747 221 3816 οὕτω
249 3757 419 3836 γέγραφεν.
450 3749 468 3814 5
495 3749 618 3835 μὲνδὴ
643 3749 872 3835 &einsidlense
894 3752 948 3815 καί
971 3745 990 3814 ό
1012 3745 1158 3824 παλαιὸς
1179 3744 1237 3811 λό-

13 3845 80 3912 νος)
103 3829 202 3918 ἀρχὴν
223 3837 278 3897 καί
299 3833 450 3898 τελευτίν
472 3837 525 3898 καί
548 3840 634 3916 μέσα
654 3837 721 3900 τῶν
743 3833 878 3900 πόντων
901 3833 991 3915 ἔχων.
1031 3825 1195 3896 Ἐνταῦθα
1216 3823 1235 3894 5

13 3915 156 3984 Πλάτων
186 3919 303 4002 σαφῶς
331 3919 383 3981 καί
419 3921 570 4003 φανερῶς
597 3915 655 3982 τὸν
677 3916 823 3984 παλαιὸν
845 3915 942 4001 λόγον
964 3920 1139 3993 Μωϋσέως
1161 3909 1237 3980 όνο-

13 3999 109 4079 μάζει
137 3998 254 4083 νόμον,
278 4001 418 4085 τοῦμὲν
441 3996 603 4084 ὀνόματος
624 4005 800 4080 Μωυσέως
822 4000 917 4088 φόβῳ
939 4002 998 4066 τοῦ
1020 4005 1157 4064 κωνείου
1177 4021 1237 4080 με·

14 4087 163 4170 ιινῆσθαι
189 4082 315 4163 δεδιώς.
367 4088 422 4148 llio
448 4087 519 4148 illud
541 4086 690 4150 addimus:
719 4088 858 4150 irenaeus
880 4087 928 4148 ille
950 4085 1057 4148 excitet
1077 4084 1234 4158 lustinum,

14 4270 60 4323 reri
75 4266 243 4337 Δημητρίου.
281 4271 308 4322 ln
332 4273 433 4324 Plriloue
457 4279 528 4334 ertit,
553 4285 598 4324 eor
649 4271 794 4326 oddldoruut
811 4273 841 4323 de
860 4271 1035 4336 insolentem
1059 4269 1153 4335 primur
1170 4275 1236 4320 certo

14 4345 87 4393 >eum
115 4353 218 4400 orosee;
245 4341 297 4390 loro·
317 4341 382 4391 addit
406 4341 458 4404 lpse
485 4340 598 4392 lreuoeoe
648 4341 691 4392 ille
708 4342 822 4404 scriptor,
842 4339 964 4400 lusorem,
983 4338 1056 4390 rodet
1067 4337 1235 4388 sonoritatem

15 4407 144 4458 ’tolomaei
163 4421 244 4456 eurem
264 4408 351 4457 iecisse
371 4409 493 4466 lienosos,
511 4417 537 4458 ut
555 4423 598 4458 eos
648 4415 759 4474 repetere
770 4409 799 4456 eli
810 4407 969 4472 inspiratione
980 4407 1049 4456 lruiur
1058 4403 1235 4466 enodationis,

15 4483 151 4540 ιερειοιεις
171 4475 238 4524 Philo
258 4483 336 4524 ruteni
355 4475 413 4524 dicit
431 4475 499 4540 ipsos
516 4475 598 4525 siolo·
648 4475 763 4526 odrerroe
788 4475 887 4540 lqniloo
914 4483 939 4524 et
962 4473 1135 4526 'theodotionis
1161 4471 1235 4523 olium

15 4543 132 4601 introisse,
158 4551 183 4592 ut
209 4543 232 4590 in
258 4541 313 4593 loeo
336 4550 419 4592 essem
441 4551 506 4593 extro
531 4543 598 4592 urbis
648 4543 880 4609 interpretationem.

15 4611 147 4674 irrepitum.
182 4610 512 4686 ltaqueclrrietleuiqoldon
525 4609 599 4677 ploro
