3092 5234
446 375 581 420 lucrosa
603 377 644 419 xo.
667 377 733 420 suc.
758 377 919 420 namecca.
1228 365 1290 428 out

4 563 6 598 2
68 523 280 586 Tertullianum
302 526 438 604 potuisse
456 533 526 606 post
540 525 682 604 scriptum
704 525 782 586 huno
795 525 901 587 lilrrnm
917 527 953 588 ad
970 527 1162 590 Montanistas
1183 529 1290 604 delalu,

66 609 118 687 qui
149 617 207 672 tana
239 609 365 672 dilucide
401 610 578 671 sententiam
610 610 751 672 adversus
779 610 910 672 Montani
939 611 1069 672 scholam
1098 613 1210 674 dixerat
1245 613 1291 674 vel

4 731 6 760 r
65 693 147 754 hunc
166 693 285 767 librum,
308 695 337 754 in
360 713 419 772 quo
434 694 564 755 lllontani
587 693 756 756 molitiones
779 703 860 754 tauto
884 694 994 772 impetu
1017 696 1144 757 damnati
1166 698 1293 772 lucrant,

66 777 156 838 etiam
190 778 221 838 in
254 778 349 850 libris,
386 797 461 856 quos
489 785 627 855 tauquam
648 778 824 838 llontanista
852 779 989 851 exaravit,
1025 788 1059 839 ut
1087 779 1116 840 in
1140 780 1176 840 dc
1198 780 1290 842 Carne

67 861 178 923 Christi
206 864 245 937 (c.
269 865 299 926 2.
322 867 421 938 extu),
449 861 577 922 laudare.
632 861 733 940 Neque
762 881 831 922 vero
859 863 960 924 mirari
990 863 1056 942 quis
1080 863 1176 936 dehet,
1214 864 1289 924 Ter-

4 987 7 1022 7
66 945 220 1006 tullianum
249 953 309 1006 tem
336 965 369 1006 se
398 944 566 1007 adiunxisse
593 945 757 1006 defensioni
781 946 981 1008 doctrinarum
1003 947 1033 1008 in
1056 947 1291 1010 Christianorum

4 1085 6 1098 ,
64 1029 208 1090 Ecclesiis
230 1037 433 1108 susceptarum
455 1030 486 1090 in
518 1029 594 1090 libro
624 1047 711 1108 quem
741 1039 876 1108 tempore
897 1031 1071 1093 deiectionis
1094 1051 1165 1094 suae
1186 1031 1290 1094 abhis

4 1157 7 1166 .
65 1113 207 1174 Ecclesiis
222 1115 400 1193 scripseram
429 1123 491 1174 tom
507 1113 585 1174 enim
601 1114 658 1174 iam
674 1113 739 1190 ipso
755 1123 889 1192 tempore
909 1115 1067 1178 restinctus
1088 1115 1185 1194 aliquo
1201 1116 1291 1178 modo
1362 1157 1368 1164 -

4 1251 6 1278 2
64 1207 131 1258 erat
159 1197 208 1258 ille
240 1197 411 1259 Tertulliani
440 1197 470 1256 in
503 1215 589 1260 secus
624 1197 785 1258 sentientes
813 1197 994 1260 orthodoxae
1015 1199 1163 1262 Ecclesiae
1189 1201 1290 1262 socios

4 1327 6 1352 ,
63 1283 150 1342 iuror
181 1299 273 1360 seque
302 1282 415 1360 placato
438 1280 590 1361 paulisper
610 1280 708 1342 animo
732 1282 761 1341 in
793 1281 957 1343 haereticos
984 1291 1176 1357 converterat,
1212 1284 1291 1345 unde

63 1365 162 1426 maior
190 1383 258 1428 cunr
283 1374 363 1427 recte
393 1363 591 1426 sentientibus
617 1383 784 1428 consensus
815 1363 860 1426 vel
889 1367 990 1429 mitior
1020 1369 1056 1428 de
1077 1367 1115 1428 iis
1146 1367 1291 1428 sententia

4 1517 6 1530 ³
64 1447 172 1510 extitit

623 1559 639 1590 0

605 1651 635 1724 s.
657 1647 755 1708 xmo.

4 1843 10 1862 ‚
153 1781 214 1842 iam
230 1782 267 1842 de
281 1779 375 1852 libris,
399 1782 448 1859 qui
465 1790 535 1842 sunt
549 1781 586 1844 de
601 1780 695 1842 Carne
711 1781 821 1842 Christi
837 1783 931 1862 deque
944 1781 1048 1844 Carnis
1062 1783 1291 1845 Resurrectione

64 1884 127 1926 non
156 1873 202 1926 est
227 1864 305 1944 quod
325 1864 415 1925 mtxlta
436 1865 578 1937 dicamus,
604 1883 669 1926 urm
686 1864 766 1926 hunc
779 1883 815 1925 eo
831 1866 1029 1944 posteriorem
1048 1887 1115 1928 esse
1131 1867 1208 1928 illius
1223 1867 1290 1928 libri

4 2004 10 2022 ,
65 1950 97 2010 iu
119 1950 177 2010 hoc
200 1948 335 2011 excitatio
358 1947 431 2008 satis
454 1950 559 2010 doceat
580 1952 617 2019 lc.
640 1953 670 2012 2.
693 1967 723 2028 p.
747 1952 818 2012 379.
842 1949 876 2009 l).
906 1959 936 2010 ct
962 1970 992 2029 p.
1015 1953 1087 2016 380.
1111 1951 1166 2027 0.),
1187 1971 1220 2011 ac
1242 1949 1289 2012 ille

64 2033 184 2094 demum
213 2040 283 2112 post
310 2032 417 2093 librum
445 2034 482 2094 de
510 2031 732 2093 Haereticorum
763 2033 1000 2112 Praescriptione
1028 2034 1211 2116 compositus
1239 2034 1289 2106 sit,

4 2175 8 2190 ‚
62 2116 144 2195 quod
167 2117 272 2178 eodem
295 2117 386 2177 modo
408 2125 529 2195 apparet
549 2115 619 2188 (vid.
642 2119 672 2192 ξ.
696 2115 821 2188 XLlll.),
843 2124 873 2178 at
894 2125 993 2178 certus
1015 2118 1123 2179 horum
1145 2117 1288 2178 libromm

4 2275 5 2278 Ἴ
62 2218 160 2260 annus
183 2219 244 2262 non
267 2208 393 2260 constat
437 2201 561 2262 Restant
582 2200 671 2278 igitur
692 2200 712 2260 ii
734 2199 811 2272 libri,
835 2219 961 2280 quornm
983 2201 1071 2275 nulla,
1094 2209 1128 2263 ut
1149 2201 1220 2262 milri
1242 2201 1288 2261 vi-

4 2349 7 2372 b
62 2285 160 2356 detur,
182 2284 262 2344 ratio
281 2284 325 2344 vel
347 2283 451 2344 aetatis
474 2284 518 2344 vel
540 2284 690 2345 doctrinae
712 2285 787 2344 tradi
809 2293 910 2363 potest
931 2285 970 2356 (is
993 2286 1070 2346 enim
1100 2295 1163 2346 erat
1184 2284 1289 2346 tertius

62 2377 186 2429 nostrae
210 2368 381 2445 scriptionis
402 2366 508 2444 locus),
530 2368 567 2428 de
589 2367 696 2446 quibus
718 2387 783 2429 cum
806 2368 864 2442 alii,
887 2369 937 2447 qui
959 2387 1023 2429 eam
1045 2387 1107 2430 rem
1131 2389 1147 2428 a
1170 2387 1202 2428 se
1218 2386 1288 2445 per-

62 2460 195 2530 spectam
232 2460 385 2530 putarunt,
415 2451 582 2516 decrevisse
610 2451 666 2512 sihi
695 2451 751 2512 sisi
785 2453 846 2513 sint
876 2471 941 2514 cum
974 2453 1068 2530 aliqua
1103 2451 1287 2523 certitudine,

4 2531 6 2550 ”
61 2553 255 2613 quaecunque
277 2535 307 2594 in
330 2535 416 2596 istam
438 2553 501 2595 rem
524 2535 720 2613 disputarunt,
750 2555 783 2595 ca
806 2554 872 2608 nos,
896 2535 1002 2613 quibus
1024 2536 1119 2614 magis
1141 2535 1236 2612 quaoet
1258 2535 1288 2594 in

5 2693 7 2702 ,
60 2620 119 2679 hac
140 2637 227 2680 causa
249 2618 445 2680 verecundius
467 2618 559 2697 loqui,
583 2625 702 2696 oportet
718 2618 867 2695 paululum
894 2625 1047 2696 postremo
1062 2618 1127 2679 loco
1140 2626 1287 2680 excutere.

58 2703 117 2764 Est
144 2703 232 2764 huius
260 2703 378 2781 generis
407 2703 482 2763 liber
513 2703 550 2762 de
571 2701 770 2772 Poenitentia‚
808 2721 894 2779 quem
918 2702 1089 2762 Tertulliani
1117 2719 1186 2761 esse
1214 2701 1288 2760 adeo

6 2803 7 2806 ’
58 2787 188 2865 negabat
215 2786 357 2847 Erasmus
386 2784 529 2864 probatus
560 2785 589 2844 in
620 2785 673 2846 hac
698 2801 732 2844 re
760 2784 917 2845 allallaeo
945 2785 1112 2862 aliquando,
1142 2784 1229 2843 etiam
1253 2782 1288 2843 ab

6 2867 7 2872 ’
60 2871 252 2943 llollmanno,
286 2869 410 2930 maxime
443 2877 566 2947 propter
598 2866 657 2927 stili
687 2866 956 2928 dissimilitudinem
985 2868 1015 2926 in
1044 2866 1103 2926 lroc
1124 2865 1289 2943 ceterisque
1383 2911 1387 2922 .

60 2954 236 3016 Tertulliani
258 2952 360 3026 libris,
388 2969 476 3030 quarn
498 2969 564 3029 ego,
594 2954 696 3018 lateor.
726 2950 947 3027 deprehendere
975 2968 1036 3010 non
1059 2949 1132 3010 satis
1154 2967 1288 3028 possum,

5 3039 7 3058 '
60 3037 178 3100 etiamsi
211 3037 259 3099 liic
295 3055 354 3096 non
388 3044 446 3095 tam
475 3043 614 3114 appareat
640 3033 813 3112 impeditum
842 3033 912 3094 illud
942 3041 971 3094 et
998 3033 1147 3095 concisum
1173 3030 1289 3092 dicendi
1393 3074 1403 3089 .

59 3140 168 3200 genus,
192 3119 271 3200 quod
294 3128 397 3196 regnat
419 3118 448 3179 in
472 3119 589 3179 ceteris.
643 3117 744 3194 Neque
773 3118 852 3177 eninr
881 3125 958 3178 tauta
988 3125 1049 3182 est.
1072 3123 1178 3194 quanta
1202 3123 1287 3192 puta-

5 3207 6 3218 *
59 3215 120 3279 tor,
144 3206 218 3266 haec
239 3201 459 3276 dissimilitudo,
483 3202 534 3262 sed
558 3203 659 3262 eadem
681 3201 771 3260 lraota
794 3207 824 3261 et
844 3201 1007 3278 interrupta
1029 3199 1117 3260 dictio
1138 3198 1186 3259 hic
1200 3205 1289 3270 extat,

61 3304 139 3364 quae
162 3295 209 3349 est
229 3287 258 3348 in
281 3285 345 3347 aliis
367 3286 514 3370 mitigatae
535 3285 684 3365 paulisper
705 3284 842 3346 dictionis
869 3285 971 3354 libris,
1000 3283 1087 3344 veluti
1115 3282 1145 3343 in
1173 3281 1211 3343 iis
1239 3279 1289 3360 qui

6 3377 7 3382 ’
63 3378 137 3429 saint
164 3373 199 3432 de
231 3370 373 3432 Patientia
410 3370 505 3448 deque
526 3371 605 3448 Fuga
636 3369 667 3430 in
688 3368 909 3430 Persecutione.
954 3368 1000 3429 Sit
1025 3367 1114 3446 igitur
1141 3366 1189 3426 liic
1215 3365 1289 3426 liber

63 3451 200 3529 Septimii
221 3454 327 3524 nostri,
350 3454 402 3514 sed
426 3473 494 3514 eum
517 3473 583 3516 cum
606 3453 759 3524 scriberet,
783 3453 936 3516 cuiusnam
959 3459 1056 3513 sectae
1081 3450 1169 3511 luerit
1191 3448 1288 3510 dicere

6 3537 7 3540 ’
61 3553 127 3596 non
159 3535 264 3596 audeo.
329 3538 366 3598 m
401 3537 449 3598 hio
476 3536 661 3600 intercedunt
689 3538 751 3598 lere
789 3554 893 3598 omnes
931 3535 1185 3611 certissimumque
1221 3550 1290 3592 esse

61 3618 146 3679 aiunt
173 3637 238 3680 cum
270 3620 451 3682 Orthodonis
482 3629 543 3682 tum
572 3620 785 3682 Tertullianum
821 3619 965 3688 sensisse,
1002 3636 1128 3694 namque
1165 3626 1194 3674 ot
1222 3632 1289 3706 eum

61 3701 161 3762 coetui
184 3721 268 3763 sacro
290 3713 466 3782 potestatem
489 3705 651 3765 concedere
680 3703 784 3764 delicta
812 3701 998 3764 condonandi
1026 3701 1072 3771 iis,
1100 3699 1150 3775 qui
1172 3713 1289 3788 gravius

61 3794 246 3866 peccassent,
269 3803 358 3862 quam
379 3805 506 3862 prorsus
529 3785 726 3848 destruxisset
747 3786 776 3846 iu
799 3786 875 3846 libro
898 3784 935 3846 de
956 3782 1113 3854 Pudicitia,
1136 3787 1166 3840 et
1186 3779 1217 3837 in
1239 3777 1288 3871 illo

62 3871 141 3932 libro
164 3869 263 3946 ipsum
284 3865 365 3928 illum
387 3867 531 3944 profiteri,
554 3887 587 3928 se
608 3885 686 3930 nnnc
707 3871 860 3930 confutare
882 3867 955 3928 velle
976 3866 1084 3928 lilrrum
1108 3879 1196 3940 quem
1219 3859 1289 3919 olim

63 3952 184 4016 haeresi
215 3949 381 4012 communis
414 3949 562 4010 Ecclesiae
599 3949 733 4012 addictus
761 3969 816 4029 pro
853 3951 909 4012 hac
935 3955 1081 4027 potestate
1109 3943 1289 4021 scripsisset.

7 4041 9 4076 ³
64 4037 98 4098 ln
120 4051 177 4112 qua
199 4033 337 4095 universa
359 4032 556 4112 disputatione
578 4033 671 4094 multo
694 4033 856 4110 sapientior
878 4034 949 4094 milri
968 4031 1082 4090 videtur
1096 4027 1290 4088 llollmanuus

7 4141 9 4164 τ
65 4137 154 4198 quam
182 4118 215 4179 in
242 4117 358 4178 ceteris.
418 4115 550 4194 Namque
578 4115 615 4186 (l.
639 4133 665 4174 c.
689 4117 719 4189 5,
741 4114 831 4188 lllll.)
859 4115 959 4190 pulcre
992 4110 1169 4179 monetis,
1202 4109 1290 4184 longe

7 4215 8 4246 t
66 4203 212 4264 diversam
236 4219 304 4261 esse
326 4199 530 4278 quaestionem
552 4199 583 4260 in
605 4197 682 4258 libro
706 4198 742 4258 de
763 4197 949 4258 Poenitentia
971 4192 1158 4272 propositam
1186 4190 1221 4251 ab
1234 4207 1288 4284 ea,

7 4305 8 4332 ³
65 4303 154 4366 quam
177 4283 377 4345 Tertullianus
400 4283 430 4343 in
453 4281 666 4344 commentario
690 4299 781 4359 super
801 4278 943 4342 Pudicitia
960 4276 1071 4356 posuit,
1093 4283 1180 4352 atque
1202 4280 1289 4334 etiam

7 4381 8 4416 ³
64 4368 261 4432 llontanistas
299 4385 387 4427 omne
420 4365 490 4426 illud
522 4366 659 4444 potuisse
689 4364 862 4435 defendere,
893 4361 971 4440 quod
1006 4366 1054 4420 est
1088 4360 1119 4419 in
1147 4357 1223 4417 libro
1252 4355 1289 4416 de

42 4452 249 4515 ·Poenitentia
276 4449 474 4529 propositum.
533 4449 675 4510 Videlicet
702 4461 772 4507 non'
790 4464 882 4525 super
905 4463 938 4506 ea
960 4462 994 4505 re
1016 4449 1079 4502 erat
1100 4439 1290 4534 Orthodoxos

61 4538 142 4599 inter
163 4545 194 4598 et
214 4533 409 4596 Montanistas
432 4533 580 4612 quaestio:
617 4537 781 4612 possentne
808 4529 840 4604 ii,
868 4529 918 4609 qui
947 4528 983 4590 ud
1004 4525 1203 4604 impuritatem
1224 4541 1289 4602 pn·

98 4641 257 4686 Txurnttunr
269 4650 321 4683 orr.
336 4650 373 4682 xn.
389 4647 488 4682 οιιιιι.
514 4636 578 4680 Tam.
596 4633 635 4678 lll.
1050 4627 1083 4677 39
