3092 5234
441 395 578 441 sacrans
598 396 641 440 rc.
663 395 731 440 aaa.
752 395 917 441 suessam.
1226 379 1289 444 eut

65 561 132 605 rem
154 541 304 606 aanor
326 543 482 624 dapsiles,
504 543 600 624 inquit
621 543 785 623 mapotog.
808 561 871 623 cap.
887 547 951 616 tt,
970 544 1209 622 praescribebat
1231 545 1288 606 od

64 628 177 689 ulteris
204 631 331 698 noema,
359 628 447 690 ilices
473 647 537 690 ease
563 627 699 705 reguiam
720 633 866 698 amictis,
894 645 971 709 qscs
991 632 1092 690 oetier
1113 646 1133 688 o
1156 627 1286 701 diriora

67 715 252 774 transmisso
275 730 335 790 per
363 715 483 774 comites
511 716 617 791 ipsius,
647 713 754 792 quibua
782 711 946 792 siquando
964 715 1153 791 posteriores
1176 713 1291 776 dr'eersi

64 798 123 856 isti
143 805 390 858 commentatores
400 795 636 876 proiciuntur.
670 796 794 856 deatum
816 811 886 856 vero
908 793 1071 866 bominem,
1092 794 1142 872 qni
1163 813 1229 857 cum
1252 795 1289 858 de

65 877 303 957 praescriptione
325 878 415 951 audit,
437 878 525 940 edam
546 877 653 940 librum
674 897 765 957 saper
786 897 819 940 ea
841 897 875 939 re
896 877 1038 957 scriptam
1059 876 1152 939 videti
1195 878 1240 940 iit·
1254 895 1290 940 ea

68 960 190 1039 quidem
218 961 398 1042 oppugnatio
427 962 463 1022 ad
492 970 614 1024 aculem
643 962 732 1024 baius
758 962 825 1024 libri
852 963 947 1041 magia
967 961 1150 1041 pertinebats
1182 968 1290 1036 cetera,

66 1045 177 1122 quibus
201 1065 234 1106 se
256 1046 378 1108 adactos
399 1064 434 1107 eo
457 1046 568 1117 dicuat,
596 1053 629 1106 at
649 1045 729 1106 bunc
747 1045 855 1106 librum
879 1065 895 1106 s
916 1064 1041 1108 numero
1062 1044 1289 1119 iiontsaietico·

66 1147 136 1190 rura
158 1129 386 1206 proscriberent,
408 1129 482 1190 baec
503 1138 581 1190 suat
606 1129 738 1190 Primum
754 1129 1290 1192 Whistoausadieotumlibroaostro

64 1211 210 1285 libellam,
242 1213 292 1291 qni
313 1213 479 1274 baereticae
502 1219 587 1277 ortos
606 1213 638 1274 in
659 1213 767 1274 familia
789 1213 1022 1275 Christianorum
1043 1221 1189 1286 recenset,
1211 1213 1291 1276 aaa·

66 1296 118 1368 cit,
140 1296 174 1356 in
194 1313 255 1374 quo
276 1295 446 1374 planissime
468 1293 502 1358 oi
522 1292 606 1359 rond
624 1293 758 1378 Φρύγας
777 1297 917 1358 baeretid
938 1298 1189 1370 condemnatum
1210 1296 1313 1376 quod'

65 1387 153 1440 esset
173 1386 378 1465 argumentum
400 1380 480 1440 anilo
503 1381 592 1440 modo
614 1381 802 1452 eludendum,
826 1379 861 1452 si,
884 1381 963 1458 quod
984 1381 1169 1459 probandum
1191 1381 1290 1442 susci·

64 1463 113 1540 pit
141 1451 334 1536 Whistoaus,
368 1461 416 1524 bic
449 1463 565 1525 libellas
594 1463 733 1525 vindicari
763 1464 944 1526 Tertulliano
972 1473 1087 1543 posset.
1132 1464 1192 1526 Sed
1219 1465 1290 1543 qnid

67 1564 126 1624 pro
155 1547 300 1608 sententia
330 1547 420 1608 bodie
448 1547 557 1607 ariris
580 1547 674 1609 doctis
696 1565 821 1626 prorsus
843 1548 998 1626 profligata
1019 1549 1158 1626 disputet,
1186 1549 1290 1610 audia-

65 1647 137 1690 mus
161 1638 268 1691 tamen.
297 1629 379 1691 idem
400 1639 455 1704 est,
478 1631 527 1702 ait,
550 1631 581 1691 iu
603 1631 670 1704 boc,
692 1632 770 1710 quod
785 1631 815 1692 ia
834 1631 954 1709 scriptis
968 1632 1151 1704 Tertulliani,
1174 1631 1291 1694 dicendi

67 1731 173 1790 genus.
203 1713 362 1785 Quomodo
384 1712 527 1776 undem?
550 1714 659 1776 Graeca
681 1716 800 1794 saepius
823 1715 911 1776 rerba
925 1715 1041 1776 iibeiius
1055 1715 1153 1778 latinis
1168 1715 1290 1790 miscet3

66 1796 199 1874 loquitur
220 1815 257 1857 eo
278 1797 379 1870 ruodo,
402 1817 461 1877 quo
483 1797 610 1859 dirieani
632 1798 739 1871 soient,
768 1797 889 1860 horrido
909 1799 959 1860 iiio
982 1807 1012 1861 et
1032 1816 1127 1877 paene
1146 1798 1290 1874 barbam

67 1879 164 1940 acatis
193 1879 384 1959 persequitur
409 1882 577 1944 haereticos
605 1881 861 1956 conclusiunculis,
889 1883 980 1944 muita
1000 1883 1088 1944 etiam
1111 1901 1147 1944 ex
1166 1883 1289 1944 irenaeo

68 1962 176 2036 sumit3
204 1963 332 2042 denique
359 1964 525 2026 haereticos
553 1973 654 2026 narrat
674 1985 691 2027 a
713 1965 892 2028 Tertulliano
914 1974 1173 2042 commemoratos,
1201 1967 1291 2030 etiam

68 2065 133 2117 eos,
164 2065 241 2124 quos
269 2065 345 2110 unus
373 2048 422 2109 iiie
448 2049 547 2121 babet,
580 2048 669 2111 veluti
696 2049 841 2111 Ebioaem
870 2058 900 2110 et
920 2050 1061 2111 Praxean.
1105 2051 1142 2112 At
1169 2050 1205 2122 si,
1239 2050 1291 2129 qai

66 2130 148 2190 bunc
174 2129 303 2191 iibeiium
332 2131 462 2210 scripsit,
489 2134 559 2194 dier
584 2151 694 2211 genere
715 2134 779 2206 luit,
809 2133 855 2194 rei
877 2133 1090 2196 Tertullianum
1110 2132 1291 2212 descripsit?

65 2212 147 2274 Nihil
169 2213 205 2274 ad
227 2215 301 2275 baec
321 2215 505 2277 Wbistoaus.
548 2216 778 2296 Progrediamur
799 2235 880 2296 ergo.
924 2217 1094 2280 Clarissima
1108 2217 1290 2294 Augustiana

66 2296 279 2367 (delinara.
303 2300 383 2376 86.):
415 2299 621 2363 Tertullianus
644 2306 770 2364 transiit
792 2303 831 2362 od
853 2301 999 2380 Plrppos,
1027 2321 1101 2381 quos
1124 2311 1214 2363 lacteo
1236 2303 1289 2362 de-

69 2393 241 2443 strunerot.
287 2382 411 2444 Ubinam
446 2383 587 2445 tandem?
630 2385 792 2464 Nusquam,
821 2385 862 2446 ait
889 2385 1077 2458 Whistauus,
1106 2393 1166 2446 mm
1194 2385 1290 2463 ample

66 2481 156 2541 quam
178 2465 208 2524 in
229 2466 285 2526 bac
306 2467 476 2546 appendice.
521 2467 607 2529 Certe
629 2469 744 2531 audiam
766 2470 844 2530 unde
865 2469 938 2530 baec
950 2469 1124 2530 Whistonas
1145 2468 1290 2529 didicerit.

67 2547 267 2627 Hieronymus
295 2551 439 2612 adversas
461 2551 665 2613 Luciferisnos
688 2571 724 2612 ex
745 2553 812 2624 boc,
843 2552 880 2612 de
902 2569 961 2630 quo
983 2552 1162 2630 quaerimus,
1192 2551 1289 2612 iibeiio

66 2631 160 2692 muita
183 2639 331 2711 tamquam
354 2652 389 2694 er
411 2635 533 2713 anuqao
555 2635 667 2714 scripto
690 2635 790 2706 sumit,
813 2635 941 2712 itemque
962 2635 1155 2714 Epiphanius.
1192 2635 1237 2694 Sit
1250 2635 1291 2696 ita

65 2733 152 2786 sane,
175 2715 387 2796 descripserint
407 2718 497 2795 igitar
517 2717 625 2790 muita3
647 2735 717 2796 ergo
739 2718 788 2778 hic
808 2717 924 2778 libellas
945 2735 1080 2796 magnam
1101 2718 1191 2778 babet
1211 2717 1289 2777 anti-

64 2799 226 2878 quitatem:
248 2801 337 2862 babet
364 2802 515 2878 prolecto,
544 2801 631 2862 etiam
654 2800 834 2862 Tertulliano
862 2802 938 2861 iorte
966 2801 1133 2879 aequalem
1155 2817 1192 2860 aa
1221 2817 1290 2860 eum

66 2884 157 2943 etiarn
178 2892 331 2962 parentem
353 2884 468 2954 babeat,
501 2883 532 2944 id
554 2885 685 2946 noudum
707 2884 792 2946 video
815 2903 831 2944 a
853 2884 1011 2944 Whistooo
1033 2884 1151 2962 planum
1173 2881 1221 2942 bis
1242 2891 1289 2943 te·

66 2965 219 3028 stimoaiis
241 2970 360 3029 lamam.
389 2967 502 3028 Deinde
523 2967 685 3030 abhorrere
705 2967 901 3040 arbitrantur,
924 2967 1003 3046 quod
1018 2966 1215 3028 Tertullianus
1238 2983 1289 3026 se-

63 3060 188 3130 paratas
211 3069 227 3111 a
249 3051 398 3112 communi
419 3051 550 3112 Ecclesia
572 3051 726 3131 scripserit
746 3051 854 3112 librum
877 3060 934 3112 um
957 3051 1065 3112 beilum
1088 3057 1205 3129 tamque
1225 3049 1289 3110 ior-

65 3145 129 3196 tem
156 3135 192 3196 ad
215 3134 405 3213 exagitandos
428 3151 543 3208 omnes,
570 3135 621 3213 qui
643 3155 676 3196 se
697 3135 851 3197 erroribus
873 3135 909 3212 ab
931 3135 1062 3196 Ecclesia
1083 3141 1290 3214 separasseat3

64 3237 112 3290 ac,
136 3219 252 3280 etiamsi
273 3227 352 3280 tanta
373 3217 418 3279 aie
440 3218 512 3279 insit
532 3219 656 3292 veritati,
679 3219 809 3281 atetiaru
821 3218 920 3279 inritis
932 3237 965 3279 se
980 3218 1219 3296 conspiciendam
1235 3217 1289 3278 da-

64 3303 303 3382 fendendamque
324 3302 474 3381 praebeat,
496 3303 560 3382 ipse
575 3321 694 3383 quoque
704 3303 918 3364 Tertullianum
932 3303 1052 3381 saepius
1068 3303 1097 3363 ia
1112 3301 1196 3363 libris
1211 3301 1291 3362 baud

65 3386 158 3447 dubie
179 3387 420 3449 iulioataaisato
442 3387 620 3466 conscriptis
641 3386 868 3468 praescriptioni
889 3387 1030 3448 adversas
1051 3386 1217 3448 haereticos
1239 3385 1289 3446 ia-

65 3471 170 3543 sistat,
198 3479 296 3533 umen
325 3479 405 3533 tanto
434 3489 500 3533 carm
528 3471 653 3533 coasilio
682 3481 713 3533 et
740 3470 932 3550 amplitudine
963 3489 1109 3550 nusquam
1141 3471 1201 3530 boc
1229 3469 1288 3530 teio

66 3573 137 3616 eura
164 3555 258 3617 luisse
285 3573 372 3617 usam
400 3556 632 3618 animadvertere
662 3556 773 3618 iubeat
819 3555 901 3628 Quae
929 3555 1087 3643 disputatio
1116 3563 1164 3614 est
1185 3553 1290 3630 magis,

66 3657 156 3717 quarn
184 3639 283 3712 decet,
311 3647 422 3718 arguta.
466 3640 539 3700 iiam
566 3641 778 3712 bioatanistae,
806 3640 871 3719 ipse
899 3639 987 3700 etium
1016 3638 1229 3708 Tertullianus,
1259 3635 1290 3696 id

67 3722 148 3801 quod
170 3730 288 3783 constat
309 3726 349 3792 (r.
372 3723 410 3784 de
430 3722 524 3783 leina.
547 3742 572 3783 c.
591 3727 619 3783 l.
641 3723 679 3785 de
700 3723 853 3800 Virgilei.
876 3724 968 3796 ab),
990 3739 1139 3799 nunquam
1161 3737 1195 3778 se
1215 3717 1290 3778 alie-

68 3824 126 3866 nos
153 3804 183 3864 in
211 3805 356 3864 doctrinis
382 3805 418 3864 ad
447 3805 535 3865 iidem
563 3807 778 3883 pertinentibus
799 3804 836 3867 ab
859 3805 1039 3866 Ortbodoris
1060 3802 1187 3882 protessi
1210 3808 1293 3876 sunt,

68 3904 164 3963 neque
187 3887 388 3948 Tertullianus
421 3905 544 3965 usquam
571 3887 729 3965 Psycbicos
757 3889 843 3966 qioait
863 3888 893 3948 ia
916 3907 1040 3948 numero
1061 3887 1288 3957 baereticorum,

70 3969 125 4032 sed
146 3969 184 4030 ab
205 3970 241 4030 iis
262 3970 435 4050 planissime
450 3969 605 4048 distinguit
627 3971 1012 4049 (e.g,iniibrodebioaog.
1025 3969 1179 4040 subicit).
1202 3968 1290 4028 iiodo

70 4053 254 4115 emendatam
281 4053 400 4115 aiebant
427 4061 457 4115 et
484 4055 656 4134 perductam
682 4055 720 4115 ad
747 4055 960 4134 perlectionem
987 4053 1173 4131 disciplinam
1195 4069 1289 4124 snam,

70 4154 174 4215 aeque·
193 4137 225 4198 in
251 4137 353 4210 rebus,
382 4157 456 4216 quae
484 4138 540 4199 sub
567 4139 656 4200 fldem
685 4138 802 4210 cadant,
830 4138 866 4199 de
897 4137 1005 4216 quibas
1033 4135 1182 4196 dissensio
1205 4135 1290 4196 unica
1317 4213 1320 4218 Ι

69 4221 234 4282 haereticos
256 4221 418 4296 concubuit,
440 4241 473 4283 sc
495 4223 696 4301 discrepantes
719 4241 734 4282 a
757 4221 890 4284 doctrina
905 4220 1016 4282 Christi
1038 4227 1067 4280 et
1086 4217 1290 4298 apostolorum

69 4305 292 4367 confirmabant.
322 4305 422 4384 itaque
443 4305 516 4367 nihil
538 4305 639 4367 mirari
660 4305 763 4368 attinet
782 4305 863 4383 qaod
884 4312 978 4365 aetate
999 4303 1158 4364 recentiori
1177 4301 1289 4365 docui-

69 4407 172 4451 aaram
207 4390 244 4451 ab
277 4389 435 4451 haereticis
467 4391 657 4452 defensorum
690 4396 895 4468 argumentum
928 4388 965 4448 ad
992 4405 1046 4449 eos
1073 4387 1288 4466 impugnandos

69 4473 194 4534 duxerit.
239 4474 370 4534 Alterum
391 4492 461 4535 veru
483 4473 555 4536 iliud
578 4472 758 4536 Tiiiemontii
780 4471 853 4533 nibil
874 4481 930 4534 est.
973 4471 1088 4534 Etenim
1111 4471 1168 4533 etsi
1189 4471 1319 4533 susci-'

69 4557 157 4635 piam,
191 4557 272 4637 qnod
303 4557 352 4618 bic
383 4557 519 4632 coasilio,
553 4558 659 4620 sedin
682 4556 788 4620 ceteris
811 4555 894 4618 libris
916 4554 1022 4629 obiter,
1056 4555 1092 4618 de
1114 4555 1169 4618 bac
1189 4554 1290 4636 regria
