3122 5250
472 388 606 438 lucrose
628 387 687 434 sue.
709 387 747 434 ca
767 387 894 442 noum.
1230 374 1298 442 331

92 550 119 604 et
142 541 291 604 tormentis
317 539 399 621 leges
428 539 531 602 haberi
558 539 714 620 imperant.
756 538 823 603 Non
849 539 936 610 &aaa
956 540 1065 622 quippe
1086 540 1125 604 ob
1146 542 1294 612 rationem

90 625 207 688 uerceri
235 624 352 700 debent,
380 643 468 705 quarn
494 633 529 688 ut
548 633 719 704 retegantur
738 625 861 690 crimina
882 633 913 686 et
931 624 1051 692 illorum
1071 628 1198 692 accusati
1220 647 1256 692 ea
1277 649 1296 692 a

90 729 120 770 se
143 711 299 774 commissa
325 711 481 772 fateantur.
525 709 631 772 Omnia
651 727 777 790 namque
799 709 903 790 placita
923 709 1099 792 principum,
1130 712 1158 776 si
1178 715 1295 794 tyranni

89 813 141 856 nou
167 795 237 870 sint,
265 794 342 858 iusta
370 802 490 857 senatus
520 795 652 858 consulta
679 794 811 874 aliaeque
832 794 919 876 ,leges
950 815 1012 858 nou
1033 796 1154 860 omnino
1176 798 1294 878 iniquae

86 879 260 960 praecipiunt
280 880 377 944 mulos
399 883 473 952 mi,
495 897 559 942 eoa
578 879 730 952 abscondi,
752 879 841 944 verba
855 881 1075 944 suntlluctoris
1090 882 1196 957 ausui,
1219 901 1294 948 coo·

87 966 177 1044 sessor
198 967 348 1037 dumnors',
371 983 434 1028 aon
455 963 573 1027 obsoleo·
592 964 677 1038 (lbid.
701 971 730 1026 et
749 963 800 1026 lih
822 965 846 1028 l.
868 965 904 1028 ad
925 963 1042 1028 Notion.
1064 985 1129 1046 cup.
1151 969 1205 1042 2).
1248 969 1293 1032 td

86 1049 230 1130 Scapulam
252 1068 322 1112 reru
344 1048 470 1110 iudicem
492 1048 628 1112 similiter
649 1048 809 1114 scribebat:
839 1049 920 1123 Quid
940 1050 1070 1132 emplius
1092 1053 1148 1116 tids'
1165 1053 1294 1118 mondo·

86 1145 133 1196 ter
160 1154 251 1216 pom
272 1144 411 1196 nocentes
434 1133 589 1213 consecres
613 1134 765 1206 demeare,
797 1147 938 1216 negantes
961 1145 1061 1199 eutem
1080 1137 1121 1200 ud
1141 1147 1293 1206 tomento
1345 1175 1347 1178 ·

86 1237 220 1284 reuocare
242 1219 336 1294 (ldem
357 1218 408 1280 lib.
430 1217 466 1295 ad
489 1217 604 1299 Scapul.
627 1236 691 1298 cap.
712 1216 780 1296 hl?

158 1304 368 1366 Verauutameu
389 1301 498 1366 edrnici
520 1311 622 1364 contra
646 1303 722 1365 hanc
742 1311 821 1369 taum
843 1302 986 1382 aequitate
1006 1305 1220 1385 praescriptam
1241 1305 1290 1370 lur-

84 1387 268 1451 dicandorum
296 1406 416 1450 reorum
438 1405 573 1450 normam
594 1386 777 1450 Christianos
799 1405 860 1450 non
881 1387 918 1450 ad
940 1387 1056 1467 aliquod
1077 1389 1174 1452 scelus
1196 1391 1290 1452 conb-

88 1472 205 1547 tcndum,
228 1473 285 1535 sed
306 1471 472 1552 negandum
493 1471 704 1534 crudelissimis
726 1472 931 1552 quaestionum
953 1473 1108 1536 tormentis
1129 1473 1289 1554 compelle-

87 1555 153 1618 bant.
180 1557 364 1620 Persuasum
387 1574 457 1634 ergo
479 1556 588 1618 habere
609 1555 774 1618 debuerunt
793 1556 861 1617 illos
884 1575 950 1618 esse
971 1556 1110 1618 innoxios
1131 1567 1160 1620 et
1181 1558 1290 1622 nullius

22 1691 23 1720 q
86 1659 145 1704 reos
165 1642 313 1716 criminis,
341 1640 448 1722 quippe
470 1641 521 1720 qui
542 1640 612 1702 illud
634 1641 670 1703 ab
692 1640 766 1720 ipsis
788 1641 887 1721 negari
917 1640 1022 1704 vellent
1048 1649 1098 1707 aut
1119 1661 1183 1717 eos,
1211 1642 1292 1723 quod

22 1743 23 1784 T
85 1727 156 1788 uelas
182 1735 242 1802 est,
275 1726 301 1790 si
329 1726 515 1798 reiterant,
543 1726 629 1804 piane
657 1724 786 1786 mentiri.
839 1725 1019 1798 Quaestione
1048 1726 1194 1806 siquidem
1221 1727 1292 1792 torti

85 1811 238 1874 latebantur
258 1811 411 1892 palamque
433 1809 596 1872 clamabant
617 1828 651 1871 se
672 1829 741 1872 esse
762 1809 955 1874 Christianos.
1000 1809 1058 1875 Sed
1081 1811 1199 1887 ethnici,
1220 1812 1289 1893 qui·

22 1907 23 1970 f
85 1893 131 1958 bus
156 1896 231 1960 alios
263 1896 435 1958 confitentes
457 1913 527 1956 reos
548 1894 674 1974 amplius
695 1904 834 1974 torquere
854 1897 899 1957 las
920 1913 982 1956 non
1003 1903 1075 1970 erat,
1106 1896 1290 1963 christiam

84 1979 163 2044 dirius
183 1980 329 2044 iubebant
349 1979 482 2054 cruciari,
505 1979 601 2042 donec
620 1989 762 2059 negarent
783 1987 833 2042 aut
853 1987 1036 2046 necarentur.

155 2066 248 2128 Recte
273 2084 344 2143 ergo
366 2064 562 2126 Tertullianus
583 2063 649 2126 illos
671 2064 715 2128 sic
735 2071 834 2144 urget:
860 2064 967 2130 Videtis
989 2065 1133 2146 quomodo
1155 2069 1216 2145 ipsi
1234 2083 1289 2130 eos

84 2163 178 2214 contro
199 2151 349 2214 madoco
369 2150 499 2229 (edotio,
521 2162 556 2214 ut
572 2150 725 2230 confessos
740 2168 850 2228 negare
865 2154 985 2231 cogatis.
1014 2151 1093 2213 Adeo
1109 2150 1293 2230 confitemini

22 2227 23 2302 ἶ
85 2237 244 2298 irrorantes
279 2254 342 2297 rese
363 2252 431 2310 uos,
459 2251 532 2314 quos
554 2235 699 2298 oomaora
721 2239 822 2296 stotr'ot
843 2251 883 2296 eac
904 2234 1092 2314 consessione
1112 2252 1174 2298 reon
1195 2234 1289 2300 rotro

22 2325 23 2404 ᾗ
84 2317 164 2387 tidem
184 2319 239 2384 lib.
263 2319 302 2380 ad
324 2318 440 2400 Scapul.
463 2337 526 2397 cap.
549 2322 602 2395 4.).
631 2319 669 2380 ht
689 2327 767 2380 certe
789 2317 820 2379 hi
840 2325 920 2380 tanta
940 2318 1036 2398 legum
1059 2335 1179 2381 suarum
1199 2337 1288 2399 prae·-

85 2405 250 2466 raricatione
279 2421 313 2464 se
341 2403 426 2482 ipsos
445 2403 686 2466 manilestissime
707 2402 949 2466 condemnabant
993 2403 1176 2466 Christianos
1208 2401 1289 2466 eninr

68 2495 130 2549 'nec
148 2490 268 2552 auditos
290 2506 346 2548 nec
367 2487 504 2549 defensos
537 2495 673 2567 tanquam
696 2489 826 2550 omnium
847 2488 878 2548 in
900 2488 982 2556 deos,
1015 2487 1104 2567 leges,
1126 2487 1287 2567 imperato·

84 2589 135 2646 res,
153 2593 258 2635 mores
279 2568 494 2650 ipsamquen'ret
514 2581 615 2633 contra
637 2581 771 2633 naturam
792 2572 949 2634 criminum
970 2591 1039 2634 reos
1061 2571 1287 2634 insectabantur.

85 2654 149 2718 uun
168 2677 239 2738 crgo
267 2656 435 2718 nitebantur
456 2657 523 2718 illos
545 2657 717 2736 quaestione
738 2657 775 2720 ad
797 2676 830 2718 ea
852 2656 983 2736 neganda
1005 2656 1131 2736 adigere,
1152 2655 1287 2718 latebam.-

85 2749 124 2802 tur
147 2745 250 2824 utique
278 2749 339 2802 tam
365 2741 437 2803 lalsa
465 2760 532 2803 esse
562 2759 596 2801 ea
623 2741 754 2814 crimina,
783 2759 870 2819 quam
898 2759 1011 2803 summa
1038 2749 1101 2802 erat
1120 2740 1237 2802 illorum
1254 2749 1289 2802 et

83 2823 236 2890 innocentia
264 2833 294 2886 et
315 2825 476 2904 integritas.
520 2824 554 2884 ln
574 2825 629 2886 hac
650 2824 747 2904 itaque
768 2834 826 2886 tam
849 2826 996 2886 horrenda
1017 2823 1178 2887 eorundem
1200 2823 1286 2886 Chri·

84 2911 234 2974 stlanorum
268 2909 421 2972 vexatione
447 2927 508 2970 nou
536 2908 622 2981 aliud,
651 2908 736 2970 sicuti
762 2909 859 2970 aiebat
885 2908 1091 2982 Tertullianus,
1119 2908 1177 2969 nisi
1206 2908 1286 2970 chri-
1352 2965 1354 2970 .

84 2994 160 3058 suani
179 2999 315 3060 nononis
334 2993 486 3074 proellum
507 3004 551 3056 ast
573 2993 665 3066 (ldem
685 2992 835 3072 apologet
858 3011 921 3072 cap.
937 2996 991 3069 2.),
1013 2993 1044 3056 iu
1065 3011 1123 3072 quo
1146 3000 1286 3073 negantes

83 3076 302 3148 absolvebantur
323 3087 409 3157 atque
432 3076 708 3138 excarnificabantur
730 3077 912 3140 confitentes.

156 3165 261 3245 Neque
282 3162 432 3244 putareris
454 3160 611 3240 quidquam
632 3160 667 3222 ab
690 3161 739 3224 illo
761 3161 800 3223 ibi
816 3171 866 3224 aut
888 3161 986 3224 liobam
1008 3169 1058 3224 eut
1072 3171 1285 3242 exaggeratum.

83 3243 146 3310 llam
168 3251 274 3312 eadem
295 3249 382 3328 plane
403 3247 497 3308 luerat
516 3265 578 3307 non
600 3247 696 3310 solum
711 3246 813 3309 lustini
827 3245 969 3326 Martyris,
991 3246 1202 3326 Athenagorae,
1225 3247 1286 3309 Ta·

22 3353 23 3406 p
86 3331 155 3408 tam,
180 3344 214 3397 ut
242 3333 313 3396 alibi
340 3332 465 3396 vidimus
493 3333 576 3408 (tom.
597 3331 620 3394 l.
649 3332 785 3412 Apparet.
813 3350 844 3410 p.
866 3333 938 3396 354.
961 3333 1032 3396 356.
1055 3335 1113 3394 471
1139 3339 1169 3394 et
1190 3335 1286 3409 523·),

22 3437 23 3440 ¹
87 3416 131 3478 sed
155 3417 304 3482 Melitouis
334 3417 438 3491 etiam,
471 3415 556 3478 sicuti
585 3418 677 3478 relert
703 3415 850 3478 Eusebius
883 3415 1002 3490 (Euseb.
1023 3416 1075 3478 lib.
1096 3415 1144 3478 lv.
1171 3417 1285 3480 llistor.

22 3545 23 3550 1
86 3497 184 3565 Eccles.
206 3521 272 3583 cap.
295 3504 346 3567 26.
369 3521 398 3582 p.
423 3504 517 3576 147),
548 3501 661 3580 publiea
694 3500 899 3582 expostulatio.
941 3500 1041 3565 Palam
1073 3501 1180 3580 quippe
1210 3521 1284 3564 con*

22 3624 37 3660 ¹·
88 3588 170 3660 questi
190 3595 273 3663 sunt,
295 3585 427 3666 quamvls
448 3585 559 3648 nullum
580 3604 689 3648 nomen
711 3605 745 3648 ex
768 3605 802 3648 se
822 3585 889 3666 ipso
910 3585 1022 3650 bonum
1043 3586 1084 3648 sit
1103 3595 1153 3648 auat
1166 3586 1285 3660 malum,

22 3705 23 3710 κ
87 3667 258 3736 Christianos
288 3679 384 3734 tamen
411 3689 497 3732 suum
524 3670 672 3732 dumtaxat
697 3671 735 3732 ob
766 3671 939 3734 vocabulum
966 3689 1021 3732 nec
1041 3671 1138 3732 audita
1158 3688 1286 3748 unquam

88 3769 162 3816 nuso
183 3755 384 3820 condemnari.
424 3755 536 3816 Eodem
557 3763 654 3817 autem
675 3755 745 3828 telo,
769 3755 821 3816 sed
843 3755 930 3835 paulo
951 3755 1036 3816 aliter
1049 3761 1194 3824 contorto,
1217 3753 1285 3813 eth-

90 3835 159 3900 nicos
180 3839 549 3905 translimruntllluucius
571 3838 661 3912 Felix,
684 3839 734 3900 uti·
748 3858 835 3918 supra
859 3839 1043 3920 ostendimus
1065 3837 1230 3910 (Dissertet
1252 3837 1284 3898 in

89 3917 181 3990 limos.
203 3925 304 3988 Oetae.
326 3944 389 4004 cap.
412 3926 442 3990 8.
463 3924 525 3985 hrt.
547 3926 590 3998 2.)
613 3931 643 3984 et
663 3921 833 4002 Cyprianus,
856 3923 942 3986 sicuti
962 3923 1038 3988 infra
1059 3921 1198 3982 dicemus.

161 4009 219 4073 Nec
246 4009 370 4074 mudurm
398 4008 539 4072 curabant
564 4007 687 4088 gentiles
715 4025 859 4070 summam
886 4007 961 4070 hanc
983 4015 1080 4084 tegere
1100 4004 1283 4082 iniustitiam,
1325 4054 1337 4070 .

90 4105 165 4164 luam
193 4095 252 4158 lata
281 4113 338 4175 per
371 4093 519 4166 tabellum,
551 4092 634 4154 culus
667 4091 768 4154 Cicero
801 4091 904 4165 (Cicer.
926 4091 976 4154 lib.
999 4090 1032 4150 ll.
1059 4087 1090 4150 in
1111 4089 1195 4150 llerr.
1217 4109 1284 4170 pag.

95 4175 153 4240 lte.
182 4178 232 4252 lin
257 4183 306 4246 19.
339 4197 395 4260 pro
422 4177 522 4240 Rabir.
553 4195 619 4257 pag.
642 4179 713 4241 561.
745 4175 796 4238 lin.
824 4175 876 4238 ult.
907 4195 962 4256 pro
989 4173 1091 4237 Flacco
1120 4191 1187 4254 pag.
1210 4175 1283 4240 369.

93 4253 134 4319 lin·
152 4266 202 4327 47.
229 4265 260 4326 in
286 4263 321 4326 h.
342 4263 445 4326 Pison.
473 4280 538 4341 pag.
560 4264 645 4337 543.)
680 4259 785 4340 aliique
817 4260 935 4340 saepius
970 4257 1145 4332 meminere,
1182 4267 1284 4323 contra

93 4355 137 4402 tur
166 4348 308 4412 sententia
339 4348 370 4410 in
401 4345 548 4426 publicum
577 4345 775 4426 proterebant
818 4343 852 4409 le
878 4345 933 4408 hac
958 4343 1066 4422 quippe
1091 4342 1196 4408 tabella
1222 4363 1282 4408 nou

93 4423 194 4506 aliquod
215 4432 455 4505 Christianorum,
484 4429 560 4494 sicut
585 4431 708 4492 aliorum
734 4438 830 4494 morte
855 4428 1068 4500 damnatorum,
1089 4427 1199 4490 crimen
1224 4447 1283 4490 no-

96 4507 207 4591 tabatur,
244 4518 297 4580 sed
334 4516 431 4580 solum
466 4514 697 4578 Christianorum
730 4531 854 4576 nomen:
890 4512 935 4577 De
969 4511 1090 4586 tubello,
1129 4514 1170 4575 ait
1204 4514 1285 4575 'l'ers-

96 4591 213 4664 lulliauus
249 4619 302 4668 eos
338 4600 530 4682 alloquendo.
568 4603 700 4666 recitatis
734 4597 824 4664 illum
859 4597 1063 4664 camoenae
1099 4597 1287 4676 (Tertulliano.

124 4695 267 4753 lacertarum
281 4717 331 4752 ore.
342 4719 380 4752 ro.
393 4717 492 4752 oratur.
519 4705 582 4750 'lom
594 4703 633 4748 lll.
1050 4697 1083 4750 22
