3132 5238
443 383 578 428 sucroas
598 383 815 430 marsosum.
837 385 864 429 r.
886 386 914 428 o.
936 385 967 430 ι.
1274 373 1314 436 ’Π

99 531 279 596 luttrlliano
300 532 495 609 demonstret,
516 535 661 598 oumuhta
682 544 760 598 sunt.
803 535 869 598 Duo
890 545 959 600 sunt
979 545 1077 602 tamen
1097 556 1172 618 quae
1192 535 1315 602 alcuius
1401 579 1403 586 ι

96 617 237 680 momenti
261 619 298 680 ad
321 620 611 697 conquaestionem
634 620 834 696 decidendam,
857 621 883 682 ai
905 621 1000 684 adhuc
1021 623 1108 685 dubia
1125 623 1173 696 sit,
1195 623 1315 702 possint

96 703 196 764 rideri.
244 703 343 766 Unum
373 711 420 765 ast
434 702 547 766 'honam
569 705 712 766 librorum
733 715 883 767 auctorem
906 706 937 768 in
959 725 994 768 os
1016 708 1214 770 contradicere
1237 708 1313 770 Ter-

96 787 228 850 tulliano.
273 787 447 868 Exemplum
468 789 583 852 illustra
603 789 712 854 habes:
734 789 930 852 Tertullianus
953 791 990 853 de
1003 792 1108 854 Anima
1129 811 1191 873 cop.
1207 796 1257 858 67.
1274 793 1315 856 ait

94 891 150 934 oon
171 873 347 934 Samuelem
368 871 480 952 ipsum,
510 873 564 936 scd
590 876 763 954 phantasma
785 895 801 936 a
822 874 1000 955 Pythonissa
1021 877 1116 940 luisse
1135 877 1219 940 malis
1240 878 1313 940 arti·

95 957 146 1018 bus
169 958 345 1020 excitatum.
375 958 460 1021 Adsit
480 959 624 1042 alioquin,
647 960 697 1034 ait,
718 971 754 1022 ut
775 964 877 1023 osuuc
898 961 1056 1025 cuuulrlet
1076 967 1182 1036 soactr,
1204 965 1314 1026 sedura

92 1042 271 1123 yropdetoe,
295 1063 314 1106 o
336 1044 491 1106 dauaoar'o
513 1045 670 1134 credamur
692 1057 868 1117 retractum,
891 1031 988 1110 edocti
1006 1047 1086 1128 quod
1105 1050 1169 1128 r'pre
1182 1047 1313 1111 Sotouos

95 1127 343 1208 trousfiyurotur
363 1133 396 1190 r'rr
410 1129 550 1209 uapelum
566 1129 651 1202 loccis,
673 1131 783 1192 uedum
795 1133 828 1191 r'rr
843 1129 989 1194 homiuem
1005 1131 1096 1203 lacis,
1119 1137 1208 1196 etr'om
1217 1132 1314 1194 Druse

95 1229 124 1273 re
142 1213 395 1285 adseveraturus,
418 1221 473 1275 otc
516 1213 595 1276 llaec
615 1213 673 1286 illc,
696 1213 802 1294 quihus
825 1214 971 1276 contraria
991 1215 1079 1278 habet
1099 1215 1228 1278 incertus
1249 1218 1312 1280 Au·

94 1303 155 1358 ctor
176 1297 325 1359 adversus
345 1297 523 1360 Marcionem
544 1297 596 1360 lib.
617 1299 668 1360 ΙΙΙ.
690 1299 737 1362 his
759 1297 908 1361 versibus:
1013 1315 1021 1324 ·

248 1381 399 1462 Mr'rr'ficus
421 1382 553 1455 Somue'l,
578 1388 628 1446 crrr'
647 1402 731 1464 reyes
752 1401 865 1464 uuyere
884 1387 1018 1464 prr'rrrusr

245 1465 452 1548 Praeceptum,
477 1469 552 1530 dore
575 1468 823 1544 sauromatem
846 1468 1003 1532 ostendere
1025 1469 1163 1542 clrirtos,

250 1549 372 1625 Iolr'dus
394 1557 428 1614 r'rr
449 1555 528 1616 or‘toe
549 1557 649 1634 spotr'o
671 1553 832 1616 laudodr'lr's
855 1557 921 1633 epit,

250 1630 289 1696 Ut
310 1655 426 1718 quoque
443 1648 515 1718 port
535 1648 662 1700 mortem
681 1638 859 1718 prophetico
877 1641 950 1699 r'uro
971 1645 1094 1700 terreret.

175 1719 224 1780 En
245 1720 325 1782 aliud
347 1739 408 1783 mom
430 1722 528 1784 mimus
550 1721 738 1784 annotatione
760 1722 889 1800 dignum,
912 1720 942 1782 in
963 1740 1021 1801 quo
1044 1722 1151 1784 mirum
1171 1729 1312 1802 umatum

91 1804 270 1866 dissentiant
291 1805 489 1868 Tertullianus
518 1815 546 1868 ct
566 1808 675 1869 Auctor
696 1807 728 1867 V.
751 1807 894 1870 librorum
914 1806 1047 1868 Podseos
1069 1807 1211 1870 adversus
1231 1808 1311 1872 Mar-

93 1889 226 1950 cionem.
259 1889 376 1952 Scilicet
403 1890 616 1966 Tertullianus,
645 1891 754 1952 seriem
782 1908 989 1954 successorum
1016 1891 1096 1952 Petri
1123 1891 1258 1972 Apostoli
1280 1891 1312 1954 iu

94 1973 234 2036 cathedra
254 1973 386 2037 Romana
413 1976 587 2051 instituens,
621 1976 658 2036 do
678 1975 914 2055 Pracscriptione
935 1975 1158 2039 Haereticorum
1178 1995 1242 2056 cop.
1258 1979 1310 2042 32.

93 2057 274 2120 Clementem
295 2059 384 2121 Petro
411 2059 591 2124 successisse
623 2059 790 2124 immediate
815 2063 910 2124 docet.
951 2061 989 2122 at
1017 2061 1196 2124 contrarium
1224 2061 1313 2124 habet

92 2144 203 2205 ductor
223 2144 354 2206 incertus
374 2144 426 2206 lib.
449 2145 497 2206 lli.
520 2147 555 2208 ad
577 2146 681 2208 llmrmr:

245 2227 313 2290 Hoc
335 2230 477 2293 cathedra
499 2230 618 2307 Petrus,
642 2249 701 2312 pua
721 2230 840 2292 sederm
859 2234 933 2311 ipse,
955 2229 1087 2293 locutum

247 2311 383 2376 Murrinro
404 2313 499 2378 Iloaru
521 2313 636 2387 diuum,
657 2319 790 2396 priorum
811 2315 966 2378 considere
986 2319 1078 2378 rirssrt

245 2396 411 2479 Postquam
433 2399 535 2462 Cletus
559 2405 673 2480 etipse
694 2417 811 2478 crepera
832 2403 962 2479 suscepit
984 2401 1083 2464 orrr'lr's.

246 2481 347 2545 Hur'rrs
369 2483 530 2546 anacletus
553 2502 709 2547 successor
729 2494 812 2546 sorte
835 2477 960 2554 locutus,

250 2565 347 2640 Quem
367 2571 505 2650 sequitur
529 2568 672 2632 Cluacar.

101 2649 168 2722 Quis
189 2649 293 2712 credat
304 2651 513 2714 Tertullianum
536 2653 576 2714 ita
598 2653 644 2716 sui
667 2651 798 2726 oblitum,
821 2659 853 2712 ut
874 2660 932 2713 tam
955 2653 1100 2714 contraria
1122 2660 1239 2734 tamque
1254 2654 1312 2718 sibi

98 2735 219 2798 ioricam
240 2737 435 2816 repugnantia
462 2735 591 2800 dixerit?
635 2735 736 2825 Ouidi
756 2735 835 2814 quod
856 2735 943 2815 longe
964 2755 981 2798 a
1003 2738 1151 2799 communi
1173 2740 1312 2801 dirorum

95 2819 240 2882 sententia
271 2821 307 2882 de
328 2821 409 2882 Petri
437 2822 658 2884 successoribus
680 2821 798 2892 recedit,
821 2839 886 2882 oum
910 2820 1023 2882 Cletum
1042 2820 1081 2881 ab
1102 2821 1239 2883 anacleto
1263 2822 1310 2883 di-

96 2905 231 2984 stinguit,
265 2906 348 2983 quasi
380 2906 438 2968 duo
461 2907 575 2969 luerint·
590 2905 742 2977 homines,
772 2922 923 2965 nonrero
945 2923 1022 2966 unus
1044 2904 1195 2978 acidam,
1226 2906 1311 2968 cuius

96 3007 202 3051 nomen
230 2989 365 3052 bilariam
394 2990 535 3070 scriptum
564 2997 618 3052 est
661 2989 746 3050 Certa
774 2988 935 3067 Cyprianus
950 2987 1045 3068 Epist
1070 2992 1131 3062 rt,
1160 2989 1197 3051 ad
1218 2989 1311 3050 Pom-

97 3081 204 3152 peium,
226 3073 373 3154 Hyginmn
395 3075 425 3136 in
442 3075 519 3138 Urbe
540 3093 653 3137 uanum
674 3076 771 3153 [uisse
792 3072 963 3152 episcopum
985 3071 1097 3147 scribit,
1120 3073 1203 3136 urias
1219 3073 1311 3136 altero

98 3169 164 3236 post
194 3159 296 3222 semrlo
330 3160 374 3222 sic
407 3160 531 3240 explicat
562 3165 698 3220 mentem
721 3157 845 3236 Optatus
874 3156 925 3218 lib.
946 3156 983 3221 11.
999 3158 1155 3238 ,adversus
1174 3158 1310 3222 Parmen.

104 3241 179 3304 Sedit
198 3249 289 3324 prr'or
312 3245 431 3318 Petrus,
451 3249 505 3308 ¹cut
525 3247 667 3308 successit
688 3241 790 3313 diuus,
814 3241 888 3304 diuo
911 3247 1055 3306 serocessr‘t
1078 3243 1219 3317 Clemens,
1245 3245 1313 3308 Cle-

102 3333 192 3394 mertr'
206 3327 380 3402 durclerus,
403 3329 547 3392 anacleto
568 3327 745 3398 Boaristue,
768 3326 911 3390 anrr'sto
933 3327 1115 3400 Aleaouder,
1136 3329 1311 3394 Almcudro

103 3409 209 3485 St'rtrrs,
232 3413 323 3476 Sixto
348 3413 555 3496 Telesphorus,
581 3412 761 3494 Telesphoro
782 3411 931 3492 lippinus.

179 3497 309 3560 Omnino
331 3499 400 3560 lacit
419 3499 469 3562 hic
490 3498 562 3561 ordo
584 3517 671 3577 quem
693 3497 723 3558 in
744 3496 898 3558 referenda
919 3497 1089 3575 pontificum
1111 3497 1311 3562 Romanorum

100 3581 173 3644 serie
193 3582 325 3645 servarit
336 3584 446 3646 Auctor
467 3583 608 3656 incertus,
630 3591 663 3644 ut
684 3581 766 3642 illum
786 3590 857 3660 post
869 3581 1040 3662 Hieronymi
1055 3591 1189 3662 tempora
1202 3583 1312 3646 vixisse

100 3666 230 3730 arbitrer.
275 3667 362 3730 Certe
383 3687 449 3730 cum
469 3668 507 3730 ad
526 3667 583 3729 hos
604 3685 707 3728 versus
728 3665 778 3727 lib.
800 3666 837 3727 ll.
860 3665 961 3732 curios
983 3675 1131 3740 converto,

250 3751 397 3832 Golyotda
419 3753 502 3816 locus
523 3763 577 3823 est,
600 3754 706 3831 capitis
730 3750 872 3812 Coloceia
892 3752 1049 3830 mondum,

246 3837 364 3918 dispar
381 3849 513 3919 paterno
531 3840 623 3917 prior
645 3839 688 3897 u'c
709 3834 796 3897 r'ltrtm
816 3837 935 3898 nomiae
956 3837 1042 3907 drmit,

247 3920 305 3984 Hic
325 3924 454 3985 medium
476 3931 652 3996 terrorest,
676 3919 721 3982 dic
744 3929 789 3982 est
809 3922 938 3983 uictoria
959 3924 1085 4000 sr'puum,
1108 3924 1163 3980 etc.

105 4003 149 4063 rix
171 4023 293 4084 possum
320 4006 393 4086 quin
422 4006 488 4068 illos
517 4023 584 4068 esse
611 4003 803 4066 imitationem
825 4003 920 4066 dicam
939 4003 1074 4066 ductoris
1096 4001 1147 4082 qui
1169 4009 1215 4065 est
1236 4002 1313 4082 iuter·

110 4085 231 4166 Cypriani
262 4110 353 4170 opera
381 4091 411 4152 iu
439 4081 553 4170 Hymno
576 4090 611 4151 de
632 4088 755 4151 Pascha.
798 4087 873 4150 Eum
894 4087 1087 4166 manuscripti
1109 4086 1217 4150 codicis
1238 4089 1312 4152 rarii

110 4168 246 4236 Victorino
266 4175 472 4244 Petarionemsi
505 4174 668 4249 vindicent,
701 4183 734 4236 ut
764 4173 884 4236 notabat
903 4171 1067 4246 Prndium
1100 4179 1129 4234 et
1148 4171 1228 4236 Beda
1254 4174 1311 4238 sulr
1421 4177 1425 4190 '

109 4253 237 4322 liuram
259 4260 380 4322 nomine
401 4259 499 4324 laudat
519 4260 551 4321 in
571 4257 647 4322 libro
669 4259 706 4320 dc
726 4257 814 4320 Locis
830 4257 945 4329 Sanctis
967 4273 1031 4335 cap.
1043 4258 1073 4322 3.
1095 4257 1145 4320 Sic
1158 4277 1193 4320 ae
1206 4257 1310 4322 habat:

248 4343 305 4408 Bet
327 4344 411 4408 locus
434 4363 473 4408 em
495 4349 578 4408 omrrr'
594 4345 723 4406 medr'urrr
744 4361 828 4424 poem
850 4345 1000 4404 ceruimus
1026 4343 1108 4415 orde,

250 4429 398 4511 Golpatdo
418 4429 526 4492 Iudaei
542 4432 646 4511 potrr'o
669 4431 841 4508 coyuomr'rre
863 4427 975 4488 dr'currt.

182 4509 223 4574 lle
247 4513 382 4576 Carmine
403 4515 439 4576 ad
460 4514 649 4587 Senatorcm,
681 4511 760 4592 quod
788 4497 876 4574 itiam
898 4509 1041 4590 Cypriane
1069 4510 1133 4592 ipse
1154 4510 1312 4576 vindicarit

110 4589 256 4675 lamellas,
278 4617 339 4662 non
361 4607 408 4662 cst
429 4597 531 4662 cadem
551 4598 636 4662 ratio.
665 4597 782 4678 Quippe
802 4594 871 4658 licet
890 4613 946 4658 mec
967 4595 1142 4678 Cypriorum
1163 4614 1219 4660 uec
1234 4597 1309 4660 Ter-
