3036 5230
36 1261 134 1378 nn
160 1261 615 1380 rnunnnnnno
639 1263 724 1380 nr
747 1213 888 1382 nnis
904 1221 1215 1383 ‘scurrus

18 1535 50 1576 ix
67 1533 228 1576 IOHANNIS
245 1535 336 1592 ΜΕ,
359 1535 494 1578 srtsccrr
509 1533 734 1590 Lincotttttttsts,
750 1535 889 1580 sternata
903 1535 1126 1580 ECCLESIASTIGA
1141 1537 1250 1581 seucu-
1354 1537 1358 1549 '

117 1619 232 1664 bonust
246 1618 278 1664 lt.
294 1619 332 1662 ET
348 1619 390 1662 ΙΙΙ.
416 1621 455 1662 EX
469 1618 665 1663 resumerent
680 1619 812 1664 SCRIPTIS
828 1620 1018 1665 ratusratus.
1045 1621 1093 1665 leb.
1110 1621 1164 1666 tit:

444 1703 534 1747 nonu.
555 1707 627 1750 tate.
653 1707 676 1749 8.
701 1719 723 1762 p.
743 1707 757 1750 b
775 1705 834 1767 sqq.)
863 1719 865 1724 ’

60 1871 83 1904 0
433 1897 843 1908 .-.-.........-...-....-.....

103 2065 207 2169 Quae
222 2093 437 2173 Hieronymus·
459 2095 498 2175 dc
511 2094 712 2157 Tertulliano*
734 2095 822 2158 tradit
835 2097 908 2158 haec
922 2079 1007 2157 sunt:
1030 2095 1250 2170 „Tertullianus

18 2177 192 2258 'resbytem
216 2194 295 2238 nunc
316 2178 434 2240 demum
449 2179 562 2258 primus
578 2189 650 2260 post
663 2180 810 2242 Victorem
827 2187 857 2242 et
871 2181 1058 2259 Apollonium
1075 2179 1249 2242 Latinorum

18 2262 156 2335 tonitur,
190 2261 362 2341 provinciae
382 2262 510 2337 Africae,
540 2263 666 2326 civitatis
690 2263 948 2343 carthaginensis,
970 2273 1054 2343 patre
1076 2264 1250 2326 centurione

18 2345 256 2408 troconsulari·.
301 2345 356 2407 llic
384 2347 459 2408 acris
489 2356 518 2410 et
538 2349 697 2410 vehemens
718 2347 828 2427 ingenii
851 2348 907 2410 sub
930 2349 1041 2410 Severo
1061 2348 1196 2427 principe
1218 2359 1249 2410 et

18 2430 165 2492 tnlonino
193 2430 340 2492 Caracalla
368 2432 493 2494 maxime
521 2433 622 2494 llorult
649 2432 798 2512 multaque
824 2432 946 2511 scripsit
965 2431 1129 2504 uolumina,
1163 2451 1248 2510 (puae,

18 2516 76 2594 [uia
100 2523 177 2576 nota
204 2521 275 2574 suut
295 2514 440 2592 pluribus,
462 2516 734 2594 praetermittimus.
777 2516 843 2577 vini
866 2535 921 2595 ego
943 2517 1099 2595 quemdam
1126 2515 1249 2576 Paulum
1319 2535 1327 2540 ·

18 2599 221 2669 loncordiae,
251 2598 331 2676 quod
359 2599 501 2678 oppidum
523 2599 622 2661 ltaliae
645 2609 706 2672 est,
736 2618 856 2673 senem,
884 2601 934 2678 qni
956 2619 989 2662 se
1010 2598 1089 2660 boati
1112 2598 1248 2677 Cypriani

18 2703 67 2744 ani
99 2679 228 2761 grandis
257 2681 360 2742 aetatis
388 2682 552 2755 notarium,
584 2701 674 2762 mum
695 2683 760 2762 ipse
782 2683 942 2744 admodum
964 2691 1044 2744 esset
1065 2680 1248 2754 adolescens,

18 2769 127 2835 lomae
158 2765 274 2827 vidisse
302 2765 429 2839 diceret,
459 2768 628 2844 referreque
657 2765 714 2827 sibi
744 2765 863 2826 solitum
892 2783 1043 2843 nunquam
1071 2763 1249 2843 Cyprianum

18 2852 129 2930 absque
145 2849 322 2912 Tertulliani
337 2849 464 2910 lectione
478 2867 566 2911 unam
582 2849 659 2910 diem
674 2849 866 2929 praeterisse,
889 2867 923 2910 ac
938 2848 995 2909 sibi
1011 2847 1115 2909 crebro
1131 2847 1246 2908 dicere:

18 2936 53 2996 lla
85 2931 281 3014 magistruml
310 2933 522 2996 Tertullianum
546 2932 682 2995 videlicet
704 2933 906 3012 significans·
927 2932 983 2993 llic
1003 2950 1099 3010 usque
1122 2931 1158 2992 ad
1179 2949 1246 2992 me-

18 3021 92 3081 liam
117 3027 247 3081 aetatem
269 3016 430 3098 Presbyter
450 3017 598 3080 Ecclesiae
619 3017 799 3096 permansit,
830 3016 938 3078 invidia
960 3023 1065 3096 postea
1087 3023 1117 3076 et
1138 3023 1245 3076 contu-

18 3105 114 3166 meliis
145 3101 329 3165 clericorum
351 3101 500 3163 lloroanae
522 3099 670 3163 Ecclesiae
697 3101 733 3162 ad
756 3101 886 3163 Montani
914 3101 1020 3180 dogma
1047 3099 1186 3177 delapsus
1215 3099 1247 3160 in

18 3189 119 3250 multis
148 3185 234 3248 libris
263 3203 356 3246 norae
384 3185 559 3264 prophetiae
586 3185 736 3260 meminit,
769 3185 936 3265 specialiter
964 3193 1061 3245 autern
1089 3183 1247 3244 adversum

18 3272 183 3334 Ecclesiam
204 3269 297 3330 tesuit
318 3268 480 3332 volumina:
507 3272 549 3332 De
571 3268 723 3342 Pudicitia,
746 3269 789 3331 Ile
811 3268 1033 3340 Persecutione‚
1056 3266 1098 3328 lle
1112 3266 1246 3340 leiuniis,

18 3357 58 3418 lle
81 3352 287 3432 Monogamia,
315 3353 358 3414 Ile
379 3353 496 3416 Ecstasi
524 3354 618 3417 libros
646 3353 720 3416 sexd
749 3361 779 3414 et
799 3353 959 3433 septimum
982 3371 1069 3431 quem
1091 3351 1246 3412 adversum

50 3557 72 3590 a.
93 3541 120 3590 ln
145 3541 261 3604 catologo
285 3540 435 3606 Scriptorum
456 3539 609 3592 Ecclesiasti·
660 3540 809 3606 excipienda.
843 3538 902 3588 tide
918 3537 1004 3588 llalesii
1023 3545 1104 3588 uotam
1123 3536 1245 3586 inlluseb.

19 3623 104 3658 corum
124 3623 178 3671 cap.
196 3608 238 3658 53.
659 3609 724 3658 Eccl.
743 3609 804 3657 lliat.
822 3607 850 3656 ll.
870 3605 894 3655 2.
929 3605 994 3656 llaec
1018 3621 1075 3670 pars
1101 3602 1246 3653 uenationis

52 3675 75 3723 b.
104 3676 129 3724 ln
155 3675 224 3724 libris
249 3675 315 3725 llSS.
340 3675 477 3724 nominatur
504 3676 609 3734 Quintus
660 3675 797 3740 Hieronymi
815 3675 863 3723 risa
882 3679 920 3721 est
937 3673 1081 3736 quibusdam
1100 3672 1170 3720 ducta
1189 3684 1245 3719 asae

18 3742 151 3804 Septimius
169 3743 271 3791 l’lorens
288 3741 465 3790 Tertullianus:
484 3742 508 3790 in
528 3747 608 3791 extre·
659 3757 686 3791 ex
705 3740 805 3805 Apulos.
825 3754 877 3801 cap.
895 3739 918 3788 9.
938 3740 1039 3802 latenter
1054 3751 1125 3801 penes
1143 3737 1246 3798 Africana

20 3809 67 3856 mis
91 3808 171 3856 verbis
195 3807 270 3856 libelli
295 3809 324 3856 de
343 3807 478 3868 Virginibus
502 3807 608 3856 selandia
659 3809 758 3858 Saturam
776 3807 954 3856 immolabuntur
969 3807 1048 3869 polana
1064 3804 1243 3867 mpueodprc-

20 3880 98 3922 semet
116 3874 169 3934 ipse
187 3875 296 3924 nominat
312 3873 456 3936 Septimium
475 3873 607 3923 Tertullia·
658 3875 803 3926 warmume
819 3873 911 3932 Tiberii,
931 3875 972 3936 qui
989 3875 1053 3936 ipsos
1070 3871 1202 3920 ammiates
1220 3869 1246 3918 irs

21 3953 85 3988 num.
123 3941 189 3997 Quae
207 3949 287 3990 tamen
306 3939 377 3990 rerba
396 3954 426 3988 au
445 3940 547 4002 genuina
560 3940 609 3990 siut
660 3943 744 3990 iisdem
761 3941 883 3990 arboribus
901 3939 979 4003 templi
988 3941 1026 3988 ssi
1035 3937 1244 3988 obumbratricibus

22 4007 74 4055 inre
91 4004 194 4056 dubitari
213 4015 307 4070 potest,
333 4007 467 4072 eademque
491 4006 608 4057 dubitatio
660 4009 771 4058 scelerosa
792 4008 875 4056 relisis
899 4008 1006 4056 crucibus
1030 4005 1151 4068 esposuit,
1187 4008 1245 4053 terta

21 4073 83 4122 ualet
100 4074 130 4122 de
149 4075 261 4124 extremis
280 4075 358 4124 rerbIa
378 4073 454 4122 libelli
472 4074 502 4123 de
513 4073 609 4138 Baptis-
659 4075 744 4125 militia
758 4075 850 4146 putride
866 4080 968 4134 nostroe,
988 4087 1046 4136 quoe
1062 4071 1089 4120 id
1106 4073 1181 4135 ipsura
1193 4085 1246 4120 ass·

21 4155 61 4190 mo
80 4147 103 4189 et
120 4140 150 4190 de
168 4143 338 4192 dehortatione
353 4141 482 4192 castitatis.
506 4142 566 4192 llam
585 4142 609 4191 iu
660 4157 704 4192 aar
733 4142 771 4190 lllr'
793 4141 928 4204 proconsuli
949 4143 1029 4203 [saeta
1058 4145 1100 4188 eat.
1142 4136 1243 4198 Rigaltio

23 4207 70 4257 boe
87 4208 182 4271 quidem
201 4218 330 4260 extremam
346 4208 487 4260 Tertulliani
505 4210 609 4259 mentio·
659 4215 759 4259 auctore
783 4208 806 4258 ic
832 4223 880 4258 uuo
900 4207 947 4255 MS.
966 4206 1054 4268 legitur
1070 4205 1144 4255 Putris
1160 4205 1244 4254 matri.

23 4289 78 4325 nem
96 4276 183 4326 omittit
201 4277 281 4327 Codes
298 4275 426 4339 leobardi.
450 4275 610 4340 llieroupmcs
694 4276 716 4326 d.
735 4277 781 4326 Sea
799 4275 829 4324 de
839 4274 931 4324 Ecstasi
950 4273 1005 4322 libri
1024 4272 1173 4336 etaeptimns
1184 4283 1244 4320 cou-

26 4343 536 4408 euurnominetSeptimiomTertcllianum.
562 4343 607 4408 Ep.
660 4351 695 4394 tra
719 4342 873 4406 sportarum
898 4341 1028 4404 perierunt.
1065 4339 1190 4388 lloutaous
1207 4337 1245 4388 ia-

25 4411 53 4460 ad
71 4411 191 4461 Tulliolam
217 4410 246 4461 de
264 4412 353 4461 Vestitu
371 4410 469 4461 Sacerd.
488 4411 534 4462 sub
552 4411 607 4460 due.
659 4411 739 4460 elebat
755 4425 782 4460 se
799 4423 873 4472 ssepe
891 4410 915 4457 in
934 4408 1050 4457 insaniam
1067 4405 1246 4470 quandamairu

57 4494 78 4529 e.
96 4477 208 4529 Centurio
228 4477 409 4542 proconsularis
423 4477 515 4528 ridetur
531 4479 607 4528 luisse
659 4477 762 4528 ecstasin
781 4477 833 4540 rapi
851 4485 876 4525 et
893 4475 923 4524 ita
942 4476 1027 4525 allecte
1045 4474 1149 4523 aibirisa
1160 4471 1244 4522 offerri

26 4547 173 4606 magistratus
191 4547 288 4611 qnidam
299 4546 418 4605 militaris,
436 4547 476 4610 qui
489 4553 607 4610 perpetuo
659 4551 683 4594 et
701 4543 821 4608 colloquia
844 4557 898 4593 eum
917 4541 1008 4605 Spiritu
1026 4543 1060 4600 8.,
1084 4541 1172 4604 quibus
1189 4537 1244 4588 ido-

27 4614 210 4675 praestolsretur
226 4613 368 4680 proconsuli
387 4613 417 4664 ad
435 4615 488 4664 eius
504 4613 606 4678 imperia
657 4625 718 4663 naus
741 4611 884 4662 redderetur
907 4610 938 4660 ad
961 4609 1041 4660 lutura
1071 4605 1241 4674 praedicenda.
1323 4663 1326 4670 ‚
