3166 5250
511 433 653 478 sacroue
674 435 733 478 nm.
755 435 792 478 ns
814 435 940 479 nounnr.
1274 422 1338 488 483

124 591 263 646 testatum
284 582 370 664 plane
397 584 466 646 lacit
488 585 596 648 effictas
618 585 655 648 ab
678 585 782 647 eodem
806 583 929 647 Simone
949 585 1034 666 blago
1063 593 1093 647 et
1119 605 1203 650 suam
1226 597 1255 650 et
1275 589 1338 652 He-

123 669 206 732 lenes
228 667 393 730 meretricis
415 669 568 749 imagines,
592 689 664 750 quas
680 670 846 751 discipulis,
869 670 973 750 inquit,
996 674 1060 734 suis
1080 672 1243 752 praebebat
1264 675 1340 737 ado-

43 785 51 795 ·
122 755 238 817 randos
261 764 289 816 et
303 751 414 817 darnae
435 764 578 836 tanquam
599 757 724 818 deornm
745 755 910 817 simulacra
931 758 1112 818 auctoritate
1129 756 1251 837 publica
1267 777 1340 821 con-

46 882 52 891 ·
121 843 267 902 stinssrot
289 839 433 917 'linguat
455 839 506 900 lib.
535 840 572 901 de
599 839 720 901 liceras.
750 858 814 919 cap.
836 844 873 903 l.
900 858 965 920 pag.
996 837 1064 918 6.)t
1105 840 1193 920 niqui
1226 842 1252 904 si
1271 843 1338 903 'has

13 989 15 994 ,
119 923 265 1004 imagines
280 923 392 985 Romae
414 923 573 996 constituit,
595 942 695 986 nonne
715 924 819 986 instini
841 924 936 986 adbuc
961 931 1096 1004 tempore
1123 924 1218 1005 aliqua
1240 935 1339 989 extare
1399 971 1401 974 .

119 1006 262 1089 poterat?
306 1007 384 1080 Quid
415 1027 485 1087 ergo
518 1009 656 1088 prohibet
682 1009 841 1088 quominus
871 1013 990 1072 sanctus
1018 1009 1068 1071 ille
1095 1019 1205 1090 martyr
1233 1021 1263 1074 et
1289 1011 1338 1074 alii

120 1093 262 1173 deinceps
285 1093 411 1172 aliquam
433 1112 470 1155 ex
491 1093 549 1155 illis
572 1101 622 1156 aut
642 1093 778 1156 riderent
814 1102 863 1156 aut
897 1093 933 1156 ab
954 1093 1034 1173 ¹aliis
1063 1095 1156 1156 visam
1180 1115 1248 1158 esse
1271 1097 1339 1159 iacti
1449 1119 1453 1130 ’

13 1217 31 1252 ·.-
121 1179 185 1240 sint
205 1175 373 1240 certiores?

206 1263 265 1323 Sed
286 1263 341 1336 lac,
364 1262 390 1322 si
411 1261 474 1323 Deo
494 1262 599 1343 placet,
620 1261 774 1338 lustinum,
796 1262 991 1343 augustinum
1014 1272 1044 1325 et
1063 1263 1138 1326 alios
1161 1283 1248 1343 mam
1269 1265 1337 1344 plu·

44 1383 51 1390 .
118 1348 213 1409 rimos
236 1363 363 1419 errasse,
385 1365 447 1407 non
468 1347 566 1408 minus
589 1355 686 1410 tamen
707 1347 800 1408 valida
815 1356 860 1410 est
870 1347 1041 1410 Tertulliani
1055 1348 1199 1410 adversus
1214 1348 1337 1410 <leonum

13 1477 20 1512 ·.
119 1441 233 1494 eminas
255 1431 478 1511 argumentatio.
523 1431 626 1493 Cuncti
648 1431 797 1494 enimvero
821 1431 923 1494 saltem
946 1433 1073 1494 latentur
1093 1434 1224 1513 positum
1244 1433 1338 1496 luisse

121 1517 234 1578 Romae
258 1515 389 1577 Simonis
411 1515 509 1578 Sancti
533 1516 731 1578 simulacrum.
774 1517 811 1578 nt
832 1536 892 1579 non
920 1517 1019 1580 minus
1042 1517 1165 1597 impium
1187 1526 1251 1580 erat
1271 1517 1336 1580 salsi

118 1601 209 1663 buius
232 1601 289 1674 dei,
312 1617 399 1680 quam
415 1600 546 1662 Simonis
560 1601 636 1681 ilagi
657 1601 812 1680 imaginem
835 1602 968 1664 adorare.
996 1601 1153 1664 Praeterea
1175 1602 1252 1664 idem
1276 1612 1338 1666 erat

119 1686 314 1759 iudeorum,
349 1685 390 1746 ait
411 1685 626 1758 Tertullianus,
659 1686 764 1747 statuis
788 1685 921 1759 babitus,
951 1686 1054 1748 eadem
1075 1679 1220 1768 ins't'qnio,
1251 1695 1337 1767 alque

119 1783 156 1833 ut
178 1783 276 1842 actas,
303 1781 340 1832 ut
361 1789 430 1842 ors,
460 1781 495 1832 ut
516 1775 666 1851 nepotiana
687 1776 804 1842 mortui
823 1773 899 1850 suit,
928 1775 972 1834 ita
993 1772 1066 1835 dens
1088 1784 1134 1835 est
1155 1771 1336 1846 (Tertullian.

121 1855 274 1935 Apologet
297 1873 359 1935 cap.
384 1856 458 1930 13.).
502 1853 581 1928 Quid
602 1864 700 1916 autem
722 1855 886 1928 absurdius,
909 1874 996 1935 mam
1018 1874 1085 1919 cum
1107 1873 1200 1918 senec
1223 1857 1257 1919 dc
1278 1856 1337 1919 So-

121 1951 228 2011 mno,
250 1939 325 2002 simt
345 1939 395 2000 illo
417 1939 473 2001 alio
496 1939 527 2000 in
547 1939 624 2000 libro
648 1939 774 2019 scripsit,
797 1942 935 2004 ababa
959 1942 993 2003 ds
1015 1941 1165 2022 Apolline,
1193 1946 1279 2022 virgo
1302 1943 1337 2004 da
1414 1943 1417 1952 “

119 2025 222 2088 Diana
241 2025 404 2105 figuratius,
426 2037 457 2088 st
475 2024 562 2086 rnilss
582 2029 617 2086 in
638 2023 736 2086 Marte
763 2035 792 2086 et
813 2029 846 2088 in
864 2025 995 2113 Vulqano
1016 2027 1111 2105 sober,
1126 2027 1212 2105 sarri
1232 2044 1337 2088 conse-

117 2121 231 2172 cratur
251 2108 342 2183 (idem
364 2107 415 2169 lib.
438 2109 461 2170 1.
483 2109 519 2170 ad
541 2107 656 2170 Notion.
680 2127 743 2188 cap.
769 2108 856 2184 ibai
900 2109 974 2182 Quis
1005 2109 1083 2172 enim
1113 2129 1147 2171 ea
1174 2110 1336 2189 spectando

13 2271 15 2274 Ι
116 2211 180 2255 non
203 2193 279 2254 illico
299 2192 417 2254 ridebat
437 2193 505 2254 illos
527 2193 664 2256 homines
686 2193 789 2266 luisse,
817 2194 921 2256 vilibm
945 2195 1033 2256 etiam
1054 2193 1168 2256 artibus
1190 2194 1261 2256 olim
1282 2213 1335 2255 oc-

118 2287 258 2358 cupatos,
296 2279 345 2357 qui
379 2277 419 2338 dii
452 2277 562 2339 idcirco
599 2296 669 2339 esse
704 2296 852 2357 nunquam
884 2277 1066 2359 potuerant?
1118 2278 1186 2339 Non
1222 2297 1337 2341 summa

116 2363 210 2442 igitur
237 2362 302 2423 sine
331 2362 479 2442 impietate
508 2361 624 2424 illorum
653 2371 791 2441 tanquam
820 2361 943 2426 deornm
966 2363 1121 2424 simulacra
1143 2372 1173 2424 et
1194 2361 1336 2442 imagines

116 2447 327 2510 adorabantur.

202 2530 335 2610 Denique
356 2531 444 2592 iidem
466 2529 590 2610 gentiles
611 2548 673 2592 non
696 2529 793 2592 solum
815 2531 862 2593 bis
884 2530 1008 2610 aliisque
1023 2532 1171 2595 veteribus
1187 2531 1245 2593 diis
1260 2532 1335 2604 suis,
1396 2571 1401 2580 ,

115 2618 172 2680 sed
194 2616 258 2679 suis
281 2616 369 2676 etiam
390 2615 618 2695 imperatoribus
640 2615 764 2676 mortuis
786 2616 1024 2694 aequandaque
1045 2615 1140 2676 adhuc
1160 2616 1335 2690 uirentibus,

114 2702 160 2764 uti
181 2701 270 2783 paulo
292 2708 362 2782 post
382 2701 531 2764 dicemus.
566 2707 770 2760 exstruxerant
797 2698 921 2777 templa,
953 2698 984 2760 in
1006 2699 1113 2778 quibus
1134 2700 1231 2779 posita
1254 2708 1338 2761 erant
1414 2727 1417 2744 ι

114 2805 222 2849 comm
259 2785 413 2846 simulacra
452 2803 543 2864 eaque
571 2783 675 2844 eodem
697 2790 783 2862 atque
811 2782 934 2844 alionum
961 2783 1086 2844 deorum
1108 2802 1231 2845 suorum
1252 2783 1333 2844 cole-

13 2869 15 2876 '
114 2872 190 2934 bant
210 2871 336 2932 honore.
380 2871 462 2943 Quae
484 2878 581 2930 autem
602 2867 698 2928 maior
718 2867 852 2946 impietas
881 2884 968 2946 quam
989 2865 1112 2928 viventis
1134 2867 1263 2929 hominis
1286 2875 1336 2929 aut

31 2967 36 2972 '
113 2955 228 3019 mortui
264 2974 298 3017 ac
330 2954 400 3016 dum
434 2953 545 3024 viveret
572 2951 653 3014 omni
681 2951 827 3012 scelerum
855 2969 963 3029 genere
985 2951 1105 3030 saepius
1136 2951 1334 3031 conspurcati,

117 3040 307 3102 simulacrum
329 3048 466 3119 tanquam
487 3037 549 3098 veri
571 3036 618 3098 dei
639 3035 762 3098 adorare
784 3054 818 3097 ac
839 3032 995 3096 venerari?
1037 3035 1075 3096 At
1102 3043 1181 3096 certe
1203 3054 1264 3096 non
1287 3035 1334 3096 in-

120 3125 188 3186 sani
208 3123 394 3204 imperitique
418 3130 529 3184 tantum
551 3121 628 3200 vulgi
657 3122 729 3183 haec
760 3121 815 3181 luit
846 3119 1017 3181 detestanda
1051 3121 1241 3200 superstitio,
1279 3119 1333 3182 sed

119 3209 246 3270 aliorum
275 3210 378 3281 etiam,
412 3207 461 3287 qui
490 3206 608 3286 ingenio
639 3213 667 3266 et
694 3204 866 3267 auctoritate
888 3204 1013 3266 maxime
1034 3204 1193 3284 pollebant.
1236 3203 1279 3267 oe
1302 3225 1335 3267 se

13 3293 14 3296 ’
118 3294 198 3356 enim
226 3293 291 3373 ipso
315 3304 344 3354 et
372 3292 547 3374 quibusdam
585 3291 635 3370 qui
664 3309 697 3352 se
725 3289 909 3352 Christianos
939 3307 1006 3352 esse
1039 3290 1186 3368 negabant
1221 3289 1334 3352 Plinius

117 3379 193 3442 baec
213 3379 250 3440 ad
272 3378 428 3440 Traianum
452 3377 660 3456 imperatorem
682 3374 803 3455 scripsit
823 3375 854 3436 in
875 3374 979 3458 verba:
1010 3373 1083 3436 Curi
1100 3386 1268 3455 praecunte
1288 3394 1336 3438 ras

13 3475 16 3480 '
118 3465 191 3528 deos
213 3463 406 3545 appellarent
426 3474 455 3524 st
476 3465 601 3543 imagini
627 3471 711 3531 tuoe,
734 3479 823 3542 quam
852 3471 984 3541 propter
1016 3459 1071 3522 boc
1097 3462 1247 3522 iusserant
1270 3479 1336 3522 curn

113 3549 290 3612 sanaberis
311 3553 468 3609 numr'uum
490 3549 614 3629 offerri,
649 3545 738 3607 tiore
764 3564 799 3608 ac
827 3550 897 3608 uino
919 3543 1142 3624 supplicarent,
1172 3557 1336 3624 praetcrea

13 3639 24 3652 “
111 3635 328 3697 maledicerent
350 3633 478 3702 Christo,
499 3649 627 3712 qaorum
647 3630 723 3691 sss'bil
745 3633 810 3710 copi
825 3648 917 3710 posse
938 3630 1083 3692 dicuntur
1110 3631 1163 3710 qui
1182 3640 1254 3691 sunt
1283 3646 1334 3689 rs-

113 3735 192 3782 csra
226 3718 394 3781 Christiani
427 3716 513 3786 (Plin.
537 3714 586 3776 lib.
609 3714 646 3774 X:
667 3713 762 3793 Epist.
787 3718 857 3778 101.
887 3711 923 3774 ad
946 3712 1087 3788 Trajan).
1137 3711 1197 3772 Nec
1226 3711 1335 3772 mirum

13 3807 31 3822 ''
113 3805 251 3884 proiecto
273 3802 299 3863 si
322 3801 385 3862 reri
407 3799 565 3863 Christiani
586 3797 616 3858 id
637 3797 723 3876 plane
745 3798 922 3876 penitusque
943 3803 1131 3890 recusarent,
1165 3795 1243 3874 quod
1271 3811 1334 3856 non

115 3887 184 3949 sine
205 3887 332 3947 maximo
353 3885 535 3947 idololatriae
557 3881 678 3943 camina
699 3882 763 3942 lieri
784 3889 910 3962 poterat.

206 3970 273 4032 Non
295 3970 420 4050 amplius
443 3987 512 4048 ergo
541 3964 678 4030 audiendi
701 3972 770 4027 sunt
792 3966 932 4045 gentiles,
965 3966 1015 4046 qui
1043 3963 1131 4024 nobis
1159 3959 1336 4023 obiiciebant

20 4064 30 4076 '
119 4054 157 4116 ab
178 4055 385 4117 huiuscemodi
407 4055 541 4124 deorum,
567 4049 741 4131 praesertim
764 4049 961 4130 antiquorum,
990 4048 1095 4110 statuis
1117 4053 1147 4106 ot
1168 4045 1332 4108 simulacris

19 4148 27 4159 ·
120 4155 209 4219 opem
232 4139 289 4200 sibi
310 4140 398 4212 ferri,
427 4138 509 4200 fundi
533 4135 648 4198 oranda
671 4143 721 4198 aut
740 4133 842 4196 nescio
865 4153 940 4214 quae
962 4135 1035 4196 iacta
1057 4129 1205 4194 muscula.
1250 4130 1333 4203 Quae

115 4224 198 4286 enim
222 4224 259 4285 do
280 4224 360 4286 bisce
382 4223 439 4285 diis
462 4241 517 4284 seu
538 4219 703 4284 simulacris
732 4219 869 4292 dixinms,
898 4217 961 4279 sole
983 4215 1145 4279 meridiano
1167 4215 1332 4278 evidentius

114 4310 326 4372 demonstrant
345 4308 419 4370 nibil
440 4308 476 4370 ab
498 4306 567 4380 illis,
590 4304 794 4367 multominus
810 4299 1186 4382 miraculapotuisselieri.
1219 4299 1332 4362 Deinde

13 4404 21 4434 Γ
113 4411 188 4457 vero
205 4393 414 4468 Tertullianus,
436 4402 578 4470 utsupra
599 4389 735 4460 vidimus,
757 4387 842 4468 plane
865 4385 996 4448 ostendit
1016 4385 1040 4446 si
1063 4385 1133 4464 quid
1154 4391 1235 4446 extra
1257 4403 1331 4446 con·

13 4507 15 4514 v
115 4488 236 4543 suetum
259 4487 381 4541 naucrae
402 4477 536 4538 ordinem
558 4475 594 4536 ab
616 4474 674 4536 illis
696 4477 801 4538 lactum
823 4471 965 4545 rideatur,
988 4469 1019 4533 id
1039 4467 1224 4532 tribuendum
1246 4468 1331 4532 malis

14 4573 15 4578 ’
117 4563 250 4639 ambus,
280 4561 450 4644 praestigiis
472 4569 559 4640 atque
579 4558 729 4622 baudibus
752 4557 944 4630 daemonum,
976 4553 1026 4635 qui
1048 4555 1253 4618 delitescentes
1276 4554 1330 4615 sub
1414 4581 1417 4594 ·
1492 4555 1499 4566 “

115 4652 299 4731 manuni,
332 4648 376 4710 uti
403 4647 453 4710 ille
480 4643 625 4726 loqrritur,
656 4645 874 4726 prostitutione
900 4652 930 4704 et
956 4640 1157 4704 bascanorum
1176 4642 1332 4704 nominum

1073 4739 1128 4792 ³1*
1302 4741 1308 4746 '
