3020 5230
248 381 315 448 628
402 396 593 442 ursssurarra
609 395 647 439 aa
660 393 744 440 amu
758 393 796 440 ar
811 393 871 438 uta.
886 393 996 438 mnata
1012 393 1129 440 manos.
1145 395 1346 440 aasumensi

252 550 300 613 cui
322 549 370 610 hic
391 545 586 608 Tertullianus
608 545 692 624 quasi
713 545 828 624 pn'mus
849 543 990 624 praeivit3
1021 545 1137 623 praeire
1163 553 1259 606 autem
1290 553 1407 606 certam
1436 555 1477 606 ant

250 631 435 715 probabilem
458 630 660 692 iuuentutem
681 647 742 690 non
764 635 890 708 poterat,
911 627 969 689 nisi
991 647 1027 688 eo
1049 637 1185 708 tempore
1207 637 1295 708 atque
1317 645 1359 689 eo
1382 647 1476 690 rerum

252 725 341 790 smtu,
364 734 424 794 quo
446 713 577 776 nondum
599 713 714 792 uulgata
737 721 821 773 erant
841 712 872 772 iu
895 711 1053 773 multomm
1081 729 1186 774 manus
1213 713 1304 774 lebna
1327 713 1475 790 exempla-

251 802 312 874 ria,
348 799 432 860 aliter
459 799 617 860 latinorum
645 797 779 859 codicum
806 813 947 858 numerus
976 803 1006 856 et
1032 795 1393 870 mutuudoobstnissec
1417 797 1476 856 buis

250 903 345 965 navae
372 882 548 944 auctoritati.
592 881 653 942 Sed
681 899 736 942 nec
763 881 827 958 ipse
856 879 1054 942 Tertullianus
1086 880 1195 942 audere
1220 879 1378 960 puniisset
1405 881 1477 957 quad

252 987 343 1032 susus
366 975 428 1039 est3
449 984 510 1028 non
530 966 680 1044 potuisset
701 965 915 1026 adulteratores
938 981 991 1024 eos
1014 963 1113 1024 dicere
1135 963 1185 1042 qui
1207 963 1349 1042 legebant
1368 963 1401 1022 iu
1416 963 1476 1041 pia-

251 1053 316 1127 rali,
345 1051 371 1112 si
399 1049 561 1112 multorum
587 1049 747 1110 latinorum
773 1047 983 1128 exemplarium
1010 1047 1145 1109 obstabat
1160 1048 1333 1109 auctoritas.
1381 1046 1475 1124 ltaque

251 1137 385 1198 videmur
407 1135 455 1196 bic
475 1135 539 1213 ipsa
560 1133 722 1212 primordia
743 1132 850 1193 latinae
872 1131 1073 1193 translationis
1096 1149 1241 1210 occupare
1262 1139 1294 1191 et
1308 1131 1476 1210 depreben-

251 1221 332 1282 dere.
378 1217 411 1279 Si
432 1217 511 1279 enim
533 1217 564 1279 in
587 1216 662 1278 clara
677 1217 761 1295 quasi
783 1207 850 1276 diei*
869 1215 933 1275 luce
960 1223 991 1274 et
1015 1214 1145 1292 pluriam
1173 1213 1204 1274 iu
1231 1213 1376 1275 manibus
1402 1226 1476 1273 eram

250 1303 333 1366 latini
366 1301 520 1380 graecique
553 1300 670 1361 codices
703 1300 753 1378 qui
782 1297 916 1377 legebant
950 1295 1138 1374 singularem,
1175 1297 1380 1358 Tertullianus
1410 1297 1476 1356 baac

252 1385 452 1448 auctoritatem
476 1385 583 1444 alierre
604 1401 661 1462 pro
683 1401 716 1442 se
743 1382 837 1443 multo
865 1381 958 1459 magis
987 1379 1139 1450 debuerat,
1167 1397 1253 1458 mam
1281 1379 1476 1441 ratiocinandi

252 1469 418 1532 ministerio
441 1467 555 1527 incerto
576 1466 635 1540 uti,
669 1465 695 1526 si
723 1483 793 1525 vero
823 1471 906 1526 erant
932 1464 991 1526 iam
1012 1463 1095 1525 multi
1117 1463 1184 1525 libri
1205 1464 1313 1543 graeci,
1340 1464 1394 1542 qui
1417 1465 1475 1542 pta-

250 1553 344 1614 ralem
366 1550 561 1611 ostendebant
582 1545 812 1634 ἒγεννήθεσιιν,
836 1547 987 1626 quomodo
1010 1549 1158 1610 sustinere
1180 1555 1296 1627 poterat
1318 1547 1474 1608 Tertullia-

251 1653 309 1698 nus
336 1634 479 1716 pluralem
518 1633 647 1694 tribuere
674 1631 900 1704 Valentinianis,
937 1640 1083 1710 tunquam
1112 1630 1366 1693 adulteratoribus
1397 1631 1475 1691 hum

252 1715 457 1782 sententia'e‘?
501 1717 593 1780 Scivit
626 1717 715 1794 igitur
742 1715 791 1777 hic
817 1713 1015 1776 Tertullianus
1049 1724 1099 1776 aut
1125 1714 1351 1776 Valentinianos
1385 1714 1475 1775 nullas

253 1822 331 1877 esse,
365 1809 415 1863 aut
444 1819 497 1862 eos
524 1819 585 1862 nan
612 1800 739 1862 scituros
767 1808 797 1860 et
824 1799 953 1861 lecturos
977 1817 1046 1861 esse
1067 1799 1125 1860 hoc
1146 1793 1304 1882 φορτικὸν
1330 1807 1365 1860 et
1386 1799 1473 1859 disan

251 1883 452 1958 mendaciam3
481 1885 547 1963 quia
562 1885 619 1945 sic
645 1884 753 1944 iecisse
781 1901 815 1946 se
844 1882 965 1957 sciebat,
998 1891 1032 1943 ut
1063 1890 1176 1943 tantum
1202 1883 1232 1944 in
1259 1883 1406 1944 manibus
1427 1883 1473 1942 do-

252 1971 442 2033 mesticoram
463 1969 684 2046 amicorumque
705 1968 778 2029 haec
799 1966 921 2047 scriptio
944 1975 1085 2028 maneret.
1128 1967 1184 2026 dut
1204 1965 1276 2027 illud
1296 1967 1405 2038 scivit,
1427 1975 1473 2025 tan

146 2087 150 2096 ·
250 2073 344 2136 pauca
373 2071 441 2118 esse
468 2053 563 2113 adhuc
591 2051 732 2130 evangelii
760 2051 840 2112 latini
870 2050 1047 2130 exemplaria
1080 2051 1170 2122 (nulla
1198 2050 1276 2111 torta
1305 2051 1369 2110 alie
1399 2069 1472 2128 quan

252 2139 311 2199 boc
332 2138 469 2217 primum,
503 2155 590 2197 suum
618 2135 737 2214 ipsius),
770 2143 804 2196 ut
832 2152 892 2196 non
921 2134 1097 2196 dubitaverit
1118 2135 1192 2207 lore,
1229 2141 1261 2194 ιιι
1284 2135 1423 2196 efficeret
1443 2135 1472 2192 id.

253 2221 332 2300 quod
360 2221 527 2282 instituerat
555 2227 587 2280 ut
613 2219 674 2280 scil.
698 2219 756 2280 iam
784 2218 866 2280 latini
899 2219 1017 2280 codices
1045 2218 1156 2296 legant:
1189 2229 1283 2279 nutus
1313 2231 1384 2290 est;
1422 2219 1472 2278 licet

252 2304 349 2384 graeci
371 2303 486 2381 legant:
508 2307 576 2364 nati
595 2315 677 2375 sant,
700 2299 736 2385 ly
800 2299 930 2386 'sinuum
974 2303 1063 2364 Forte
1084 2303 1151 2363 idea
1173 2301 1318 2362 confinxit
1342 2303 1395 2364 bic
1417 2302 1472 2362 ilua

253 2388 291 2448 de
313 2386 531 2460 Valentinianis,
554 2395 586 2447 ιιι
606 2387 791 2448 adversarios
815 2433 822 2460 ,
851 2387 901 2465 qui
924 2387 1034 2448 Romae
1061 2385 1156 2446 adhuc
1187 2403 1293 2464 graeca
1317 2385 1424 2464 lingua
1442 2396 1473 2446 aa

253 2573 289 2622 uti
313 2571 426 2631 Hilarius,
450 2551 595 2634 Trebonius,
620 2571 732 2634 vigilius,
759 2571 839 2634 lagu·
892 2569 987 2621 Cbrieta
1013 2571 1143 2620 lobauuem
1167 2570 1228 2618 haec
1245 2569 1372 2630 scribere,
1393 2571 1474 2620 neate

255 2641 372 2701 lllssiillsst·
892 2639 1053 2688 credentibus.
1088 2637 1204 2686 Sedisca
1229 2637 1323 2686 mirum
1351 2647 1392 2687 cst
1411 2641 1476 2686 bac

288 2723 309 2756 c.
333 2706 383 2756 Nisi
408 2705 503 2769 quidem
528 2705 564 2754 sic
588 2704 700 2754 malimus
724 2713 838 2766 statuere,
890 2719 954 2765 uem,
978 2707 1033 2770 quia
1051 2704 1220 2754 Valentinianis
1238 2704 1276 2753 rel
1296 2704 1406 2767 phrasin
1425 2708 1473 2754 ilas

254 2773 360 2822 abluisse
379 2773 434 2822 inde
453 2773 482 2821 ab
501 2772 568 2822 initio
579 2779 626 2820 tam
637 2772 755 2834 pluralem
766 2787 837 2836 quam

254 2835 408 2902 singularem,
427 2849 451 2888 at
470 2839 549 2900 graeci
569 2837 670 2900 legerint
687 2855 707 2887 ι.
723 2837 761 2887 tt.
781 2837 839 2890 τοῖς

252 2899 428 2955 πιστεύουσιν
445 2897 483 2957 εἷς
500 2899 531 2952 τὸ
551 2896 639 2982 ὄνομα
652 2895 745 2960 αὐτοῦ,
766 2922 785 2956 ι.
799 2905 835 2955 ta.

247 2965 304 3040 ,οὐχ
329 2967 356 3029 ἐξ
380 2965 515 3037 αἱμάτων,
544 2961 607 3020 oisc
631 2964 659 3019 las
685 2965 840 3038 θελήματος

253 3034 366 3106 σαρκὸς,
402 3031 465 3088 οὐδὲ
493 3033 522 3088 lat
552 3031 705 3118 θελήματος
728 3031 837 3102 ἀνδρὸς,

253 3099 314 3156 ἀλλ’
335 3101 363 3156 ἐκ
383 3104 461 3161 Θεοῦ,
485 3123 505 3156 ι.
523 3105 561 3155 14.
578 3119 623 3153 και
642 3097 656 3153 ὅ
673 3099 754 3169 λόγος
772 3099 840 3174 σάρξ

253 3169 375 3240 ἔγένετοι
394 3175 458 3224 latini
478 3183 572 3223 autem:
592 3175 736 3224 credentibus
754 3177 779 3222 in
796 3191 839 3223 aa·

253 3246 313 3292 mina
332 3245 388 3292 cius.
408 3257 428 3289 ι.
440 3240 478 3289 ta.
498 3240 548 3290 Noa
566 3256 595 3290 ec
613 3244 732 3303 sanguine,
751 3241 793 3291 alec
811 3257 840 3290 eu

252 3311 370 3358 uoluntate
387 3311 444 3366 uiri,
465 3309 505 3356 ssd
523 3323 553 3356 ec
565 3308 620 3358 ileo.
638 3307 707 3356 att.
727 3309 754 3357 Ει
766 3323 838 3358 sesana

255 3385 308 3426 sara
333 3379 407 3438 factas
432 3382 464 3423 est
489 3381 534 3423 etc.
568 3375 644 3438 Atque
662 3375 772 3438 prolecto
792 3389 840 3424 uon

254 3445 324 3492 deest
341 3443 404 3489 uaria
422 3442 568 3504 suspicionis
587 3443 682 3491 occasio
696 3449 767 3505 atque
778 3441 840 3490 iusta

254 3509 323 3572 quasi
342 3523 421 3557 causa.
450 3508 511 3558 illud
530 3525 558 3557 oa
576 3511 695 3570 sanguiue,
716 3507 780 3571 quod
799 3509 839 3557 alii

255 3577 406 3638 sanguinibus
424 3575 541 3636 scribunt,
560 3589 645 3636 graece
658 3583 682 3624 et
695 3577 776 3634 latiae,
795 3576 839 3624 sb-

254 3651 291 3692 cst
309 3643 346 3692 bis
364 3643 394 3692 ab
418 3643 561 3704 allegatione
579 3642 680 3691 lrenuel.
716 3641 777 3691 latus
795 3656 837 3690 sa-

252 3719 301 3760 tem
326 3711 474 3760 sententiae:
498 3725 544 3758 nasa
571 3725 600 3758 ec
616 3711 732 3759 uoluntate
750 3713 836 3770 carnis,

251 3793 293 3827 uec
318 3793 347 3827 ea
371 3779 487 3826 uoluntate
504 3777 556 3836 oiri,
583 3775 694 3825 similiter
713 3791 760 3826 non
779 3790 838 3826 cou-

252 3852 345 3894 stauter
369 3845 507 3902 excitantur,
531 3843 575 3891 sed
599 3852 639 3892 aut
663 3843 738 3893 altera
762 3843 839 3902 abest,

891 2773 986 2832 invidet,
1004 2780 1083 2824 tamea
1103 2771 1168 2820 illam
1188 2771 1329 2820 orationem
1343 2771 1398 2822 lah.
1410 2772 1475 2835 den

890 2840 1000 2889 Christus
1018 2839 1173 2895 Nicodemum
1192 2838 1273 2898 docet,
1292 2837 1327 2888 de
1350 2855 1412 2888 uass
1429 2853 1476 2903 prs

889 2899 965 2965 νήσει
983 2921 1030 2956 nou
1041 2907 1150 2955 similiter
1160 2903 1321 2964 sollicitasse,
1344 2917 1388 2956 sut
1403 2908 1476 2956 leba

892 2975 929 3024 nis
947 2973 1003 3024 illes
1020 2974 1138 3037 phrases:
1156 2987 1232 3022 saaca
1250 2975 1291 3022 dei
1308 2985 1395 3024 maaet
1414 2991 1437 3023 rs
1448 2980 1476 3022 l-

890 3045 958 3104 atine,
980 3057 1009 3090 ec
1026 3043 1072 3092 lieo
1090 3048 1157 3090 natus
1176 3048 1223 3088 etc.
1247 3039 1321 3089 lianc
1334 3052 1459 3092 -seatemn

892 3110 943 3172 ipse
967 3108 1074 3158 excitarit
1098 3108 1127 3156 de
1146 3106 1227 3156 toute.
1247 3121 1303 3170 cap.
1331 3109 1374 3159 ts.
1413 3111 1475 3158 raia

891 3183 969 3224 autem
988 3182 1054 3239 patet
1072 3189 1098 3224 ex
1117 3175 1163 3223 isto
1183 3182 1248 3224 mota
1268 3189 1366 3238 parum
1387 3179 1447 3226 iusta
1464 3193 1497 3240 n,

891 3241 985 3291 liberali
1004 3243 1068 3291 bunc
1085 3241 1229 3303 scriptorem
1249 3256 1280 3290 eo
1301 3243 1403 3302 delabi,
1422 3253 1460 3292 ιιιι

891 3309 1037 3372 impostores
1061 3317 1085 3358 et
1107 3307 1288 3358 adulteratores
1307 3313 1476 3361 sententiares

891 3375 1006 3438 evangelii
1024 3377 1096 3426 locist
1113 3375 1266 3424 adversarios
1286 3391 1365 3427 suos.

925 3445 948 3493 d.
967 3443 1021 3507 lpse
1041 3444 1079 3492 bic
1097 3443 1202 3506 scriptor
1221 3443 1320 3493 ridetur
1352 3447 1429 3506 (sicut
1446 3447 1461 3493 ι,

890 3507 972 3570 solet),
996 3525 1022 3558 se
1041 3509 1144 3574 prodere
1162 3510 1225 3558 sicut
1242 3525 1341 3574 sorex;
1372 3529 1429 3563 aa·
1445 3514 1470 3560 ιΊ

891 3577 944 3639 ipso
964 3577 1026 3626 libro
1045 3577 1157 3626 adversas
1169 3577 1366 3630 Valentinianos
1385 3583 1463 3630 cb,

890 3644 987 3694 scribit:
1011 3659 1052 3694 nce
1072 3646 1175 3708 undiqm
1191 3645 1233 3704 (aa
1251 3649 1376 3710 utigue2)
1396 3653 1467 3698 dem

889 3714 935 3775 ipsi
952 3714 1019 3762 nobis
1036 3713 1132 3774 tinuisse
1149 3713 1276 3770 materias,
1302 3729 1372 3778 quas
1398 3725 1430 3764 tot
1446 3733 1468 3762 i:

890 3780 934 3828 uiri
958 3781 1077 3829 sanctitate
1101 3785 1121 3827 ct
1137 3782 1286 3842 praestorslia
1304 3783 1428 3845 insignes,
1453 3799 1460 3826 s

890 3847 965 3896 saliam
978 3848 1052 3895 nostri
1069 3851 1232 3905 antecessores,
1254 3849 1299 3896 sed
1316 3851 1463 3913 ipsarsssle

253 3919 294 3962 aut
318 3911 392 3960 altera
417 3910 485 3959 alteri
504 3911 685 3974 praepandere
704 3897 839 3976 ltaque‘ai·
889 3915 1060 3963 resiarcbaruna
1082 3913 1264 3975 contemporales
1295 3916 1459 3967 instructum

253 3977 339 4030 demur
363 3993 411 4027 nou
435 3977 487 4026 sius
506 3977 599 4026 ratione
618 3977 640 4026 id
660 3977 769 4040 opinari,
795 3993 839 4028 aec
889 3982 1043 4030 uoluminibus
1067 3985 1088 4028 ct
1109 3980 1265 4042 prodiderunt
1291 3989 1317 4030 et
1345 3988 1468 4034 resedens*

251 4045 371 4109 pluralem
391 4061 434 4095 nec
452 4045 599 4107 singularem
618 4046 642 4094 in
661 4044 728 4094 labris
741 4046 838 4108 scriptis
889 4054 914 4096 ut
933 4049 1042 4108 lustinus,
1060 4047 1212 4110 philosophus
1232 4053 1253 4094 et
1272 4057 1384 4114 martur,
1401 4061 1425 4100 ut
1442 4051 1473 4099 ,ι’-

252 4113 374 4172 cxtitisse3
393 4115 472 4176 itaque
491 4111 608 4176 quasdam
627 4113 656 4162 de
674 4127 718 4161 suo
735 4113 837 4162 adiecis·
890 4117 972 4173 tiadcs,
1000 4115 1146 4165 ecclesiarum
1170 4115 1288 4176 sopirista,
1317 4126 1349 4166 est
1376 4121 1461 4168 tres-:as

252 4193 295 4228 ss:
322 4183 371 4228 nati
389 4187 449 4240 sant,
473 4179 505 4228 uti
524 4179 623 4229 omnino
642 4180 777 4244 propositio
796 4179 837 4228 illa
890 4185 989 4230 ananiam
1016 4183 1172 4231 doctrinarum
1195 4183 1389 4235 curiosissimus
1415 4189 1473 4248 esp-²

252 4245 343 4308 expleri
362 4247 440 4306 debet,
459 4247 506 4296 nisi
524 4247 560 4296 sic
572 4247 616 4296 luit
624 4247 767 4311 perscripta.
786 4247 838 4297 Hoc
888 4257 960 4308 rator,
980 4255 1005 4298 ut
1022 4249 1132 4298 Proculas
1149 4253 1236 4308 noster,
1257 4251 1371 4312 sirpeam
1392 4267 1458 4302 mea
1494 4275 1495 4308 ι

253 4311 415 4360 Tertullianus
434 4314 490 4362 dicit
504 4313 718 4376 adulteratiouem;
737 4315 792 4380 quia
807 4315 836 4364 ti-
888 4323 909 4366 ct
927 4318 1068 4366 christianae
1084 4317 1228 4379 eloquentiae
1246 4317 1384 4382 dignitas,
1405 4337 1446 4385 qus

252 4385 302 4427 met
327 4383 350 4426 et
375 4381 457 4428 metuit
480 4381 526 4431 bac
551 4383 644 4442 ratione
662 4381 772 4432 homiues
790 4381 836 4431 dici
888 4385 950 4433 oanni
974 4399 1041 4447 opere
1062 4384 1131 4445 ndei,
1157 4383 1367 4446 quemadmodum
1391 4393 1417 4436 is
1440 4409 1454 4431 ιι

177 4453 183 4466 ·
252 4458 281 4493 ex
298 4443 348 4492 Deo
368 4451 436 4494 natos
455 4461 525 4510 ssss;
544 4449 605 4500 banc
629 4449 729 4513 phrasin
748 4450 836 4499 contir-
886 4453 1013 4514 optaverim
1030 4453 1130 4514 assequi.
1165 4451 1207 4499 dul
1227 4452 1248 4498 si
1269 4452 1296 4500 ιἰι
1317 4459 1475 4504 latumias:-

251 4525 319 4560 mara
346 4525 419 4574 posse
438 4512 656 4567 Valentinianorum
675 4531 758 4566 serncn
776 4515 837 4566 illud
887 4533 923 4566 ees
941 4533 988 4567 uon
1005 4525 1067 4578 saut,
1092 4523 1125 4576 at,
1149 4519 1189 4580 qui
1207 4531 1247 4566 eas
1267 4520 1380 4582 pellant,
1402 4526 1478 4585 §cust

251 4579 367 4629 divinum.
389 4578 471 4642 ltaque
490 4581 561 4631 audet
578 4583 630 4646 ipss
649 4583 836 4636 contenderede
887 4586 1018 4647 credantur,
1038 4585 1159 4635 nreatietas
1175 4585 1317 4648 Apostolus,
1339 4593 1479 4654 praeditur
