3126 5250
249 344 312 419 Μ
347 362 540 409 lllSSRR'l'dTlo
555 363 586 406 tlt
601 363 649 414 on.
664 361 750 410 ΕΒΗ·
764 361 1062 417 aeternitaliter
1075 361 1300 406 mouoonrtctttt
1313 361 1402 405 GBTT.

762 595 883 660 CAPUT
905 596 955 660 xl.
1000 591 1004 600 “

250 717 285 768 lle
302 716 452 767 mortuorunt
470 715 594 766 hominurn
613 715 643 766 ud
659 716 730 766 ritum
748 715 908 776 terocttione,
923 723 1032 766 extremo
1045 715 1087 766 liei
1102 715 1199 776 iudicio,
1216 717 1321 766 oeternis
1335 717 1469 781 impiorum

273 785 360 851 poeuis
377 800 406 836 ue
424 785 538 848 pmsmiie
554 785 683 846 iustorum,
701 792 772 849 etque
789 785 923 836 eniminum
940 791 994 834 tute
1011 785 1122 835 ultimum
1140 785 1254 835 iudicium
1272 785 1444 849 receptaculis.

780 907 933 922 μ’*

759 1003 926 1056 uertentes
943 1003 962 1056 l.

251 1108 334 1162 ouihut
352 1108 487 1164 tegumentis
506 1107 656 1152 Tertullianus
673 1108 798 1164 proharsrit
814 1119 892 1152 omues
908 1115 1008 1152 mortuos
1025 1108 1128 1152 homines
1145 1119 1212 1164 posse
1238 1107 1266 1150 ud
1283 1107 1349 1150 ritum
1367 1109 1471 1152 revocari

251 1189 278 1221 uo
300 1188 379 1221 revers
402 1175 554 1220 reuocandos:
578 1183 651 1219 utrum
675 1175 761 1219 animae
786 1175 916 1231 corporibus
935 1183 1012 1220 exutae
1030 1184 1052 1220 et
1069 1176 1117 1219 siue
1135 1175 1223 1220 illerum
1242 1173 1363 1218 ministerio
1382 1177 1472 1230 possint

604 1242 687 1298 ellquld
704 1254 780 1296 ogero,
796 1243 841 1299 pati
859 1255 886 1287 sc
904 1243 980 1328 dolgre
998 1250 1020 1287 et
1036 1245 1122 1287 laeteri.

333 1358 377 1420 hd
397 1357 454 1420 alia
475 1376 555 1420 nunc
575 1357 789 1420 transeundum
803 1365 850 1422 est
865 1357 1041 1421 christianae
1055 1357 1208 1437 religionis
1224 1359 1369 1437 dogmata,
1391 1376 1471 1437 quae

251 1442 449 1506 Tertullianus
470 1442 533 1506 suis
555 1442 587 1504 in
608 1441 692 1504 lihris
714 1452 815 1504 contra
837 1443 970 1504 ethnicos
992 1443 1099 1505 asserit
1119 1451 1272 1504 actuetur.
1302 1442 1397 1504 Unum
1413 1462 1471 1506 au·
1552 1479 1553 1506 r

250 1539 311 1592 tem
332 1548 369 1592 cx
390 1527 427 1592 iis
449 1535 611 1606 nostraque
632 1527 886 1592 animadversione
908 1528 1028 1607 dignum
1051 1535 1104 1602 est,
1129 1528 1209 1607 quod
1223 1535 1390 1590 constanter
1404 1535 1470 1590 tra·
1552 1511 1553 1564 ³

250 1615 294 1676 dit
319 1613 468 1692 variisque
496 1611 644 1674 rationum
676 1613 834 1676 momentis
855 1612 962 1692 prohat
983 1631 1087 1676 omnes
1109 1613 1230 1674 omniuo
1252 1621 1383 1674 mortum
1405 1611 1470 1674 ho-

248 1699 346 1762 mines
369 1698 401 1760 in
421 1697 480 1758 line
501 1696 602 1758 muudi
625 1696 770 1758 advitam
792 1698 982 1770 reuocandos.
1011 1697 1143 1758 Primum
1164 1705 1262 1759 autem
1284 1695 1406 1758 desumit
1430 1715 1469 1758 ex

249 1783 364 1846 infinita
392 1781 523 1861 potentin
543 1781 606 1847 nei.
644 1781 708 1854 Qut
731 1791 858 1854 tontum,
891 1781 994 1860 iuquit,
1027 1782 1082 1846 hoo
1110 1784 1213 1844 muudi
1233 1800 1341 1863 corpur
1364 1781 1399 1843 de
1421 1801 1467 1854 eo,

251 1869 331 1950 quod
356 1886 420 1930 eoa
447 1867 560 1946 fuerat,
594 1865 625 1927 id
657 1873 705 1927 est
726 1885 761 1928 ex
783 1867 886 1940 nihilo,
908 1872 1076 1946 composuit
1110 1864 1293 1942 (Tertullian.
1313 1865 1469 1946 Apologet.
1552 1885 1553 1928 ι

252 1954 402 2032 cap.48.),
424 1951 487 2016 sire
509 1959 541 2012 ut
562 1951 659 2012 nostri
681 1959 712 2012 et
732 1960 800 2013 ante
821 1950 978 2030 Rigaltium
1000 1951 1071 2012 editi
1092 1951 1209 2014 codices
1231 1949 1350 2024 hahent,
1371 1955 1468 2032 impo-

251 2043 322 2111 tuit,
346 2053 399 2098 seu
420 2035 539 2108 crearit,
567 2035 593 2097 is
615 2043 695 2098 certe
716 2035 782 2114 ipse
801 2043 902 2115 potest
921 2035 1057 2098 homines
1078 2037 1113 2100 dc
1133 2047 1230 2100 morte
1251 2039 1421 2098 uocotioor'r
1439 2047 1465 2098 ct

250 2127 418 2194 inanitatis,
446 2121 504 2182 hoc
531 2126 577 2182 est
603 2120 639 2180 ah
667 2129 774 2192 morte,
802 2121 864 2184 siue
893 2120 1033 2182 inanitate
1070 2139 1105 2184 ac
1131 2121 1295 2200 privatione
1324 2121 1402 2182 ritae
1427 2119 1460 2180 ad

251 2207 410 2270 secundam
432 2205 519 2266 uitam
542 2205 678 2266 excitare.
722 2205 796 2265 Nam
817 2205 847 2266 hi
870 2224 958 2267 uuam
979 2206 1181 2267 tantummodo
1206 2205 1336 2267 efficiunt
1354 2213 1461 2285 partem

251 2290 364 2362 muudi,
392 2309 479 2370 quem
506 2297 623 2352 constat
650 2307 719 2350 esse
739 2289 899 2352 auimatum
920 2294 1035 2371 spirite
1057 2294 1188 2354 omur'tou
1209 2294 1393 2352 ooimotore.
1432 2288 1464 2350 ltt

250 2376 290 2438 ita
313 2376 431 2455 quidem
451 2370 594 2453 Rigaltius
616 2381 650 2436 et
666 2373 715 2436 alii
737 2374 874 2453 deinceps
895 2374 976 2436 hunc
995 2375 1134 2438 exhibent
1155 2373 1325 2454 Tertulliani
1347 2383 1466 2438 textum.

250 2459 355 2524 hlelius
382 2478 452 2522 vero
480 2458 578 2525 nostri
604 2459 845 2538 antiquioresque
873 2460 972 2522 excusi
995 2459 1127 2522 codices:
1155 2464 1321 2524 animatum
1355 2465 1468 2541 spiritu

249 2550 383 2610 omnium
401 2547 575 2606 animorum
596 2547 774 2608 animatore.
807 2543 910 2606 Nostri
929 2544 1077 2623 siquidem
1097 2544 1233 2606 Auctoris
1255 2544 1468 2622 argumentatio

252 2629 368 2694 ducitur
395 2647 412 2690 a
439 2627 554 2702 maiori,
583 2635 617 2688 ut
637 2629 728 2701 aiunt,
756 2628 792 2690 ad
814 2628 925 2704 minus,
947 2629 1009 2690 siue
1030 2648 1048 2690 a
1070 2637 1143 2703 toto,
1171 2631 1250 2708 quod
1272 2631 1383 2691 lachim
1406 2630 1469 2702 tuit,

251 2715 288 2776 ad
316 2722 440 2794 partem,
470 2731 545 2791 quae
566 2712 630 2776 lieri
652 2711 761 2774 idcirco
783 2721 891 2791 polest
935 2713 1071 2786 Mundus,
1099 2714 1205 2794 inquit,
1233 2713 1378 2775 animatus
1409 2714 1470 2776 sire

252 2807 368 2862 creatus
395 2809 441 2860 est
468 2796 558 2858 alisi
587 2797 703 2876 spiritu,
737 2797 868 2858 omnium
897 2798 1060 2860 animarum
1088 2799 1267 2872 animatore3
1298 2817 1369 2876 erqo
1392 2798 1471 2862 idem

251 2884 315 2966 ipse
337 2883 390 2948 nei
412 2880 534 2962 spiritus
555 2889 653 2960 polest
673 2882 809 2944 homines
830 2900 892 2944 non
912 2883 1054 2956 omnium,
1076 2884 1132 2946 sed
1145 2902 1201 2944 suo
1217 2892 1340 2957 tantum,
1362 2883 1472 2963 spiritu

252 2969 396 3032 animatos
416 2974 487 3047 post
507 2985 611 3028 eorum
632 2975 759 3030 mortem
779 2967 886 3030 iterum
906 2967 1035 3030 animare
1056 2976 1087 3029 st
1105 2987 1211 3030 rursus
1231 2987 1294 3030 uon
1315 2987 1352 3030 ex
1366 2969 1470 3043 nihilo,

252 3054 297 3116 uti
322 3053 417 3133 prim,
445 3051 500 3115 sed
528 3049 564 3113 ah
586 3051 709 3114 interitu
731 3061 760 3114 et
781 3052 838 3114 rita
859 3059 944 3114 antea
965 3053 1117 3132 deperdita
1144 3052 1181 3114 ad
1213 3053 1375 3115 secundam
1396 3071 1469 3115 ean-

252 3138 377 3216 demque
399 3155 548 3198 revocare.

246 3241 248 3247 ·
338 3220 416 3294 Quid
437 3239 519 3294 uero,
541 3220 619 3299 quod
641 3220 715 3282 haec
735 3219 799 3299 ipsa
811 3221 865 3284 ltoi
878 3221 914 3282 ad
937 3229 1071 3284 mortuos
1092 3221 1229 3284 homines
1244 3222 1473 3286 exsuscitandos

252 3305 382 3385 potentie
403 3317 464 3364 non
485 3304 575 3366 totius
597 3312 710 3366 tentum
732 3305 844 3379 mundi,
877 3306 930 3368 sed
951 3306 1016 3387 ipsa
1037 3307 1125 3370 etiam
1147 3305 1211 3370 sola
1231 3306 1362 3369 hominis
1385 3327 1474 3370 crea-

252 3390 333 3452 tione
361 3409 380 3452 n
399 3388 581 3450 Tertulliano
609 3389 770 3450 luculenter
792 3389 1035 3452 demonstraturi
1064 3391 1160 3454 llomo
1183 3393 1293 3454 etenim
1314 3401 1474 3471 antequam

253 3482 410 3548 crearetur,
438 3472 512 3536 nihil
541 3481 612 3547 erat,
644 3472 775 3553 alioquin
802 3493 835 3536 se
857 3475 951 3538 luisse
973 3475 1076 3538 saltem
1097 3476 1252 3558 aliquando
1274 3477 1474 3543 meminisset.

250 3559 339 3638 Atqui
361 3558 388 3621 si
408 3578 425 3620 a
446 3557 507 3618 Deo
530 3565 645 3620 creatus
667 3565 714 3620 est
735 3577 771 3620 ex
792 3559 894 3633 nihilo,
916 3569 1016 3640 potest
1036 3560 1136 3640 utique
1154 3562 1257 3624 eadem
1270 3561 1322 3622 liei
1336 3565 1475 3641 potentia

252 3653 284 3710 et
309 3644 460 3706 voluntate
486 3661 504 3704 a
533 3651 629 3704 morte
656 3643 786 3704 revocari
815 3644 923 3722 (lhid.).
965 3645 1032 3706 Non
1058 3645 1138 3708 enim
1165 3647 1260 3708 maior
1286 3647 1323 3708 ad
1344 3646 1474 3726 primam

251 3730 441 3802 creationem,
470 3747 558 3808 quam
586 3727 829 3790 instaurationem
857 3739 886 3792 et
906 3729 1123 3792 restitutionem
1143 3731 1304 3809 requiritur
1323 3739 1473 3810 potestas.

248 3815 312 3878 Nec
332 3814 480 3878 curiosius
502 3812 620 3892 quidem
641 3813 897 3894 importuniusque
919 3814 1052 3894 requiras
1072 3816 1219 3895 quomodo
1241 3817 1271 3877 id
1285 3815 1350 3878 lieri
1365 3827 1473 3896 queat:

253 3900 331 3964 Nem
357 3900 448 3964 redde
464 3901 493 3962 ti
508 3909 605 3979 potet,
634 3898 729 3978 inquit
750 3899 957 3974 Tertullianus,
986 3905 1143 3973 rationem,
1172 3920 1231 3982 qno
1250 3902 1353 3980 [umus
1375 3921 1420 3972 et,
1444 3913 1474 3966 et

253 3996 327 4048 tunc
355 3988 474 4066 require
503 4002 562 4064 qno
588 3985 642 4064 fier
671 3983 763 4058 (idem
784 3982 880 4060 ibid).
924 3985 989 4058 Qua
1017 3984 1166 4048 enimvero
1187 3985 1320 4065 potentia
1340 3986 1473 4066 primum

253 4071 346 4131 tectus
368 4087 411 4142 es,
440 4068 543 4130 eadem
563 4077 668 4147 postea
689 4068 841 4132 reficieris.
885 4069 1085 4142 Quamobrem
1107 4071 1133 4132 si
1155 4070 1192 4132 de
1211 4069 1307 4150 prima
1327 4088 1389 4148 non
1412 4072 1471 4137 dtt-

251 4151 341 4224 bitas,
362 4153 399 4214 de
421 4153 549 4216 secunda
569 4153 661 4216 multo
683 4153 781 4216 minus
802 4153 934 4216 dubitare
955 4153 1062 4218 debes:
1085 4155 1203 4218 littoim
1215 4155 1340 4236 [acilius
1355 4159 1470 4238 utique,

252 4235 295 4300 uti
317 4235 365 4297 ille
385 4237 481 4300 adhuc
501 4238 550 4312 ait,
572 4237 627 4319 ties
649 4241 727 4318 qood
747 4240 840 4319 [uicti
859 4239 1029 4320 aliquunde,
1052 4245 1123 4321 quio
1143 4259 1234 4321 neque
1255 4259 1317 4304 eon
1343 4241 1471 4322 difficile

253 4323 354 4402 foetet
377 4341 407 4384 ee
428 4323 508 4404 quod
528 4342 591 4385 eoa
611 4324 703 4403 [tristi
722 4325 883 4404 aliqnando
906 4323 1014 4400 (lhid.).
1059 4324 1154 4386 Simili
1175 4332 1274 4388 autem
1295 4326 1385 4388 modo
1412 4325 1470 4388 lli-

250 4405 367 4468 ,nutium
389 4404 525 4480 Felicem,
553 4407 735 4471 Lactantium
763 4415 793 4469 et
820 4407 893 4470 alios
917 4407 1101 4487 disputantes
1123 4409 1154 4471 in
1172 4409 1381 4489 ¹superioribus
1404 4412 1471 4473 dis·-

166 4573 168 4580 ,
252 4489 473 4656 ffisswhdnssffi
480 4491 643 4654 affinius
659 4493 825 4568 (Dissertat.
841 4492 872 4556 in
885 4491 986 4556 hliuut
1003 4513 1066 4573 cup.
1085 4497 1113 4560 t.
1128 4493 1191 4556 Art.
1202 4497 1233 4560 2.
1249 4503 1279 4558 et
1291 4495 1323 4556 in
1335 4493 1470 4576 qulant
