<?xml version="1.0" encoding="UTF-8"?>
<!DOCTYPE html PUBLIC "-//W3C//DTD XHTML 1.0 Transitional//EN"
    "http://www.w3.org/TR/xhtml1/DTD/xhtml1-transitional.dtd">
<html xmlns="http://www.w3.org/1999/xhtml" xml:lang="en" lang="en">
 <head>
  <title>
</title>
<meta http-equiv="Content-Type" content="text/html;charset=utf-8" />
  <meta name='ocr-system' content='tesseract 3.04.00' />
  <meta name='ocr-capabilities' content='ocr_page ocr_carea ocr_par ocr_line ocrx_word'/>
</head>
<body>
  <div class='ocr_page' id='page_1' title='image "./quaesupersuntom01oehlgoog_0025.png"; bbox 0 0 3132 5238; ppageno 0'>
   <div class='ocr_carea' id='block_1_1' title="bbox 175 345 1129 434">
    <p class='ocr_par' dir='ltr' id='par_1_1' title="bbox 175 345 1129 434">
     <span class='ocr_line' id='line_1_1' title="bbox 175 345 1129 434; baseline -0.004 -4"><span class='ocrx_word' id='word_1_1' title='bbox 175 345 178 357; x_wconf 44' lang='lat'>⁸</span> <span class='ocrx_word' id='word_1_2' title='bbox 239 367 278 430; x_wconf 79' lang='lat' dir='ltr'><strong>ll</strong></span> <span class='ocrx_word' id='word_1_3' title='bbox 563 383 611 434; x_wconf 85' lang='lat' dir='ltr'><strong>on.</strong></span> <span class='ocrx_word' id='word_1_4' title='bbox 634 355 716 426; x_wconf 72' lang='lat' dir='ltr'><strong>scor.</strong></span> <span class='ocrx_word' id='word_1_5' title='bbox 740 381 1042 428; x_wconf 58' lang='lat' dir='ltr'><strong>rtonursnrumnnt</strong></span> <span class='ocrx_word' id='word_1_6' title='bbox 1064 383 1129 426; x_wconf 78' lang='lat' dir='ltr'><strong>virt</strong></span> 
     </span>
    </p>
   </div>
   <div class='ocr_carea' id='block_1_2' title="bbox 153 531 1473 4652">
    <p class='ocr_par' dir='ltr' id='par_1_2' title="bbox 153 531 1457 2216">
     <span class='ocr_line' id='line_1_2' title="bbox 321 531 1456 602; baseline 0.006 -8"><span class='ocrx_word' id='word_1_7' title='bbox 321 533 406 594; x_wconf 83' lang='lat' dir='ltr'><strong>tnnc</strong></span> <span class='ocrx_word' id='word_1_8' title='bbox 427 531 545 594; x_wconf 81' lang='lat' dir='ltr'><strong>Domini</strong></span> <span class='ocrx_word' id='word_1_9' title='bbox 566 531 713 594; x_wconf 80' lang='lat' dir='ltr'>CXCVIII.</span> <span class='ocrx_word' id='word_1_10' title='bbox 754 531 793 594; x_wconf 80' lang='grc' dir='ltr'><strong>Τ.</strong></span> <span class='ocrx_word' id='word_1_11' title='bbox 822 531 922 593; x_wconf 87' lang='lat' dir='ltr'><strong>Sextio</strong></span> <span class='ocrx_word' id='word_1_12' title='bbox 950 531 1095 594; x_wconf 87' lang='lat' dir='ltr'><strong>Laterano</strong></span> <span class='ocrx_word' id='word_1_13' title='bbox 1124 541 1154 596; x_wconf 93' lang='lat' dir='ltr'><strong>et</strong></span> <span class='ocrx_word' id='word_1_14' title='bbox 1181 531 1220 596; x_wconf 87' lang='lat' dir='ltr'><strong>tt.</strong></span> <span class='ocrx_word' id='word_1_15' title='bbox 1242 534 1335 598; x_wconf 85' lang='lat' dir='ltr'><strong>llario</strong></span> <span class='ocrx_word' id='word_1_16' title='bbox 1361 537 1400 600; x_wconf 86' lang='lat' dir='ltr'><strong>ll.</strong></span> <span class='ocrx_word' id='word_1_17' title='bbox 1423 537 1456 602; x_wconf 83' lang='lat' dir='ltr'><strong>P.</strong></span> 
     </span>
     <span class='ocr_line' id='line_1_3' title="bbox 238 616 1453 701; baseline 0.004 -21"><span class='ocrx_word' id='word_1_18' title='bbox 238 618 318 680; x_wconf 79' lang='lat' dir='ltr'><strong>&#39;litio</strong></span> <span class='ocrx_word' id='word_1_19' title='bbox 340 617 445 680; x_wconf 86' lang='lat' dir='ltr'><strong>llullno</strong></span> <span class='ocrx_word' id='word_1_20' title='bbox 474 635 552 678; x_wconf 78' lang='lat' dir='ltr'><strong>ross.</strong></span> <span class='ocrx_word' id='word_1_21' title='bbox 575 616 608 677; x_wconf 89' lang='lat' dir='ltr'><strong>S.</strong></span> <span class='ocrx_word' id='word_1_22' title='bbox 637 616 764 678; x_wconf 80' lang='lat' dir='ltr'><strong>Victoris</strong></span> <span class='ocrx_word' id='word_1_23' title='bbox 786 617 873 678; x_wconf 86' lang='lat' dir='ltr'><strong>llom.</strong></span> <span class='ocrx_word' id='word_1_24' title='bbox 894 617 1000 695; x_wconf 87' lang='lat' dir='ltr'><strong>pontii.</strong></span> <span class='ocrx_word' id='word_1_25' title='bbox 1023 637 1101 678; x_wconf 87' lang='lat' dir='ltr'><strong>anno</strong></span> <span class='ocrx_word' id='word_1_26' title='bbox 1123 618 1186 680; x_wconf 90' lang='lat' dir='ltr'><strong>Xll.</strong></span> <span class='ocrx_word' id='word_1_27' title='bbox 1217 619 1319 682; x_wconf 83' lang='lat' dir='ltr'><strong>Severi</strong></span> <span class='ocrx_word' id='word_1_28' title='bbox 1333 622 1405 701; x_wconf 75' lang='lat' dir='ltr'><strong>imp,</strong></span> <span class='ocrx_word' id='word_1_29' title='bbox 1420 625 1453 686; x_wconf 89' lang='lat' dir='ltr'><strong>V.</strong></span> 
     </span>
     <span class='ocr_line' id='line_1_4' title="bbox 237 700 1456 786; baseline 0.006 -22"><span class='ocrx_word' id='word_1_30' title='bbox 237 702 450 765; x_wconf 77' lang='lat' dir='ltr'><strong>Tertullianum</strong></span> <span class='ocrx_word' id='word_1_31' title='bbox 477 700 636 763; x_wconf 80' lang='lat' dir='ltr'><strong>verisimile</strong></span> <span class='ocrx_word' id='word_1_32' title='bbox 664 710 711 763; x_wconf 88' lang='lat' dir='ltr'><strong>est</strong></span> <span class='ocrx_word' id='word_1_33' title='bbox 735 701 894 762; x_wconf 76' lang='lat' dir='ltr'><strong>memoriae</strong></span> <span class='ocrx_word' id='word_1_34' title='bbox 918 703 1098 764; x_wconf 82' lang='lat' dir='ltr'><strong>ermeeudae</strong></span> <span class='ocrx_word' id='word_1_35' title='bbox 1123 703 1216 782; x_wconf 76' lang='lat' dir='ltr'><strong>gratia</strong></span> <span class='ocrx_word' id='word_1_36' title='bbox 1242 707 1456 786; x_wconf 72' lang='lat' dir='ltr'><strong>conscripsisse</strong></span> 
     </span>
     <span class='ocr_line' id='line_1_5' title="bbox 238 783 1456 868; baseline 0.002 -18"><span class='ocrx_word' id='word_1_37' title='bbox 238 787 368 850; x_wconf 80' lang='lat' dir='ltr'><strong>carmIne</strong></span> <span class='ocrx_word' id='word_1_38' title='bbox 394 786 523 848; x_wconf 84' lang='lat' dir='ltr'><strong>Genesin</strong></span> <span class='ocrx_word' id='word_1_39' title='bbox 544 794 575 847; x_wconf 92' lang='lat' dir='ltr'><strong>et</strong></span> <span class='ocrx_word' id='word_1_40' title='bbox 596 783 857 861; x_wconf 83' lang='lat' dir='ltr'><strong>Sodomam,‘imo</strong></span> <span class='ocrx_word' id='word_1_41' title='bbox 879 804 945 846; x_wconf 88' lang='lat' dir='ltr'><strong>mea</strong></span> <span class='ocrx_word' id='word_1_42' title='bbox 966 787 1113 849; x_wconf 89' lang='lat' dir='ltr'><strong>sententia</strong></span> <span class='ocrx_word' id='word_1_43' title='bbox 1135 788 1278 868; x_wconf 72' lang='lat' dir='ltr'><strong>lnteprem</strong></span> <span class='ocrx_word' id='word_1_44' title='bbox 1299 809 1456 854; x_wconf 79' lang='lat' dir='ltr'><strong>merorum</strong></span> 
     </span>
     <span class='ocr_line' id='line_1_6' title="bbox 237 869 1455 952; baseline 0.002 -18"><span class='ocrx_word' id='word_1_45' title='bbox 237 872 396 934; x_wconf 84' lang='lat' dir='ltr'><strong>bibliorum</strong></span> <span class='ocrx_word' id='word_1_46' title='bbox 419 871 532 932; x_wconf 79' lang='lat' dir='ltr'><strong>VeterIs</strong></span> <span class='ocrx_word' id='word_1_47' title='bbox 554 869 735 932; x_wconf 74' lang='lat' dir='ltr'><strong>Testamenti</strong></span> <span class='ocrx_word' id='word_1_48' title='bbox 756 870 924 944; x_wconf 86' lang='lat' dir='ltr'><strong>historiam,</strong></span> <span class='ocrx_word' id='word_1_49' title='bbox 947 877 1048 950; x_wconf 89' lang='lat' dir='ltr'><strong>utpote</strong></span> <span class='ocrx_word' id='word_1_50' title='bbox 1069 889 1159 950; x_wconf 87' lang='lat' dir='ltr'><strong>quum</strong></span> <span class='ocrx_word' id='word_1_51' title='bbox 1188 881 1219 934; x_wconf 90' lang='lat' dir='ltr'><strong>et</strong></span> <span class='ocrx_word' id='word_1_52' title='bbox 1239 874 1322 952; x_wconf 88' lang='lat' dir='ltr'><strong>prius</strong></span> <span class='ocrx_word' id='word_1_53' title='bbox 1336 875 1455 938; x_wconf 90' lang='lat' dir='ltr'><strong>illorum</strong></span> 
     </span>
     <span class='ocr_line' id='line_1_7' title="bbox 237 953 1457 1038; baseline 0.003 -20"><span class='ocrx_word' id='word_1_54' title='bbox 237 955 372 1018; x_wconf 90' lang='lat' dir='ltr'><strong>mutilum</strong></span> <span class='ocrx_word' id='word_1_55' title='bbox 401 955 456 1030; x_wconf 90' lang='lat' dir='ltr'><strong>sit,</strong></span> <span class='ocrx_word' id='word_1_56' title='bbox 486 961 515 1016; x_wconf 92' lang='lat' dir='ltr'><strong>et</strong></span> <span class='ocrx_word' id='word_1_57' title='bbox 542 972 577 1016; x_wconf 83' lang='lat' dir='ltr'><strong>ex</strong></span> <span class='ocrx_word' id='word_1_58' title='bbox 598 954 684 1016; x_wconf 90' lang='lat' dir='ltr'><strong>initio</strong></span> <span class='ocrx_word' id='word_1_59' title='bbox 705 953 883 1033; x_wconf 87' lang='lat' dir='ltr'><strong>posterioris</strong></span> <span class='ocrx_word' id='word_1_60' title='bbox 904 955 977 1016; x_wconf 90' lang='lat' dir='ltr'><strong>satis</strong></span> <span class='ocrx_word' id='word_1_61' title='bbox 998 955 1132 1017; x_wconf 85' lang='lat' dir='ltr'><strong>videatur</strong></span> <span class='ocrx_word' id='word_1_62' title='bbox 1153 957 1242 1018; x_wconf 90' lang='lat' dir='ltr'><strong>etiam</strong></span> <span class='ocrx_word' id='word_1_63' title='bbox 1262 958 1457 1038; x_wconf 74' lang='lat' dir='ltr'><strong>descripsisse</strong></span> 
     </span>
     <span class='ocr_line' id='line_1_8' title="bbox 238 1038 1455 1118; baseline 0.004 -16"><span class='ocrx_word' id='word_1_64' title='bbox 238 1041 319 1102; x_wconf 87' lang='lat' dir='ltr'><strong>orbis</strong></span> <span class='ocrx_word' id='word_1_65' title='bbox 341 1039 472 1102; x_wconf 80' lang='lat' dir='ltr'><strong>universi</strong></span> <span class='ocrx_word' id='word_1_66' title='bbox 494 1039 653 1114; x_wconf 77' lang='lat' dir='ltr'><strong>dilurium3</strong></span> <span class='ocrx_word' id='word_1_67' title='bbox 675 1046 762 1118; x_wconf 84' lang='lat' dir='ltr'><strong>atque</strong></span> <span class='ocrx_word' id='word_1_68' title='bbox 784 1039 857 1100; x_wconf 88' lang='lat' dir='ltr'><strong>adeo</strong></span> <span class='ocrx_word' id='word_1_69' title='bbox 880 1039 968 1100; x_wconf 87' lang='lat' dir='ltr'><strong>etiam</strong></span> <span class='ocrx_word' id='word_1_70' title='bbox 990 1038 1115 1102; x_wconf 76' lang='lat' dir='ltr'><strong>Carmen</strong></span> <span class='ocrx_word' id='word_1_71' title='bbox 1136 1040 1207 1102; x_wconf 88' lang='lat' dir='ltr'><strong>illud</strong></span> <span class='ocrx_word' id='word_1_72' title='bbox 1227 1042 1264 1102; x_wconf 89' lang='lat' dir='ltr'><strong>ad</strong></span> <span class='ocrx_word' id='word_1_73' title='bbox 1279 1043 1455 1107; x_wconf 81' lang='lat' dir='ltr'><strong>seuaurcm</strong></span> 
     </span>
     <span class='ocr_line' id='line_1_9' title="bbox 237 1122 1456 1207; baseline 0.003 -20"><span class='ocrx_word' id='word_1_74' title='bbox 237 1143 274 1187; x_wconf 84' lang='lat' dir='ltr'><strong>ex</strong></span> <span class='ocrx_word' id='word_1_75' title='bbox 295 1122 460 1186; x_wconf 83' lang='lat' dir='ltr'><strong>Christiana</strong></span> <span class='ocrx_word' id='word_1_76' title='bbox 481 1124 539 1185; x_wconf 84' lang='lat' dir='ltr'><strong>fide</strong></span> <span class='ocrx_word' id='word_1_77' title='bbox 560 1123 597 1184; x_wconf 89' lang='lat' dir='ltr'><strong>ad</strong></span> <span class='ocrx_word' id='word_1_78' title='bbox 617 1123 764 1185; x_wconf 87' lang='lat' dir='ltr'><strong>idolorum</strong></span> <span class='ocrx_word' id='word_1_79' title='bbox 785 1122 954 1185; x_wconf 84' lang='lat' dir='ltr'><strong>servitutem</strong></span> <span class='ocrx_word' id='word_1_80' title='bbox 976 1141 1142 1198; x_wconf 84' lang='lat' dir='ltr'><strong>reversum,</strong></span> <span class='ocrx_word' id='word_1_81' title='bbox 1164 1132 1194 1186; x_wconf 91' lang='lat' dir='ltr'><strong>et</strong></span> <span class='ocrx_word' id='word_1_82' title='bbox 1213 1125 1306 1188; x_wconf 89' lang='lat' dir='ltr'><strong>libros</strong></span> <span class='ocrx_word' id='word_1_83' title='bbox 1327 1128 1456 1207; x_wconf 73' lang='lat' dir='ltr'><strong>priumie</strong></span> 
     </span>
     <span class='ocr_line' id='line_1_10' title="bbox 237 1207 1454 1282; baseline 0.002 -12"><span class='ocrx_word' id='word_1_84' title='bbox 237 1210 358 1270; x_wconf 75' lang='lat' dir='ltr'><strong>Adsero.</strong></span> <span class='ocrx_word' id='word_1_85' title='bbox 381 1207 521 1270; x_wconf 72' lang='lat' dir='ltr'><strong>Hormou.</strong></span> <span class='ocrx_word' id='word_1_86' title='bbox 544 1207 684 1282; x_wconf 75' lang='lat' dir='ltr'><strong>wmine,</strong></span> <span class='ocrx_word' id='word_1_87' title='bbox 706 1225 741 1269; x_wconf 87' lang='lat' dir='ltr'><strong>ac</strong></span> <span class='ocrx_word' id='word_1_88' title='bbox 753 1207 796 1268; x_wconf 86' lang='lat' dir='ltr'><strong>lle</strong></span> <span class='ocrx_word' id='word_1_89' title='bbox 811 1207 920 1268; x_wconf 90' lang='lat' dir='ltr'><strong>iudicio</strong></span> <span class='ocrx_word' id='word_1_90' title='bbox 934 1207 1052 1268; x_wconf 82' lang='lat' dir='ltr'><strong>Domini</strong></span> <span class='ocrx_word' id='word_1_91' title='bbox 1065 1208 1183 1270; x_wconf 88' lang='lat' dir='ltr'><strong>librum.</strong></span> <span class='ocrx_word' id='word_1_92' title='bbox 1213 1209 1277 1271; x_wconf 88' lang='lat' dir='ltr'><strong>lloc</strong></span> <span class='ocrx_word' id='word_1_93' title='bbox 1290 1229 1361 1272; x_wconf 82' lang='lat' dir='ltr'><strong>vero</strong></span> <span class='ocrx_word' id='word_1_94' title='bbox 1376 1227 1454 1280; x_wconf 86' lang='lat' dir='ltr'><strong>anno</strong></span> 
     </span>
     <span class='ocr_line' id='line_1_11' title="bbox 237 1290 1455 1374; baseline 0.003 -20"><span class='ocrx_word' id='word_1_95' title='bbox 237 1292 274 1354; x_wconf 86' lang='lat' dir='ltr'><strong>ad</strong></span> <span class='ocrx_word' id='word_1_96' title='bbox 295 1291 344 1354; x_wconf 91' lang='lat' dir='ltr'><strong>XI.</strong></span> <span class='ocrx_word' id='word_1_97' title='bbox 366 1291 430 1354; x_wconf 79' lang='lat' dir='ltr'><strong>llo.</strong></span> <span class='ocrx_word' id='word_1_98' title='bbox 450 1291 569 1353; x_wconf 79' lang='lat' dir='ltr'><strong>llmtias</strong></span> <span class='ocrx_word' id='word_1_99' title='bbox 590 1292 661 1371; x_wconf 89' lang='lat' dir='ltr'><strong>imp.</strong></span> <span class='ocrx_word' id='word_1_100' title='bbox 684 1291 768 1352; x_wconf 85' lang='lat' dir='ltr'><strong>Caes.</strong></span> <span class='ocrx_word' id='word_1_101' title='bbox 790 1291 824 1352; x_wconf 87' lang='lat' dir='ltr'><strong>b.</strong></span> <span class='ocrx_word' id='word_1_102' title='bbox 847 1290 968 1354; x_wconf 85' lang='lat' dir='ltr'><strong>Clodius</strong></span> <span class='ocrx_word' id='word_1_103' title='bbox 989 1291 1149 1372; x_wconf 80' lang='lat' dir='ltr'><strong>Septimius</strong></span> <span class='ocrx_word' id='word_1_104' title='bbox 1164 1293 1287 1356; x_wconf 88' lang='lat' dir='ltr'><strong>lllbinus</strong></span> <span class='ocrx_word' id='word_1_105' title='bbox 1305 1295 1455 1374; x_wconf 77' lang='lat' dir='ltr'><strong>Angustus</strong></span> 
     </span>
     <span class='ocr_line' id='line_1_12' title="bbox 236 1375 1455 1459; baseline 0.003 -21"><span class='ocrx_word' id='word_1_106' title='bbox 236 1375 348 1456; x_wconf 87' lang='lat' dir='ltr'><strong>praello</strong></span> <span class='ocrx_word' id='word_1_107' title='bbox 370 1375 407 1437; x_wconf 91' lang='lat' dir='ltr'><strong>ab</strong></span> <span class='ocrx_word' id='word_1_108' title='bbox 428 1375 502 1455; x_wconf 87' lang='lat' dir='ltr'><strong>Imp.</strong></span> <span class='ocrx_word' id='word_1_109' title='bbox 525 1375 636 1436; x_wconf 83' lang='lat' dir='ltr'><strong>Severo</strong></span> <span class='ocrx_word' id='word_1_110' title='bbox 657 1375 752 1438; x_wconf 87' lang='lat' dir='ltr'><strong>rietus</strong></span> <span class='ocrx_word' id='word_1_111' title='bbox 774 1384 804 1436; x_wconf 90' lang='lat' dir='ltr'><strong>et</strong></span> <span class='ocrx_word' id='word_1_112' title='bbox 831 1375 947 1437; x_wconf 84' lang='lat' dir='ltr'><strong>occisus</strong></span> <span class='ocrx_word' id='word_1_113' title='bbox 980 1385 1025 1438; x_wconf 90' lang='lat' dir='ltr'><strong>cst</strong></span> <span class='ocrx_word' id='word_1_114' title='bbox 1051 1377 1139 1456; x_wconf 85' lang='lat' dir='ltr'><strong>idque</strong></span> <span class='ocrx_word' id='word_1_115' title='bbox 1166 1379 1244 1457; x_wconf 90' lang='lat' dir='ltr'><strong>apud</strong></span> <span class='ocrx_word' id='word_1_116' title='bbox 1264 1378 1455 1459; x_wconf 76' lang='lat' dir='ltr'><strong>Lngdamum3</strong></span> 
     </span>
     <span class='ocr_line' id='line_1_13' title="bbox 237 1460 1455 1543; baseline 0.002 -22"><span class='ocrx_word' id='word_1_117' title='bbox 237 1478 311 1540; x_wconf 86' lang='lat' dir='ltr'><strong>quse</strong></span> <span class='ocrx_word' id='word_1_118' title='bbox 336 1460 417 1538; x_wconf 84' lang='lat' dir='ltr'><strong>quod</strong></span> <span class='ocrx_word' id='word_1_119' title='bbox 446 1460 528 1521; x_wconf 92' lang='lat' dir='ltr'><strong>illum</strong></span> <span class='ocrx_word' id='word_1_120' title='bbox 556 1467 643 1522; x_wconf 87' lang='lat' dir='ltr'><strong>antea</strong></span> <span class='ocrx_word' id='word_1_121' title='bbox 670 1460 832 1538; x_wconf 78' lang='lat' dir='ltr'><strong>recepisset</strong></span> <span class='ocrx_word' id='word_1_122' title='bbox 860 1460 1040 1534; x_wconf 80' lang='lat' dir='ltr'><strong>(Herodiano</strong></span> <span class='ocrx_word' id='word_1_123' title='bbox 1062 1467 1149 1539; x_wconf 77' lang='lat' dir='ltr'><strong>teste)</strong></span> <span class='ocrx_word' id='word_1_124' title='bbox 1171 1472 1201 1524; x_wconf 91' lang='lat' dir='ltr'><strong>et</strong></span> <span class='ocrx_word' id='word_1_125' title='bbox 1222 1463 1334 1543; x_wconf 86' lang='lat' dir='ltr'><strong>direpta</strong></span> <span class='ocrx_word' id='word_1_126' title='bbox 1355 1473 1386 1526; x_wconf 90' lang='lat' dir='ltr'><strong>et</strong></span> <span class='ocrx_word' id='word_1_127' title='bbox 1406 1465 1455 1524; x_wconf 86' lang='lat' dir='ltr'><strong>in·</strong></span> 
     </span>
     <span class='ocr_line' id='line_1_14' title="bbox 178 1541 1455 1626; baseline 0.004 -20"><span class='ocrx_word' id='word_1_128' title='bbox 178 1541 182 1548; x_wconf 83' lang='grc'><strong>’</strong></span> <span class='ocrx_word' id='word_1_129' title='bbox 237 1559 326 1606; x_wconf 88' lang='lat' dir='ltr'><strong>censa</strong></span> <span class='ocrx_word' id='word_1_130' title='bbox 355 1552 416 1618; x_wconf 85' lang='lat' dir='ltr'><strong>est;</strong></span> <span class='ocrx_word' id='word_1_131' title='bbox 447 1544 478 1604; x_wconf 92' lang='lat' dir='ltr'><strong>in</strong></span> <span class='ocrx_word' id='word_1_132' title='bbox 507 1559 564 1622; x_wconf 83' lang='lat' dir='ltr'><strong>qua</strong></span> <span class='ocrx_word' id='word_1_133' title='bbox 592 1544 792 1623; x_wconf 82' lang='lat' dir='ltr'><strong>expeditione,</strong></span> <span class='ocrx_word' id='word_1_134' title='bbox 814 1544 858 1605; x_wconf 87' lang='lat' dir='ltr'><strong>nti</strong></span> <span class='ocrx_word' id='word_1_135' title='bbox 887 1561 924 1606; x_wconf 84' lang='lat' dir='ltr'><strong>ex</strong></span> <span class='ocrx_word' id='word_1_136' title='bbox 951 1545 1041 1607; x_wconf 82' lang='lat' dir='ltr'><strong>ratiis</strong></span> <span class='ocrx_word' id='word_1_137' title='bbox 1062 1546 1307 1626; x_wconf 83' lang='lat' dir='ltr'><strong>inscriptionibus</strong></span> <span class='ocrx_word' id='word_1_138' title='bbox 1328 1557 1455 1623; x_wconf 74' lang='lat' dir='ltr'><strong>consul,</strong></span> 
     </span>
     <span class='ocr_line' id='line_1_15' title="bbox 237 1627 1456 1711; baseline 0.004 -21"><span class='ocrx_word' id='word_1_139' title='bbox 237 1629 307 1707; x_wconf 92' lang='lat' dir='ltr'><strong>imp.</strong></span> <span class='ocrx_word' id='word_1_140' title='bbox 330 1627 403 1689; x_wconf 85' lang='lat' dir='ltr'><strong>Vlll.</strong></span> <span class='ocrx_word' id='word_1_141' title='bbox 432 1627 481 1688; x_wconf 92' lang='lat' dir='ltr'><strong>IX.</strong></span> <span class='ocrx_word' id='word_1_142' title='bbox 504 1635 534 1688; x_wconf 92' lang='lat' dir='ltr'><strong>et</strong></span> <span class='ocrx_word' id='word_1_143' title='bbox 555 1627 591 1688; x_wconf 93' lang='lat' dir='ltr'><strong>X.</strong></span> <span class='ocrx_word' id='word_1_144' title='bbox 619 1627 780 1706; x_wconf 88' lang='lat' dir='ltr'><strong>appellatus</strong></span> <span class='ocrx_word' id='word_1_145' title='bbox 808 1636 863 1689; x_wconf 84' lang='lat' dir='ltr'><strong>est</strong></span> <span class='ocrx_word' id='word_1_146' title='bbox 908 1628 976 1701; x_wconf 82' lang='lat' dir='ltr'><strong>Quo</strong></span> <span class='ocrx_word' id='word_1_147' title='bbox 1004 1629 1121 1691; x_wconf 89' lang='lat' dir='ltr'><strong>iamiam</strong></span> <span class='ocrx_word' id='word_1_148' title='bbox 1153 1639 1317 1711; x_wconf 77' lang='lat' dir='ltr'><strong>expugnato</strong></span> <span class='ocrx_word' id='word_1_149' title='bbox 1350 1651 1456 1696; x_wconf 86' lang='lat' dir='ltr'><strong>omncs</strong></span> 
     </span>
     <span class='ocr_line' id='line_1_16' title="bbox 236 1710 1454 1796; baseline 0.006 -24"><span class='ocrx_word' id='word_1_150' title='bbox 236 1711 374 1790; x_wconf 86' lang='lat' dir='ltr'><strong>inprimis</strong></span> <span class='ocrx_word' id='word_1_151' title='bbox 401 1710 576 1783; x_wconf 85' lang='lat' dir='ltr'><strong>Galliarum,</strong></span> <span class='ocrx_word' id='word_1_152' title='bbox 608 1711 817 1790; x_wconf 88' lang='lat' dir='ltr'><strong>llispauierum</strong></span> <span class='ocrx_word' id='word_1_153' title='bbox 849 1711 1075 1792; x_wconf 79' lang='lat' dir='ltr'><strong>britanniaeque</strong></span> <span class='ocrx_word' id='word_1_154' title='bbox 1102 1733 1258 1792; x_wconf 87' lang='lat' dir='ltr'><strong>proceres,</strong></span> <span class='ocrx_word' id='word_1_155' title='bbox 1294 1717 1344 1796; x_wconf 85' lang='lat' dir='ltr'><strong>qui</strong></span> <span class='ocrx_word' id='word_1_156' title='bbox 1372 1716 1454 1780; x_wconf 85' lang='lat' dir='ltr'><strong>illurn</strong></span> 
     </span>
     <span class='ocr_line' id='line_1_17' title="bbox 237 1794 1456 1878; baseline 0.005 -21"><span class='ocrx_word' id='word_1_157' title='bbox 237 1796 379 1868; x_wconf 82' lang='lat' dir='ltr'><strong>iuverant,</strong></span> <span class='ocrx_word' id='word_1_158' title='bbox 401 1794 507 1855; x_wconf 91' lang='lat' dir='ltr'><strong>deinde</strong></span> <span class='ocrx_word' id='word_1_159' title='bbox 528 1794 652 1854; x_wconf 81' lang='lat' dir='ltr'><strong>Romam</strong></span> <span class='ocrx_word' id='word_1_160' title='bbox 673 1813 812 1856; x_wconf 80' lang='lat' dir='ltr'><strong>reversus</strong></span> <span class='ocrx_word' id='word_1_161' title='bbox 833 1796 944 1858; x_wconf 88' lang='lat' dir='ltr'><strong>amieos</strong></span> <span class='ocrx_word' id='word_1_162' title='bbox 967 1797 1030 1858; x_wconf 89' lang='lat' dir='ltr'><strong>eins</strong></span> <span class='ocrx_word' id='word_1_163' title='bbox 1051 1799 1181 1878; x_wconf 85' lang='lat' dir='ltr'><strong>undique</strong></span> <span class='ocrx_word' id='word_1_164' title='bbox 1203 1801 1403 1878; x_wconf 89' lang='lat' dir='ltr'><strong>conquisitus,</strong></span> <span class='ocrx_word' id='word_1_165' title='bbox 1426 1811 1456 1862; x_wconf 94' lang='lat' dir='ltr'><strong>et</strong></span> 
     </span>
     <span class='ocr_line' id='line_1_18' title="bbox 237 1875 1456 1964; baseline 0.006 -24"><span class='ocrx_word' id='word_1_166' title='bbox 237 1880 315 1942; x_wconf 88' lang='lat' dir='ltr'><strong>iuter</strong></span> <span class='ocrx_word' id='word_1_167' title='bbox 336 1897 389 1940; x_wconf 85' lang='lat' dir='ltr'><strong>eos</strong></span> <span class='ocrx_word' id='word_1_168' title='bbox 410 1886 563 1940; x_wconf 82' lang='lat' dir='ltr'><strong>senatores</strong></span> <span class='ocrx_word' id='word_1_169' title='bbox 579 1875 641 1940; x_wconf 84' lang='lat' dir='ltr'><strong>XL.</strong></span> <span class='ocrx_word' id='word_1_170' title='bbox 657 1878 785 1940; x_wconf 81' lang='lat' dir='ltr'><strong>Scrertu</strong></span> <span class='ocrx_word' id='word_1_171' title='bbox 806 1879 930 1942; x_wconf 83' lang='lat' dir='ltr'><strong>interfici</strong></span> <span class='ocrx_word' id='word_1_172' title='bbox 952 1879 1047 1954; x_wconf 89' lang='lat' dir='ltr'><strong>iussit,</strong></span> <span class='ocrx_word' id='word_1_173' title='bbox 1069 1889 1132 1943; x_wconf 81' lang='lat' dir='ltr'><strong>urm</strong></span> <span class='ocrx_word' id='word_1_174' title='bbox 1154 1890 1184 1944; x_wconf 89' lang='lat' dir='ltr'><strong>et</strong></span> <span class='ocrx_word' id='word_1_175' title='bbox 1203 1903 1257 1946; x_wconf 90' lang='lat' dir='ltr'><strong>eos</strong></span> <span class='ocrx_word' id='word_1_176' title='bbox 1280 1903 1384 1947; x_wconf 90' lang='lat' dir='ltr'><strong>omnes</strong></span> <span class='ocrx_word' id='word_1_177' title='bbox 1405 1885 1456 1964; x_wconf 86' lang='lat' dir='ltr'><strong>qui</strong></span> 
     </span>
     <span class='ocr_line' id='line_1_19' title="bbox 237 1962 1454 2047; baseline 0.006 -23"><span class='ocrx_word' id='word_1_178' title='bbox 237 1963 268 2025; x_wconf 92' lang='lat' dir='ltr'><strong>in</strong></span> <span class='ocrx_word' id='word_1_179' title='bbox 278 1962 460 2024; x_wconf 79' lang='lat' dir='ltr'><strong>Pertinacem</strong></span> <span class='ocrx_word' id='word_1_180' title='bbox 481 1963 737 2042; x_wconf 78' lang='lat' dir='ltr'><strong>conspiraverant3</strong></span> <span class='ocrx_word' id='word_1_181' title='bbox 759 1981 833 2042; x_wconf 84' lang='lat' dir='ltr'><strong>quos</strong></span> <span class='ocrx_word' id='word_1_182' title='bbox 844 1965 918 2026; x_wconf 87' lang='lat' dir='ltr'><strong>odeo</strong></span> <span class='ocrx_word' id='word_1_183' title='bbox 932 1964 1042 2026; x_wconf 71' lang='lat' dir='ltr'><strong>ductor</strong></span> <span class='ocrx_word' id='word_1_184' title='bbox 1055 1966 1230 2030; x_wconf 65' lang='lat' dir='ltr'><strong>lllmionos</strong></span> <span class='ocrx_word' id='word_1_185' title='bbox 1244 1969 1372 2047; x_wconf 86' lang='lat' dir='ltr'><strong>appellat</strong></span> <span class='ocrx_word' id='word_1_186' title='bbox 1385 1988 1454 2031; x_wconf 86' lang='lat' dir='ltr'><strong>ver·</strong></span> 
     </span>
     <span class='ocr_line' id='line_1_20' title="bbox 237 2046 1453 2132; baseline 0.003 -22"><span class='ocrx_word' id='word_1_187' title='bbox 237 2048 283 2110; x_wconf 89' lang='lat' dir='ltr'><strong>bis</strong></span> <span class='ocrx_word' id='word_1_188' title='bbox 306 2065 396 2128; x_wconf 89' lang='lat' dir='ltr'><strong>supra</strong></span> <span class='ocrx_word' id='word_1_189' title='bbox 419 2047 525 2110; x_wconf 76' lang='lat' dir='ltr'><strong>ulnus.</strong></span> <span class='ocrx_word' id='word_1_190' title='bbox 554 2046 597 2109; x_wconf 75' lang='lat' dir='ltr'><strong>Id</strong></span> <span class='ocrx_word' id='word_1_191' title='bbox 620 2065 687 2109; x_wconf 90' lang='lat' dir='ltr'><strong>ann.</strong></span> <span class='ocrx_word' id='word_1_192' title='bbox 704 2048 822 2108; x_wconf 84' lang='lat' dir='ltr'><strong>llomini</strong></span> <span class='ocrx_word' id='word_1_193' title='bbox 837 2048 943 2110; x_wconf 84' lang='lat' dir='ltr'>CXCV.</span> <span class='ocrx_word' id='word_1_194' title='bbox 966 2057 996 2110; x_wconf 94' lang='lat' dir='ltr'><strong>et</strong></span> <span class='ocrx_word' id='word_1_195' title='bbox 1017 2067 1071 2128; x_wconf 89' lang='lat' dir='ltr'><strong>per</strong></span> <span class='ocrx_word' id='word_1_196' title='bbox 1093 2051 1204 2130; x_wconf 85' lang='lat' dir='ltr'><strong>aliquot</strong></span> <span class='ocrx_word' id='word_1_197' title='bbox 1224 2071 1319 2113; x_wconf 89' lang='lat' dir='ltr'><strong>annos</strong></span> <span class='ocrx_word' id='word_1_198' title='bbox 1340 2053 1453 2132; x_wconf 87' lang='lat' dir='ltr'><strong>perdu-</strong></span> 
     </span>
     <span class='ocr_line' id='line_1_21' title="bbox 153 2131 1453 2216; baseline 0.003 -21"><span class='ocrx_word' id='word_1_199' title='bbox 153 2166 158 2177; x_wconf 95' lang='lat'><em>·</em></span> <span class='ocrx_word' id='word_1_200' title='bbox 237 2149 321 2196; x_wconf 87' lang='lat' dir='ltr'><strong>rasse</strong></span> <span class='ocrx_word' id='word_1_201' title='bbox 342 2133 417 2193; x_wconf 90' lang='lat' dir='ltr'><strong>banc</strong></span> <span class='ocrx_word' id='word_1_202' title='bbox 436 2131 552 2193; x_wconf 88' lang='lat' dir='ltr'><strong>illoram</strong></span> <span class='ocrx_word' id='word_1_203' title='bbox 574 2131 797 2212; x_wconf 88' lang='lat' dir='ltr'><strong>inquisitionem</strong></span> <span class='ocrx_word' id='word_1_204' title='bbox 823 2133 982 2212; x_wconf 78' lang='lat' dir='ltr'><strong>signifieat:</strong></span> <span class='ocrx_word' id='word_1_205' title='bbox 1021 2132 1081 2195; x_wconf 83' lang='lat' dir='ltr'><strong>Sed</strong></span> <span class='ocrx_word' id='word_1_206' title='bbox 1101 2146 1131 2197; x_wconf 86' lang='lat' dir='ltr'><strong>et</strong></span> <span class='ocrx_word' id='word_1_207' title='bbox 1151 2139 1203 2216; x_wconf 75' lang='lat' dir='ltr'><strong>psi</strong></span> <span class='ocrx_word' id='word_1_208' title='bbox 1221 2155 1318 2212; x_wconf 77' lang='lat' dir='ltr'><strong>occo,</strong></span> <span class='ocrx_word' id='word_1_209' title='bbox 1347 2138 1453 2216; x_wconf 88' lang='lat' dir='ltr'><strong>inquit,</strong></span> 
     </span>
    </p>

    <p class='ocr_par' dir='ltr' id='par_1_3' title="bbox 213 2218 1473 4652">
     <span class='ocr_line' id='line_1_22' title="bbox 237 2218 1456 2302; baseline 0.005 -24"><span class='ocrx_word' id='word_1_210' title='bbox 237 2218 436 2279; x_wconf 81' lang='lat' dir='ltr'><strong>acalactorum</strong></span> <span class='ocrx_word' id='word_1_211' title='bbox 465 2220 603 2297; x_wconf 81' lang='lat' dir='ltr'><strong>portium</strong></span> <span class='ocrx_word' id='word_1_212' title='bbox 635 2220 711 2279; x_wconf 82' lang='lat' dir='ltr'><strong>socii</strong></span> <span class='ocrx_word' id='word_1_213' title='bbox 740 2226 794 2279; x_wconf 82' lang='lat' dir='ltr'><strong>out</strong></span> <span class='ocrx_word' id='word_1_214' title='bbox 817 2218 980 2298; x_wconf 67' lang='lat' dir='ltr'><strong>plausores</strong></span> <span class='ocrx_word' id='word_1_215' title='bbox 1008 2221 1139 2300; x_wconf 82' lang='lat' dir='ltr'><strong>puotsllie</strong></span> <span class='ocrx_word' id='word_1_216' title='bbox 1165 2220 1352 2290; x_wconf 75' lang='lat' dir='ltr'><strong>revelentur,</strong></span> <span class='ocrx_word' id='word_1_217' title='bbox 1382 2233 1456 2302; x_wconf 87' lang='lat' dir='ltr'><strong>post</strong></span> 
     </span>
     <span class='ocr_line' id='line_1_23' title="bbox 233 2303 1455 2386; baseline 0.002 -22"><span class='ocrx_word' id='word_1_218' title='bbox 233 2303 416 2364; x_wconf 73' lang='lat' dir='ltr'><strong>uindeaaiunt</strong></span> <span class='ocrx_word' id='word_1_219' title='bbox 434 2303 662 2382; x_wconf 71' lang='lat' dir='ltr'><strong>parricidiorum</strong></span> <span class='ocrx_word' id='word_1_220' title='bbox 683 2307 845 2366; x_wconf 78' lang='lat' dir='ltr'><strong>racematio</strong></span> <span class='ocrx_word' id='word_1_221' title='bbox 867 2312 1039 2383; x_wconf 79' lang='lat' dir='ltr'><strong>superstes:</strong></span> <span class='ocrx_word' id='word_1_222' title='bbox 1061 2321 1178 2383; x_wconf 86' lang='lat' dir='ltr'><strong>nempe,</strong></span> <span class='ocrx_word' id='word_1_223' title='bbox 1200 2313 1341 2382; x_wconf 87' lang='lat' dir='ltr'><strong>quantum</strong></span> <span class='ocrx_word' id='word_1_224' title='bbox 1362 2324 1455 2386; x_wconf 84' lang='lat' dir='ltr'><strong>appa-</strong></span> 
     </span>
     <span class='ocr_line' id='line_1_24' title="bbox 236 2386 1473 2466; baseline 0.002 -17"><span class='ocrx_word' id='word_1_225' title='bbox 236 2394 292 2460; x_wconf 86' lang='lat' dir='ltr'><strong>ret,</strong></span> <span class='ocrx_word' id='word_1_226' title='bbox 315 2387 351 2448; x_wconf 89' lang='lat' dir='ltr'><strong>ad</strong></span> <span class='ocrx_word' id='word_1_227' title='bbox 372 2386 553 2465; x_wconf 87' lang='lat' dir='ltr'><strong>triumphum</strong></span> <span class='ocrx_word' id='word_1_228' title='bbox 574 2403 668 2466; x_wconf 89' lang='lat' dir='ltr'><strong>usque</strong></span> <span class='ocrx_word' id='word_1_229' title='bbox 682 2386 860 2460; x_wconf 84' lang='lat' dir='ltr'><strong>Parthicum,</strong></span> <span class='ocrx_word' id='word_1_230' title='bbox 881 2395 969 2466; x_wconf 85' lang='lat' dir='ltr'><strong>atque</strong></span> <span class='ocrx_word' id='word_1_231' title='bbox 990 2387 1063 2448; x_wconf 91' lang='lat' dir='ltr'><strong>adeo</strong></span> <span class='ocrx_word' id='word_1_232' title='bbox 1086 2405 1195 2450; x_wconf 85' lang='lat' dir='ltr'><strong>norum</strong></span> <span class='ocrx_word' id='word_1_233' title='bbox 1211 2389 1314 2450; x_wconf 82' lang='lat' dir='ltr'><strong>Severi</strong></span> <span class='ocrx_word' id='word_1_234' title='bbox 1335 2407 1473 2462; x_wconf 87' lang='lat' dir='ltr'><strong>aunum,-</strong></span> 
     </span>
     <span class='ocr_line' id='line_1_25' title="bbox 237 2469 1454 2552; baseline 0.002 -20"><span class='ocrx_word' id='word_1_235' title='bbox 237 2470 482 2552; x_wconf 87' lang='lat' dir='ltr'><strong>quemadmodum</strong></span> <span class='ocrx_word' id='word_1_236' title='bbox 511 2471 553 2532; x_wconf 90' lang='lat' dir='ltr'><strong>ibi</strong></span> <span class='ocrx_word' id='word_1_237' title='bbox 580 2471 677 2532; x_wconf 86' lang='lat' dir='ltr'><strong>latius.</strong></span> <span class='ocrx_word' id='word_1_238' title='bbox 726 2470 803 2532; x_wconf 76' lang='lat' dir='ltr'><strong>Alibi</strong></span> <span class='ocrx_word' id='word_1_239' title='bbox 830 2471 919 2533; x_wconf 62' lang='lat' dir='ltr'><strong>wem</strong></span> <span class='ocrx_word' id='word_1_240' title='bbox 945 2469 982 2532; x_wconf 88' lang='lat' dir='ltr'><strong>ad</strong></span> <span class='ocrx_word' id='word_1_241' title='bbox 1012 2483 1166 2534; x_wconf 87' lang='lat' dir='ltr'><strong>senatores</strong></span> <span class='ocrx_word' id='word_1_242' title='bbox 1194 2473 1310 2534; x_wconf 87' lang='lat' dir='ltr'><strong>oceisos</strong></span> <span class='ocrx_word' id='word_1_243' title='bbox 1337 2474 1454 2536; x_wconf 84' lang='lat' dir='ltr'><strong>alludit:</strong></span> 
     </span>
     <span class='ocr_line' id='line_1_26' title="bbox 213 2555 1458 2638; baseline 0.007 -26"><span class='ocrx_word' id='word_1_244' title='bbox 213 2555 329 2620; x_wconf 76' lang='lat' dir='ltr'><strong>‚Nono</strong></span> <span class='ocrx_word' id='word_1_245' title='bbox 350 2573 422 2626; x_wconf 77' lang='lat' dir='ltr'><strong>aon,</strong></span> <span class='ocrx_word' id='word_1_246' title='bbox 444 2555 549 2635; x_wconf 84' lang='lat' dir='ltr'><strong>inquit,</strong></span> <span class='ocrx_word' id='word_1_247' title='bbox 571 2559 660 2618; x_wconf 79' lang='lat' dir='ltr'><strong>etiam</strong></span> <span class='ocrx_word' id='word_1_248' title='bbox 683 2555 811 2617; x_wconf 70' lang='lat' dir='ltr'><strong>lomiab</strong></span> <span class='ocrx_word' id='word_1_249' title='bbox 833 2573 926 2618; x_wconf 75' lang='lat' dir='ltr'><strong>cosso</strong></span> <span class='ocrx_word' id='word_1_250' title='bbox 944 2559 1014 2634; x_wconf 88' lang='lat' dir='ltr'><strong>poti</strong></span> <span class='ocrx_word' id='word_1_251' title='bbox 1028 2567 1130 2635; x_wconf 82' lang='lat' dir='ltr'><strong>potest</strong></span> <span class='ocrx_word' id='word_1_252' title='bbox 1150 2558 1278 2638; x_wconf 75' lang='lat' dir='ltr'><strong>quodie</strong></span> <span class='ocrx_word' id='word_1_253' title='bbox 1293 2559 1458 2622; x_wconf 71' lang='lat' dir='ltr'><strong>cemelici</strong></span> 
     </span>
     <span class='ocr_line' id='line_1_27' title="bbox 233 2639 1457 2723; baseline 0.002 -21"><span class='ocrx_word' id='word_1_254' title='bbox 233 2645 304 2723; x_wconf 88' lang='lat' dir='ltr'><strong>poti</strong></span> <span class='ocrx_word' id='word_1_255' title='bbox 323 2639 449 2702; x_wconf 76' lang='lat' dir='ltr'><strong>dubitet.</strong></span> <span class='ocrx_word' id='word_1_256' title='bbox 478 2640 523 2702; x_wconf 82' lang='lat' dir='ltr'><strong>lt</strong></span> <span class='ocrx_word' id='word_1_257' title='bbox 544 2639 599 2703; x_wconf 81' lang='lat' dir='ltr'><strong>loc</strong></span> <span class='ocrx_word' id='word_1_258' title='bbox 620 2641 736 2721; x_wconf 58' lang='lat' dir='ltr'><strong>melem</strong></span> <span class='ocrx_word' id='word_1_259' title='bbox 757 2641 806 2702; x_wconf 85' lang='lat' dir='ltr'><strong>uel</strong></span> <span class='ocrx_word' id='word_1_260' title='bbox 823 2645 999 2719; x_wconf 76' lang='lat' dir='ltr'><strong>praesentio</strong></span> <span class='ocrx_word' id='word_1_261' title='bbox 1019 2641 1106 2702; x_wconf 76' lang='lat' dir='ltr'><strong>solis</strong></span> <span class='ocrx_word' id='word_1_262' title='bbox 1128 2651 1266 2722; x_wconf 84' lang='lat' dir='ltr'><strong>temporo</strong></span> <span class='ocrx_word' id='word_1_263' title='bbox 1279 2644 1457 2706; x_wconf 69' lang='lat' dir='ltr'><strong>demussata</strong></span> 
     </span>
     <span class='ocr_line' id='line_1_28' title="bbox 237 2723 1456 2807; baseline 0 -19"><span class='ocrx_word' id='word_1_264' title='bbox 237 2729 316 2798; x_wconf 64' lang='lat' dir='ltr'><strong>siun</strong></span> <span class='ocrx_word' id='word_1_265' title='bbox 345 2735 474 2804; x_wconf 75' lang='lat' dir='ltr'><strong>punam</strong></span> <span class='ocrx_word' id='word_1_266' title='bbox 502 2723 661 2805; x_wconf 74' lang='lat' dir='ltr'><strong>qualesque</strong></span> <span class='ocrx_word' id='word_1_267' title='bbox 690 2741 842 2804; x_wconf 82' lang='lat' dir='ltr'><strong>personne</strong></span> <span class='ocrx_word' id='word_1_268' title='bbox 863 2727 1050 2803; x_wconf 72' lang='lat' dir='ltr'><strong>inopinatos,</strong></span> <span class='ocrx_word' id='word_1_269' title='bbox 1073 2725 1228 2787; x_wconf 76' lang='lat' dir='ltr'><strong>arotelilus</strong></span> <span class='ocrx_word' id='word_1_270' title='bbox 1250 2737 1278 2788; x_wconf 90' lang='lat' dir='ltr'><strong>et</strong></span> <span class='ocrx_word' id='word_1_271' title='bbox 1300 2727 1456 2807; x_wconf 61' lang='lat' dir='ltr'><strong>monitori-</strong></span> 
     </span>
     <span class='ocr_line' id='line_1_29' title="bbox 237 2808 1455 2888; baseline 0 -18"><span class='ocrx_word' id='word_1_272' title='bbox 237 2809 293 2871; x_wconf 83' lang='lat' dir='ltr'><strong>bus</strong></span> <span class='ocrx_word' id='word_1_273' title='bbox 314 2819 344 2870; x_wconf 84' lang='lat' dir='ltr'><strong>et</strong></span> <span class='ocrx_word' id='word_1_274' title='bbox 377 2809 557 2888; x_wconf 79' lang='lat' dir='ltr'><strong>corporibus</strong></span> <span class='ocrx_word' id='word_1_275' title='bbox 585 2818 613 2870; x_wconf 85' lang='lat' dir='ltr'><strong>et</strong></span> <span class='ocrx_word' id='word_1_276' title='bbox 634 2809 782 2871; x_wconf 78' lang='lat' dir='ltr'><strong>aetatibus</strong></span> <span class='ocrx_word' id='word_1_277' title='bbox 805 2812 869 2871; x_wconf 81' lang='lat' dir='ltr'><strong>suis</strong></span> <span class='ocrx_word' id='word_1_278' title='bbox 891 2812 992 2870; x_wconf 76' lang='lat' dir='ltr'><strong>eet&#39;tes</strong></span> <span class='ocrx_word' id='word_1_279' title='bbox 1015 2808 1171 2887; x_wconf 72' lang='lat' dir='ltr'><strong>reserant,</strong></span> <span class='ocrx_word' id='word_1_280' title='bbox 1195 2809 1324 2871; x_wconf 71' lang='lat' dir='ltr'><strong>locucio</strong></span> <span class='ocrx_word' id='word_1_281' title='bbox 1346 2829 1455 2874; x_wconf 80' lang='lat' dir='ltr'><strong>cuuto:</strong></span> 
     </span>
     <span class='ocr_line' id='line_1_30' title="bbox 236 2893 1456 2974; baseline 0.001 -19"><span class='ocrx_word' id='word_1_282' title='bbox 236 2903 291 2955; x_wconf 76' lang='lat' dir='ltr'><strong>out</strong></span> <span class='ocrx_word' id='word_1_283' title='bbox 311 2895 349 2955; x_wconf 82' lang='lat' dir='ltr'><strong>ob</strong></span> <span class='ocrx_word' id='word_1_284' title='bbox 371 2897 452 2974; x_wconf 80' lang='lat' dir='ltr'><strong>ipso,</strong></span> <span class='ocrx_word' id='word_1_285' title='bbox 476 2896 506 2954; x_wconf 82' lang='lat' dir='ltr'><strong>si</strong></span> <span class='ocrx_word' id='word_1_286' title='bbox 526 2905 635 2955; x_wconf 82' lang='lat' dir='ltr'><strong>contre</strong></span> <span class='ocrx_word' id='word_1_287' title='bbox 656 2911 722 2954; x_wconf 69' lang='lat' dir='ltr'><strong>mm</strong></span> <span class='ocrx_word' id='word_1_288' title='bbox 743 2895 884 2972; x_wconf 68' lang='lat' dir='ltr'><strong>semiim,</strong></span> <span class='ocrx_word' id='word_1_289' title='bbox 906 2902 961 2955; x_wconf 80' lang='lat' dir='ltr'><strong>out</strong></span> <span class='ocrx_word' id='word_1_290' title='bbox 982 2893 1018 2954; x_wconf 84' lang='lat' dir='ltr'><strong>ab</strong></span> <span class='ocrx_word' id='word_1_291' title='bbox 1040 2893 1228 2954; x_wconf 83' lang='lat' dir='ltr'><strong>odeersoris&#39;s</strong></span> <span class='ocrx_word' id='word_1_292' title='bbox 1250 2897 1325 2963; x_wconf 70' lang='lat' dir='ltr'><strong>nus,</strong></span> <span class='ocrx_word' id='word_1_293' title='bbox 1348 2898 1456 2974; x_wconf 75' lang='lat' dir='ltr'><strong>cipro</strong></span> 
     </span>
     <span class='ocr_line' id='line_1_31' title="bbox 237 2975 1456 3056; baseline -0.002 -16"><span class='ocrx_word' id='word_1_294' title='bbox 237 2995 273 3040; x_wconf 85' lang='lat' dir='ltr'><strong>eo</strong></span> <span class='ocrx_word' id='word_1_295' title='bbox 303 2980 452 3039; x_wconf 84' lang='lat' dir='ltr'><strong>steterint.</strong></span> <span class='ocrx_word' id='word_1_296' title='bbox 496 2977 552 3048; x_wconf 79' lang='lat' dir='ltr'><strong>(td</strong></span> <span class='ocrx_word' id='word_1_297' title='bbox 580 2977 665 3056; x_wconf 81' lang='lat' dir='ltr'><strong>Scap.</strong></span> <span class='ocrx_word' id='word_1_298' title='bbox 684 2975 719 3038; x_wconf 83' lang='lat' dir='ltr'><strong>c.</strong></span> <span class='ocrx_word' id='word_1_299' title='bbox 742 2979 773 3040; x_wconf 79' lang='lat'><strong>2.</strong></span> <span class='ocrx_word' id='word_1_300' title='bbox 805 2976 929 3056; x_wconf 73' lang='lat' dir='ltr'><strong>apolog.</strong></span> <span class='ocrx_word' id='word_1_301' title='bbox 954 2993 981 3037; x_wconf 79' lang='lat' dir='ltr'><strong>o</strong></span> <span class='ocrx_word' id='word_1_302' title='bbox 1004 2978 1056 3040; x_wconf 80' lang='lat'><strong>35.</strong></span> <span class='ocrx_word' id='word_1_303' title='bbox 1087 2976 1159 3037; x_wconf 73' lang='grc' dir='ltr'><strong>Λᾶν.</strong></span> <span class='ocrx_word' id='word_1_304' title='bbox 1187 2977 1274 3038; x_wconf 84' lang='lat' dir='ltr'><strong>blare.</strong></span> <span class='ocrx_word' id='word_1_305' title='bbox 1302 2977 1456 3055; x_wconf 80' lang='lat' dir='ltr'><strong>capuit.)</strong></span> 
     </span>
     <span class='ocr_line' id='line_1_32' title="bbox 237 3057 1454 3140; baseline 0 -18"><span class='ocrx_word' id='word_1_306' title='bbox 237 3061 305 3122; x_wconf 77' lang='lat' dir='ltr'><strong>luit</strong></span> <span class='ocrx_word' id='word_1_307' title='bbox 329 3065 426 3122; x_wconf 65' lang='lat' dir='ltr'><strong>annm</strong></span> <span class='ocrx_word' id='word_1_308' title='bbox 452 3060 599 3122; x_wconf 87' lang='lat' dir='ltr'><strong>dictorum</strong></span> <span class='ocrx_word' id='word_1_309' title='bbox 627 3061 783 3122; x_wconf 91' lang='lat' dir='ltr'><strong>consulum</strong></span> <span class='ocrx_word' id='word_1_310' title='bbox 811 3061 885 3122; x_wconf 84' lang='lat' dir='ltr'><strong>alter</strong></span> <span class='ocrx_word' id='word_1_311' title='bbox 905 3057 1067 3123; x_wconf 83' lang='lat' dir='ltr'><strong>Lateranus</strong></span> <span class='ocrx_word' id='word_1_312' title='bbox 1089 3068 1243 3140; x_wconf 87' lang='lat' dir='ltr'><strong>tantopere</strong></span> <span class='ocrx_word' id='word_1_313' title='bbox 1263 3061 1374 3123; x_wconf 81' lang='lat' dir='ltr'><strong>amiota</strong></span> <span class='ocrx_word' id='word_1_314' title='bbox 1396 3061 1454 3122; x_wconf 91' lang='lat' dir='ltr'><strong>Se·</strong></span> 
     </span>
     <span class='ocr_line' id='line_1_33' title="bbox 237 3143 1454 3224; baseline 0.002 -19"><span class='ocrx_word' id='word_1_315' title='bbox 237 3161 308 3205; x_wconf 83' lang='lat' dir='ltr'><strong>vero</strong></span> <span class='ocrx_word' id='word_1_316' title='bbox 336 3145 417 3221; x_wconf 81' lang='lat' dir='ltr'><strong>imp,</strong></span> <span class='ocrx_word' id='word_1_317' title='bbox 446 3151 479 3205; x_wconf 89' lang='lat' dir='ltr'><strong>ut</strong></span> <span class='ocrx_word' id='word_1_318' title='bbox 500 3144 541 3205; x_wconf 93' lang='lat' dir='ltr'><strong>illi</strong></span> <span class='ocrx_word' id='word_1_319' title='bbox 562 3143 865 3222; x_wconf 77' lang='lat' dir='ltr'><strong>magnificentissimas</strong></span> <span class='ocrx_word' id='word_1_320' title='bbox 894 3144 982 3205; x_wconf 88' lang='lat' dir='ltr'><strong>aedes</strong></span> <span class='ocrx_word' id='word_1_321' title='bbox 1004 3143 1116 3204; x_wconf 78' lang='lat' dir='ltr'><strong>Romae</strong></span> <span class='ocrx_word' id='word_1_322' title='bbox 1142 3145 1352 3218; x_wconf 80' lang='lat' dir='ltr'><strong>aedificaverit,</strong></span> <span class='ocrx_word' id='word_1_323' title='bbox 1381 3163 1454 3224; x_wconf 74' lang='lat' dir='ltr'><strong>psas</strong></span> 
     </span>
     <span class='ocr_line' id='line_1_34' title="bbox 238 3225 1455 3308; baseline 0.002 -20"><span class='ocrx_word' id='word_1_324' title='bbox 238 3227 398 3288; x_wconf 89' lang='lat' dir='ltr'><strong>etiamnum</strong></span> <span class='ocrx_word' id='word_1_325' title='bbox 429 3225 569 3305; x_wconf 87' lang='lat' dir='ltr'><strong>palatium</strong></span> <span class='ocrx_word' id='word_1_326' title='bbox 596 3227 795 3289; x_wconf 86' lang='lat' dir='ltr'><strong>Lateronense</strong></span> <span class='ocrx_word' id='word_1_327' title='bbox 821 3228 1017 3308; x_wconf 87' lang='lat' dir='ltr'><strong>appellamus,</strong></span> <span class='ocrx_word' id='word_1_328' title='bbox 1048 3245 1136 3306; x_wconf 90' lang='lat' dir='ltr'><strong>quem</strong></span> <span class='ocrx_word' id='word_1_329' title='bbox 1163 3238 1267 3308; x_wconf 88' lang='lat' dir='ltr'><strong>postea</strong></span> <span class='ocrx_word' id='word_1_330' title='bbox 1293 3230 1397 3291; x_wconf 85' lang='lat' dir='ltr'><strong>scribit</strong></span> <span class='ocrx_word' id='word_1_331' title='bbox 1420 3229 1455 3290; x_wconf 88' lang='lat' dir='ltr'><strong>ll.</strong></span> 
     </span>
     <span class='ocr_line' id='line_1_35' title="bbox 238 3309 1458 3390; baseline 0.002 -18"><span class='ocrx_word' id='word_1_332' title='bbox 238 3309 433 3390; x_wconf 76' lang='lat' dir='ltr'><strong>Hieronymus</strong></span> <span class='ocrx_word' id='word_1_333' title='bbox 451 3309 607 3389; x_wconf 83' lang='lat' dir='ltr'><strong>Epitaphio</strong></span> <span class='ocrx_word' id='word_1_334' title='bbox 618 3310 755 3373; x_wconf 84' lang='lat' dir='ltr'><strong>Fabiolae</strong></span> <span class='ocrx_word' id='word_1_335' title='bbox 766 3312 943 3373; x_wconf 85' lang='lat' dir='ltr'><strong>Caesariano</strong></span> <span class='ocrx_word' id='word_1_336' title='bbox 963 3311 1170 3373; x_wconf 88' lang='lat' dir='ltr'><strong>obtruncatum</strong></span> <span class='ocrx_word' id='word_1_337' title='bbox 1192 3313 1298 3390; x_wconf 75' lang='lat' dir='ltr'><strong>gladio,</strong></span> <span class='ocrx_word' id='word_1_338' title='bbox 1321 3314 1458 3376; x_wconf 80' lang='lat' dir='ltr'><strong>lomassls</strong></span> 
     </span>
     <span class='ocr_line' id='line_1_36' title="bbox 237 3393 1457 3475; baseline 0.002 -19"><span class='ocrx_word' id='word_1_339' title='bbox 237 3394 378 3456; x_wconf 73' lang='lat' dir='ltr'><strong>Antonini</strong></span> <span class='ocrx_word' id='word_1_340' title='bbox 399 3393 578 3468; x_wconf 81' lang='lat' dir='ltr'><strong>Caracallae,</strong></span> <span class='ocrx_word' id='word_1_341' title='bbox 608 3394 657 3473; x_wconf 90' lang='lat' dir='ltr'><strong>qui</strong></span> <span class='ocrx_word' id='word_1_342' title='bbox 684 3396 714 3456; x_wconf 94' lang='lat' dir='ltr'><strong>in</strong></span> <span class='ocrx_word' id='word_1_343' title='bbox 742 3395 899 3475; x_wconf 88' lang='lat' dir='ltr'><strong>plerosque</strong></span> <span class='ocrx_word' id='word_1_344' title='bbox 927 3396 1038 3457; x_wconf 89' lang='lat' dir='ltr'><strong>amieos</strong></span> <span class='ocrx_word' id='word_1_345' title='bbox 1059 3396 1151 3475; x_wconf 77' lang='lat' dir='ltr'><strong>pacis</strong></span> <span class='ocrx_word' id='word_1_346' title='bbox 1172 3397 1219 3457; x_wconf 92' lang='lat' dir='ltr'><strong>sui</strong></span> <span class='ocrx_word' id='word_1_347' title='bbox 1240 3396 1457 3459; x_wconf 81' lang='lat' dir='ltr'><strong>anianadlertit.</strong></span> 
     </span>
     <span class='ocr_line' id='line_1_37' title="bbox 230 3477 1459 3559; baseline 0.002 -19"><span class='ocrx_word' id='word_1_348' title='bbox 230 3478 323 3558; x_wconf 75' lang='lat' dir='ltr'><strong>-thui</strong></span> <span class='ocrx_word' id='word_1_349' title='bbox 350 3497 415 3540; x_wconf 91' lang='lat' dir='ltr'><strong>cum</strong></span> <span class='ocrx_word' id='word_1_350' title='bbox 444 3478 491 3539; x_wconf 93' lang='lat' dir='ltr'><strong>bis</strong></span> <span class='ocrx_word' id='word_1_351' title='bbox 519 3495 597 3541; x_wconf 91' lang='lat' dir='ltr'><strong>ooss.</strong></span> <span class='ocrx_word' id='word_1_352' title='bbox 625 3479 735 3559; x_wconf 85' lang='lat' dir='ltr'><strong>scripta</strong></span> <span class='ocrx_word' id='word_1_353' title='bbox 763 3480 804 3541; x_wconf 89' lang='lat' dir='ltr'><strong>sit</strong></span> <span class='ocrx_word' id='word_1_354' title='bbox 830 3479 925 3559; x_wconf 74' lang='lat' dir='ltr'><strong>Epist</strong></span> <span class='ocrx_word' id='word_1_355' title='bbox 946 3477 983 3541; x_wconf 91' lang='lat' dir='ltr'><strong>ll.</strong></span> <span class='ocrx_word' id='word_1_356' title='bbox 1006 3480 1037 3542; x_wconf 91' lang='lat' dir='ltr'><strong>S.</strong></span> <span class='ocrx_word' id='word_1_357' title='bbox 1060 3480 1185 3541; x_wconf 84' lang='lat' dir='ltr'><strong>Victoris</strong></span> <span class='ocrx_word' id='word_1_358' title='bbox 1206 3480 1292 3542; x_wconf 79' lang='lat' dir='ltr'><strong>Pom.</strong></span> <span class='ocrx_word' id='word_1_359' title='bbox 1313 3489 1398 3559; x_wconf 86' lang='lat' dir='ltr'><strong>pont.</strong></span> <span class='ocrx_word' id='word_1_360' title='bbox 1420 3481 1459 3542; x_wconf 90' lang='lat' dir='ltr'><strong>ad</strong></span> 
     </span>
     <span class='ocr_line' id='line_1_38' title="bbox 237 3561 1458 3643; baseline 0.002 -19"><span class='ocrx_word' id='word_1_361' title='bbox 237 3564 323 3624; x_wconf 80' lang='lat' dir='ltr'><strong>Atros</strong></span> <span class='ocrx_word' id='word_1_362' title='bbox 351 3563 506 3641; x_wconf 86' lang='lat' dir='ltr'><strong>episcopos</strong></span> <span class='ocrx_word' id='word_1_363' title='bbox 535 3563 600 3623; x_wconf 91' lang='lat' dir='ltr'><strong>data</strong></span> <span class='ocrx_word' id='word_1_364' title='bbox 621 3562 683 3624; x_wconf 89' lang='lat' dir='ltr'><strong>llal.</strong></span> <span class='ocrx_word' id='word_1_365' title='bbox 707 3561 858 3643; x_wconf 85' lang='lat' dir='ltr'><strong>Septemb.</strong></span> <span class='ocrx_word' id='word_1_366' title='bbox 881 3571 910 3625; x_wconf 86' lang='lat' dir='ltr'><strong>et</strong></span> <span class='ocrx_word' id='word_1_367' title='bbox 930 3561 1025 3642; x_wconf 83' lang='lat' dir='ltr'><strong>Epist</strong></span> <span class='ocrx_word' id='word_1_368' title='bbox 1048 3564 1080 3624; x_wconf 90' lang='lat' dir='ltr'><strong>S.</strong></span> <span class='ocrx_word' id='word_1_369' title='bbox 1102 3563 1263 3626; x_wconf 84' lang='lat' dir='ltr'><strong>Eleutherii</strong></span> <span class='ocrx_word' id='word_1_370' title='bbox 1291 3564 1458 3626; x_wconf 89' lang='lat' dir='ltr'><strong>decessoris</strong></span> 
     </span>
     <span class='ocr_line' id='line_1_39' title="bbox 237 3645 1460 3722; baseline 0.002 -13"><span class='ocrx_word' id='word_1_371' title='bbox 237 3647 311 3721; x_wconf 89' lang='lat' dir='ltr'><strong>eius,</strong></span> <span class='ocrx_word' id='word_1_372' title='bbox 327 3647 359 3708; x_wconf 86' lang='lat' dir='ltr'><strong>V.</strong></span> <span class='ocrx_word' id='word_1_373' title='bbox 382 3646 425 3707; x_wconf 90' lang='lat' dir='ltr'><strong>ld.</strong></span> <span class='ocrx_word' id='word_1_374' title='bbox 446 3645 512 3707; x_wconf 89' lang='lat' dir='ltr'><strong>lulli</strong></span> <span class='ocrx_word' id='word_1_375' title='bbox 533 3647 663 3708; x_wconf 86' lang='lat' dir='ltr'><strong>ldateroo</strong></span> <span class='ocrx_word' id='word_1_376' title='bbox 686 3648 842 3710; x_wconf 87' lang='lat' dir='ltr'><strong>etBradua</strong></span> <span class='ocrx_word' id='word_1_377' title='bbox 856 3664 943 3722; x_wconf 81' lang='lat' dir='ltr'><strong>coss,</strong></span> <span class='ocrx_word' id='word_1_378' title='bbox 965 3648 1133 3709; x_wconf 83' lang='lat' dir='ltr'><strong>necessario</strong></span> <span class='ocrx_word' id='word_1_379' title='bbox 1155 3649 1235 3711; x_wconf 90' lang='lat' dir='ltr'><strong>buno</strong></span> <span class='ocrx_word' id='word_1_380' title='bbox 1253 3666 1374 3721; x_wconf 89' lang='lat' dir='ltr'><strong>annum,</strong></span> <span class='ocrx_word' id='word_1_381' title='bbox 1395 3667 1460 3711; x_wconf 87' lang='lat' dir='ltr'><strong>non</strong></span> 
     </span>
     <span class='ocr_line' id='line_1_40' title="bbox 236 3729 1457 3812; baseline 0.003 -18"><span class='ocrx_word' id='word_1_382' title='bbox 236 3731 460 3812; x_wconf 88' lang='lat' dir='ltr'><strong>praecedentem</strong></span> <span class='ocrx_word' id='word_1_383' title='bbox 482 3729 545 3791; x_wconf 92' lang='lat' dir='ltr'><strong>Xll.</strong></span> <span class='ocrx_word' id='word_1_384' title='bbox 572 3731 678 3809; x_wconf 85' lang='lat' dir='ltr'><strong>pontii.</strong></span> <span class='ocrx_word' id='word_1_385' title='bbox 699 3732 762 3793; x_wconf 91' lang='lat' dir='ltr'><strong>eius</strong></span> <span class='ocrx_word' id='word_1_386' title='bbox 784 3731 1019 3810; x_wconf 76' lang='lat' dir='ltr'><strong>designavimus,</strong></span> <span class='ocrx_word' id='word_1_387' title='bbox 1045 3733 1172 3793; x_wconf 82' lang='lat' dir='ltr'><strong>maxime</strong></span> <span class='ocrx_word' id='word_1_388' title='bbox 1193 3734 1273 3812; x_wconf 89' lang='lat' dir='ltr'><strong>quod</strong></span> <span class='ocrx_word' id='word_1_389' title='bbox 1293 3731 1326 3794; x_wconf 86' lang='lat' dir='ltr'><strong>ll.</strong></span> <span class='ocrx_word' id='word_1_390' title='bbox 1349 3733 1457 3798; x_wconf 81' lang='lat' dir='ltr'><strong>llama·</strong></span> 
     </span>
     <span class='ocr_line' id='line_1_41' title="bbox 237 3814 1461 3880; baseline -0.001 -1"><span class='ocrx_word' id='word_1_391' title='bbox 237 3816 299 3880; x_wconf 85' lang='lat' dir='ltr'><strong>sius</strong></span> <span class='ocrx_word' id='word_1_392' title='bbox 328 3817 359 3878; x_wconf 93' lang='lat' dir='ltr'><strong>in</strong></span> <span class='ocrx_word' id='word_1_393' title='bbox 388 3815 474 3876; x_wconf 89' lang='lat' dir='ltr'><strong>Pont.</strong></span> <span class='ocrx_word' id='word_1_394' title='bbox 503 3814 618 3876; x_wconf 89' lang='lat' dir='ltr'><strong>sedisse</strong></span> <span class='ocrx_word' id='word_1_395' title='bbox 644 3814 792 3877; x_wconf 80' lang='lat' dir='ltr'><strong>Victorem</strong></span> <span class='ocrx_word' id='word_1_396' title='bbox 825 3815 935 3878; x_wconf 87' lang='lat' dir='ltr'><strong>scribat</strong></span> <span class='ocrx_word' id='word_1_397' title='bbox 961 3835 979 3877; x_wconf 90' lang='lat' dir='ltr'><strong>a</strong></span> <span class='ocrx_word' id='word_1_398' title='bbox 1005 3817 1161 3877; x_wconf 86' lang='lat' dir='ltr'><strong>consulatu</strong></span> <span class='ocrx_word' id='word_1_399' title='bbox 1189 3815 1344 3878; x_wconf 82' lang='lat' dir='ltr'><strong>Commodi</strong></span> <span class='ocrx_word' id='word_1_400' title='bbox 1366 3818 1398 3878; x_wconf 86' lang='lat' dir='ltr'><strong>V.</strong></span> <span class='ocrx_word' id='word_1_401' title='bbox 1428 3825 1461 3878; x_wconf 88' lang='lat' dir='ltr'><strong>et</strong></span> 
     </span>
     <span class='ocr_line' id='line_1_42' title="bbox 238 3898 1459 3980; baseline 0.002 -20"><span class='ocrx_word' id='word_1_402' title='bbox 238 3900 406 3961; x_wconf 88' lang='lat' dir='ltr'><strong>Glabrionis</strong></span> <span class='ocrx_word' id='word_1_403' title='bbox 436 3898 555 3980; x_wconf 77' lang='lat' dir='ltr'><strong>(quibus</strong></span> <span class='ocrx_word' id='word_1_404' title='bbox 576 3917 654 3960; x_wconf 88' lang='lat' dir='ltr'><strong>coss.</strong></span> <span class='ocrx_word' id='word_1_405' title='bbox 677 3899 755 3961; x_wconf 93' lang='lat' dir='ltr'><strong>Xlll.</strong></span> <span class='ocrx_word' id='word_1_406' title='bbox 777 3899 839 3962; x_wconf 90' lang='lat' dir='ltr'><strong>llal.</strong></span> <span class='ocrx_word' id='word_1_407' title='bbox 862 3900 934 3980; x_wconf 79' lang='lat' dir='ltr'><strong>Aug.</strong></span> <span class='ocrx_word' id='word_1_408' title='bbox 958 3900 1024 3962; x_wconf 87' lang='lat' dir='ltr'><strong>data</strong></span> <span class='ocrx_word' id='word_1_409' title='bbox 1045 3909 1091 3961; x_wconf 87' lang='lat' dir='ltr'><strong>est</strong></span> <span class='ocrx_word' id='word_1_410' title='bbox 1110 3901 1194 3978; x_wconf 91' lang='lat' dir='ltr'><strong>prior</strong></span> <span class='ocrx_word' id='word_1_411' title='bbox 1219 3901 1284 3962; x_wconf 91' lang='lat' dir='ltr'><strong>eius</strong></span> <span class='ocrx_word' id='word_1_412' title='bbox 1312 3901 1399 3980; x_wconf 74' lang='lat' dir='ltr'><strong>epist</strong></span> <span class='ocrx_word' id='word_1_413' title='bbox 1419 3901 1459 3963; x_wconf 93' lang='lat' dir='ltr'><strong>ad</strong></span> 
     </span>
     <span class='ocr_line' id='line_1_43' title="bbox 237 3981 1458 4062; baseline 0.002 -19"><span class='ocrx_word' id='word_1_414' title='bbox 237 3981 373 4062; x_wconf 79' lang='lat' dir='ltr'><strong>&#39;l&#39;beopb</strong></span> <span class='ocrx_word' id='word_1_415' title='bbox 406 3983 557 4060; x_wconf 72' lang='lat' dir='ltr'><strong>Alexand.)</strong></span> <span class='ocrx_word' id='word_1_416' title='bbox 586 4001 680 4062; x_wconf 88' lang='lat' dir='ltr'><strong>usque</strong></span> <span class='ocrx_word' id='word_1_417' title='bbox 708 3984 744 4044; x_wconf 92' lang='lat' dir='ltr'><strong>ad</strong></span> <span class='ocrx_word' id='word_1_418' title='bbox 773 3985 950 4046; x_wconf 87' lang='lat' dir='ltr'><strong>Lateranum</strong></span> <span class='ocrx_word' id='word_1_419' title='bbox 977 3993 1007 4047; x_wconf 91' lang='lat' dir='ltr'><strong>et</strong></span> <span class='ocrx_word' id='word_1_420' title='bbox 1034 3984 1184 4046; x_wconf 83' lang='lat' dir='ltr'><strong>lluflnum.</strong></span> <span class='ocrx_word' id='word_1_421' title='bbox 1228 3984 1336 4046; x_wconf 78' lang='lat' dir='ltr'><strong>attat</strong></span> <span class='ocrx_word' id='word_1_422' title='bbox 1356 3993 1458 4046; x_wconf 90' lang='lat' dir='ltr'><strong>autem</strong></span> 
     </span>
     <span class='ocr_line' id='line_1_44' title="bbox 236 4065 1460 4148; baseline 0 -20"><span class='ocrx_word' id='word_1_423' title='bbox 236 4065 330 4128; x_wconf 89' lang='lat' dir='ltr'><strong>Iuniis</strong></span> <span class='ocrx_word' id='word_1_424' title='bbox 351 4065 421 4126; x_wconf 88' lang='lat' dir='ltr'><strong>dieti</strong></span> <span class='ocrx_word' id='word_1_425' title='bbox 432 4067 611 4142; x_wconf 86' lang='lat' dir='ltr'><strong>consulatus,</strong></span> <span class='ocrx_word' id='word_1_426' title='bbox 632 4067 754 4146; x_wconf 86' lang='lat' dir='ltr'><strong>quodie</strong></span> <span class='ocrx_word' id='word_1_427' title='bbox 771 4069 1040 4148; x_wconf 83' lang='lat' dir='ltr'><strong>oreatuspontilex,</strong></span> <span class='ocrx_word' id='word_1_428' title='bbox 1052 4068 1194 4147; x_wconf 83' lang='lat' dir='ltr'><strong>usquead</strong></span> <span class='ocrx_word' id='word_1_429' title='bbox 1208 4068 1242 4130; x_wconf 84' lang='lat' dir='ltr'><strong>V.</strong></span> <span class='ocrx_word' id='word_1_430' title='bbox 1258 4068 1320 4132; x_wconf 85' lang='lat' dir='ltr'><strong>lial.</strong></span> <span class='ocrx_word' id='word_1_431' title='bbox 1335 4067 1460 4146; x_wconf 58' lang='lat' dir='ltr'><strong>unisti</strong></span> 
     </span>
     <span class='ocr_line' id='line_1_45' title="bbox 237 4149 1458 4227; baseline 0.002 -15"><span class='ocrx_word' id='word_1_432' title='bbox 237 4149 308 4212; x_wconf 85' lang='lat' dir='ltr'><strong>tnui</strong></span> <span class='ocrx_word' id='word_1_433' title='bbox 329 4151 480 4227; x_wconf 85' lang='lat' dir='ltr'><strong>sequentis</strong></span> <span class='ocrx_word' id='word_1_434' title='bbox 501 4151 698 4213; x_wconf 65' lang='lat' dir='ltr'><strong>mordeantur</strong></span> <span class='ocrx_word' id='word_1_435' title='bbox 719 4153 788 4213; x_wconf 90' lang='lat' dir='ltr'><strong>anni</strong></span> <span class='ocrx_word' id='word_1_436' title='bbox 809 4153 872 4214; x_wconf 89' lang='lat' dir='ltr'><strong>Xll.</strong></span> <span class='ocrx_word' id='word_1_437' title='bbox 895 4154 1008 4214; x_wconf 87' lang='lat' dir='ltr'><strong>mensis</strong></span> <span class='ocrx_word' id='word_1_438' title='bbox 1022 4153 1046 4214; x_wconf 92' lang='lat'><strong>1.</strong></span> <span class='ocrx_word' id='word_1_439' title='bbox 1068 4151 1132 4214; x_wconf 89' lang='lat' dir='ltr'><strong>dies</strong></span> <span class='ocrx_word' id='word_1_440' title='bbox 1141 4151 1269 4216; x_wconf 80' lang='lat' dir='ltr'>XXVIII.</span> <span class='ocrx_word' id='word_1_441' title='bbox 1292 4151 1458 4214; x_wconf 82' lang='lat' dir='ltr'><strong>lsdietall.</strong></span> 
     </span>
     <span class='ocr_line' id='line_1_46' title="bbox 237 4233 1462 4317; baseline 0.003 -22"><span class='ocrx_word' id='word_1_442' title='bbox 237 4234 324 4313; x_wconf 87' lang='lat' dir='ltr'><strong>epist.</strong></span> <span class='ocrx_word' id='word_1_443' title='bbox 351 4233 577 4311; x_wconf 86' lang='lat' dir='ltr'><strong>discrepantiam</strong></span> <span class='ocrx_word' id='word_1_444' title='bbox 610 4235 748 4297; x_wconf 75' lang='lat' dir='ltr'><strong>Afrorum</strong></span> <span class='ocrx_word' id='word_1_445' title='bbox 782 4237 813 4297; x_wconf 93' lang='lat' dir='ltr'><strong>in</strong></span> <span class='ocrx_word' id='word_1_446' title='bbox 840 4238 1031 4299; x_wconf 75' lang='lat' dir='ltr'><strong>armamentis</strong></span> <span class='ocrx_word' id='word_1_447' title='bbox 1059 4236 1216 4317; x_wconf 73' lang='lat' dir='ltr'><strong>increpans</strong></span> <span class='ocrx_word' id='word_1_448' title='bbox 1245 4237 1319 4298; x_wconf 90' lang='lat' dir='ltr'><strong>mibi</strong></span> <span class='ocrx_word' id='word_1_449' title='bbox 1343 4236 1462 4299; x_wconf 73' lang='lat' dir='ltr'><strong>viden</strong></span> 
     </span>
     <span class='ocr_line' id='line_1_47' title="bbox 237 4316 1460 4400; baseline 0.002 -22"><span class='ocrx_word' id='word_1_450' title='bbox 237 4319 274 4379; x_wconf 86' lang='lat' dir='ltr'><strong>ad</strong></span> <span class='ocrx_word' id='word_1_451' title='bbox 295 4316 493 4379; x_wconf 89' lang='lat' dir='ltr'><strong>celebritatem</strong></span> <span class='ocrx_word' id='word_1_452' title='bbox 515 4320 573 4380; x_wconf 91' lang='lat' dir='ltr'><strong>diei</strong></span> <span class='ocrx_word' id='word_1_453' title='bbox 595 4319 724 4381; x_wconf 87' lang='lat' dir='ltr'><strong>Paschae</strong></span> <span class='ocrx_word' id='word_1_454' title='bbox 745 4319 884 4392; x_wconf 88' lang='lat' dir='ltr'><strong>alludere,</strong></span> <span class='ocrx_word' id='word_1_455' title='bbox 906 4337 993 4399; x_wconf 64' lang='lat' dir='ltr'><strong>mam</strong></span> <span class='ocrx_word' id='word_1_456' title='bbox 1015 4320 1141 4399; x_wconf 89' lang='lat' dir='ltr'><strong>epistola</strong></span> <span class='ocrx_word' id='word_1_457' title='bbox 1162 4322 1256 4400; x_wconf 85' lang='lat' dir='ltr'><strong>priori</strong></span> <span class='ocrx_word' id='word_1_458' title='bbox 1284 4320 1332 4381; x_wconf 86' lang='lat' dir='ltr'><strong>die</strong></span> <span class='ocrx_word' id='word_1_459' title='bbox 1359 4320 1460 4382; x_wconf 79' lang='lat' dir='ltr'><strong>domi-</strong></span> 
     </span>
     <span class='ocr_line' id='line_1_48' title="bbox 237 4400 1462 4484; baseline 0.002 -22"><span class='ocrx_word' id='word_1_460' title='bbox 237 4401 302 4462; x_wconf 89' lang='lat' dir='ltr'><strong>nica</strong></span> <span class='ocrx_word' id='word_1_461' title='bbox 330 4400 471 4463; x_wconf 90' lang='lat' dir='ltr'><strong>celebrari</strong></span> <span class='ocrx_word' id='word_1_462' title='bbox 498 4401 622 4477; x_wconf 88' lang='lat' dir='ltr'><strong>debere,</strong></span> <span class='ocrx_word' id='word_1_463' title='bbox 655 4403 735 4465; x_wconf 82' lang='lat' dir='ltr'><strong>iuxta</strong></span> <span class='ocrx_word' id='word_1_464' title='bbox 763 4404 842 4484; x_wconf 88' lang='lat' dir='ltr'><strong>quod</strong></span> <span class='ocrx_word' id='word_1_465' title='bbox 869 4413 899 4464; x_wconf 88' lang='lat' dir='ltr'><strong>et</strong></span> <span class='ocrx_word' id='word_1_466' title='bbox 925 4405 1169 4482; x_wconf 85' lang='lat' dir='ltr'><strong>praedecessores</strong></span> <span class='ocrx_word' id='word_1_467' title='bbox 1202 4405 1250 4466; x_wconf 83' lang='lat' dir='ltr'><strong>sui</strong></span> <span class='ocrx_word' id='word_1_468' title='bbox 1282 4411 1462 4477; x_wconf 60' lang='lat' dir='ltr'><strong>swerent,</strong></span> 
     </span>
     <span class='ocr_line' id='line_1_49' title="bbox 236 4484 1463 4568; baseline 0 -20"><span class='ocrx_word' id='word_1_469' title='bbox 236 4486 434 4558; x_wconf 83' lang='lat' dir='ltr'><strong>maudaverat,</strong></span> <span class='ocrx_word' id='word_1_470' title='bbox 456 4503 656 4566; x_wconf 73' lang='lat' dir='ltr'><strong>quaecumque</strong></span> <span class='ocrx_word' id='word_1_471' title='bbox 682 4488 827 4550; x_wconf 88' lang='lat' dir='ltr'><strong>incideret</strong></span> <span class='ocrx_word' id='word_1_472' title='bbox 854 4507 872 4549; x_wconf 89' lang='lat' dir='ltr'><strong>a</strong></span> <span class='ocrx_word' id='word_1_473' title='bbox 900 4489 973 4549; x_wconf 87' lang='lat' dir='ltr'><strong>Xlll.</strong></span> <span class='ocrx_word' id='word_1_474' title='bbox 1001 4488 1071 4550; x_wconf 82' lang='lat' dir='ltr'><strong>lana</strong></span> <span class='ocrx_word' id='word_1_475' title='bbox 1100 4489 1188 4568; x_wconf 70' lang='lat' dir='ltr'><strong>primi</strong></span> <span class='ocrx_word' id='word_1_476' title='bbox 1215 4484 1463 4566; x_wconf 65' lang='lat' dir='ltr'><strong>messiamque</strong></span> 
     </span>
     <span class='ocr_line' id='line_1_50' title="bbox 236 4568 1461 4652; baseline 0 -20"><span class='ocrx_word' id='word_1_477' title='bbox 236 4569 273 4632; x_wconf 92' lang='lat' dir='ltr'><strong>ad</strong></span> <span class='ocrx_word' id='word_1_478' title='bbox 285 4568 372 4644; x_wconf 82' lang='lat' dir='ltr'><strong>XXI,</strong></span> <span class='ocrx_word' id='word_1_479' title='bbox 393 4570 425 4630; x_wconf 93' lang='lat' dir='ltr'><strong>iu</strong></span> <span class='ocrx_word' id='word_1_480' title='bbox 446 4587 505 4648; x_wconf 90' lang='lat' dir='ltr'><strong>quo</strong></span> <span class='ocrx_word' id='word_1_481' title='bbox 528 4571 662 4633; x_wconf 81' lang='lat' dir='ltr'><strong>fortassis</strong></span> <span class='ocrx_word' id='word_1_482' title='bbox 682 4573 768 4635; x_wconf 88' lang='lat' dir='ltr'><strong>initio</strong></span> <span class='ocrx_word' id='word_1_483' title='bbox 790 4571 852 4634; x_wconf 75' lang='lat' dir='ltr'><strong>tot</strong></span> <span class='ocrx_word' id='word_1_484' title='bbox 873 4571 990 4652; x_wconf 87' lang='lat' dir='ltr'><strong>quidam</strong></span> <span class='ocrx_word' id='word_1_485' title='bbox 1012 4591 1080 4634; x_wconf 82' lang='lat' dir='ltr'><strong>urm</strong></span> <span class='ocrx_word' id='word_1_486' title='bbox 1094 4572 1246 4652; x_wconf 75' lang='lat' dir='ltr'><strong>Polycrate</strong></span> <span class='ocrx_word' id='word_1_487' title='bbox 1259 4571 1368 4634; x_wconf 73' lang='lat' dir='ltr'><strong>tune</strong></span> <span class='ocrx_word' id='word_1_488' title='bbox 1383 4586 1461 4633; x_wconf 87' lang='lat' dir='ltr'><strong>eon·</strong></span> 
     </span>
    </p>
   </div>
   <div class='ocr_carea' id='block_1_3' title="bbox 0 0 1572 5238">
    <p class='ocr_par' dir='ltr' id='par_1_4' title="bbox 0 0 1572 5238">
     <span class='ocr_line' id='line_1_51' title="bbox 0 0 1572 5238; baseline 0 0"><span class='ocrx_word' id='word_1_489' title='bbox 0 0 1572 5238; x_wconf 95' lang='lat' dir='ltr'><strong> </strong></span> 
     </span>
    </p>
   </div>
  </div>
 </body>
</html>
