3132 5238
350 469 357 480 .
475 409 608 453 uucronn
629 409 735 453 secono
757 409 895 453 neuntio.
998 389 1011 402 '
1250 395 1289 456 21

82 579 166 632 erens,
189 559 228 620 de
250 577 309 638 quo
331 565 446 637 postea,
467 577 501 618 ae
518 557 690 636 Victorinus,
713 559 762 638 qui
785 559 864 622 illius
886 559 1020 622 haeresin
1033 561 1227 622 corroborare
1238 581 1290 622 ro-

83 653 156 704 uatus
178 651 225 704 est
246 647 321 721 (cap.
345 644 420 718 53.).
448 641 496 702 Fit
516 643 621 704 eodem
641 643 717 704 libro
740 645 827 704 etiam
850 645 959 706 ruendo
981 665 1016 705 ex
1038 643 1179 726 Apostolo
1201 646 1291 708 Paulo
1353 659 1356 666 '

81 729 194 788 aliorsum
218 727 446 799 haeretieorum,
467 744 574 805 nempe
596 727 671 808 (cep.
683 730 726 804 3.)
747 727 884 808 Phygells'
904 740 932 790 et
953 727 1157 810 Hermogenis,
1182 730 1291 808 llprne-
1339 747 1344 759 ’

80 818 138 873 roei
158 821 186 874 et
209 811 329 872 Philetr'.
373 811 446 871 ltem
467 812 542 889 (cap.
566 812 629 888 30.)
652 811 772 891 Nigidii,
789 815 893 874 'neseio
916 817 1010 884 enses,
1034 825 1062 876 et
1085 815 1291 892 Hermogenis.

81 897 131 956 Sed
151 897 188 958 de
211 897 270 957 hoc
289 913 407 973 quoque
428 893 515 973 paulo
536 903 606 973 post
626 895 724 958 latius.
752 895 847 957 Porro
868 897 904 958 ad
927 898 1031 979 eodem
1053 917 1131 958 anno
1152 899 1293 960 indictam

79 980 307 1057 persecutionem
337 977 571 1040 Christianorum
603 998 620 1040 a
651 980 760 1042 Severo
791 981 862 1060 imp.
891 980 992 1043 alludit
1018 983 1128 1044 Auctor
1160 984 1190 1044 in
1219 984 1291 1046 haee

79 1064 156 1125 rerba
184 1065 223 1124 de
247 1062 469 1140 Amphitheatro
491 1062 630 1141 loquens:
653 1063 722 1126 llls'e
744 1067 913 1146 pnotr'diens'
932 1071 963 1130 s'n
985 1086 1041 1129 nos
1064 1066 1164 1128 lenires
1194 1085 1290 1146 eupo-

78 1149 236 1220 stnlentur,
260 1149 328 1210 inde
352 1151 579 1226 persecutiones
603 1149 818 1222 decernuntur,
852 1151 920 1212 inde
943 1155 1123 1215 tentationes
1145 1155 1289 1214 ems'ttnn-

79 1245 124 1294 tur
153 1233 208 1306 (lle
230 1234 329 1310 Speet.
353 1249 416 1310 cap.
439 1234 513 1307 ut).
556 1231 630 1294 ltem
663 1232 747 1294 illud:
785 1232 870 1295 Scire
897 1235 1005 1297 uolent
1032 1235 1145 1299 seilicet
1173 1245 1288 1315 tempus

76 1320 298 1395 persecutionis,
329 1326 358 1378 et
385 1315 484 1378 loerrrn
511 1315 685 1387 tribunalis,
719 1327 747 1378 et
768 1336 934 1398 personum
951 1321 1105 1398 praesidis
1138 1317 1192 1391 (llo
1215 1319 1287 1380 ldol.

79 1419 131 1478 sep.
143 1403 217 1476 23.).
247 1401 368 1478 Alieque
389 1399 538 1478 complura
560 1397 590 1458 in
606 1399 691 1462 libris
703 1419 778 1478 quos
790 1399 865 1462 iutra
880 1401 1109 1464 recensebimus.
1141 1403 1195 1464 llie
1209 1404 1286 1464 dun·
1368 1449 1380 1468 .

80 1495 144 1544 taxat
156 1483 424 1563 comprobavimus,
447 1501 507 1544 nou
522 1482 554 1543 in
575 1502 684 1544 aunum
700 1485 760 1545 vll.
775 1494 826 1546 aut
839 1483 889 1546 lll.
912 1486 965 1547 sed
986 1487 1016 1547 iu
1038 1487 1118 1547 herne
1137 1487 1237 1566 potius
1252 1487 1287 1548 X.

79 1567 181 1648 imperii
203 1569 307 1630 Severi
328 1585 438 1628 annum
459 1567 647 1628 referendum
669 1567 763 1630 dietae
784 1570 998 1648 persecutionis
1019 1570 1148 1632 initium.
1188 1571 1286 1649 lupri-

79 1653 126 1712 mis
144 1653 175 1714 B.
197 1653 399 1730 llieronymus
422 1650 484 1712 Cet.
506 1650 614 1731 Seript.
635 1651 746 1714 Eccles.
775 1653 805 1713 iu
828 1652 955 1732 Origene
983 1662 1011 1714 et
1036 1661 1106 1735 post
1132 1673 1199 1714 eum
1228 1654 1286 1714 So-

80 1737 209 1812 phronius
237 1756 272 1797 ac
301 1735 486 1814 Nicephorus
514 1733 642 1798 Graecus
670 1735 814 1810 scribunt,
835 1735 872 1798 x.
896 1736 998 1800 Severi
1018 1737 1181 1802 Pertinacis
1208 1757 1285 1800 anno

80 1819 205 1882 adversm
226 1820 414 1882 Christianos
435 1819 641 1898 perseeutione
673 1827 819 1882 commota
852 1821 1014 1884 Leonidem
1045 1822 1140 1902 ipsius
1172 1831 1286 1902 patre'm

80 1904 180 1964 Christi
197 1904 546 1984 martyrioeerouatum3
568 1902 616 1965 ille
637 1923 708 1965 vero
729 1905 807 1966 iuter
827 1907 940 1984 primos
960 1915 1101 1986 martires
1116 1913 1287 1968 recensetur

79 1987 113 2046 ab
133 1987 251 2050 Eusebio
272 1989 351 2049 llist.
366 1986 477 2048 Eccles.
493 1985 542 2048 lib.
559 1987 604 2060 V.,
626 1988 675 2068 qui
690 1988 891 2063 Alexandriae,
913 1989 964 2052 uhi
978 1990 1104 2056 maxime
1118 1990 1284 2069 persecutio

79 2071 239 2146 abundabat,
260 2073 341 2152 passi
357 2080 437 2133 sunt
459 2071 570 2133 Deinde
584 2072 671 2133 lrrdas
693 2073 729 2134 ad
751 2074 829 2134 ltuuc
850 2092 943 2152 usque
964 2092 1072 2136 anuum
1096 2075 1284 2152 chronogra-

79 2155 164 2234 phiam
187 2157 342 2236 perduxit,
375 2155 453 2236 quod
481 2155 592 2220 instare
618 2164 734 2235 putaret
761 2159 917 2220 adrentum
944 2158 1116 2240 Antichristi
1144 2157 1182 2218 oh
1210 2158 1286 2222 lianc

78 2243 300 2316 persecutionem
323 2239 533 2319 gravissimam.
575 2240 708 2322 Denique
736 2241 853 2303 disertis
874 2241 972 2308 serbis
994 2241 1167 2323 Spartianus
1189 2242 1283 2322 sigui·

79 2325 141 2396 leat,
162 2345 221 2386 nou
244 2326 302 2386 nisi
324 2324 599 2403 postconsulatum
621 2344 688 2386 uum
709 2325 769 2387 ulio
791 2325 821 2388 iu
837 2326 920 2406 Syria
942 2326 1048 2388 initum
1069 2327 1131 2404 (qui
1153 2327 1185 2387 in
1207 2326 1285 2388 huuc

77 2427 172 2470 aunum
194 2410 308 2485 incidit)
329 2407 533 2470 Alexandriam
553 2409 729 2489 proiectum,
751 2411 988 2490 peregrinatione
1010 2430 1043 2472 ea
1058 2417 1195 2490 suscepta
1210 2428 1282 2488 pro-

76 2502 131 2568 pter
151 2493 324 2571 religionem
347 2493 394 2553 dei
410 2493 574 2570 Serapidis:
596 2492 635 2556 ln
653 2514 719 2576 prro,
742 2495 845 2572 inquit,
867 2499 976 2559 itinere
999 2493 1128 2558 ludaeos
1143 2494 1215 2576 fieri
1228 2495 1283 2568 enh

76 2582 153 2654 prem
167 2597 268 2658 poene
290 2581 404 2650 netem
426 2578 503 2639 idern
524 2583 612 2640 etiem
634 2579 668 2640 de
693 2577 873 2640 Christianis
896 2583 1009 2650 sersmt.
1055 2579 1118 2652 Qua
1140 2597 1281 2658 perseeu-

77 2660 145 2721 tione
171 2662 253 2740 passi
281 2668 352 2722 sunt
379 2679 465 2738 quam
487 2661 608 2741 plurimi
628 2669 770 2741 martyres
790 2661 982 2724 Alexandriae
1003 2663 1059 2724 suh
1080 2662 1172 2724 Laeto
1194 2681 1282 2742 prae-
1339 2663 1343 2668 '

76 2745 155 2816 lecto,
175 2765 209 2806 ae
230 2747 262 2806 in
284 2747 426 2824 Aegypto,
447 2743 537 2825 libya
559 2752 588 2806 et
609 2745 759 2807 Thebaide
780 2746 836 2810 suh
857 2745 959 2824 Aquila
980 2755 1115 2824 tyranno,
1137 2746 1167 2807 iu
1184 2746 1283 2806 Galliis

76 2828 187 2908 denique
215 2831 270 2892 SS.
299 2829 455 2902 lrenaeus,
483 2830 648 2902 Andeolus,
677 2829 840 2908 Benignus‚
868 2830 1077 2890 Andochianus
1103 2837 1133 2890 et
1160 2830 1282 2907 Tyrsus.

76 2910 157 2973 Porro
178 2913 214 2975 ad
237 2915 317 2975 hune
337 2931 447 2974 aunum
467 2915 601 2976 referunt
614 2911 746 2991 plerique
761 2913 984 2991 inscriptionem
998 2912 1091 2974 illam:
1114 2932 1144 2974 n.
1160 2929 1283 2972 hesrom

77 3015 98 3054 t.
116 3017 139 3058 r.
162 3017 225 3058 ees.
250 3017 293 3058 m.
322 3016 426 3072 sacrm,
453 3014 512 3059 ιιιι.
545 3016 625 3058 etas.
654 3015 716 3056 ser.
746 3015 809 3058 eos.
831 3015 875 3056 ιιι.
904 3016 941 3056 er
970 3015 1031 3056 ιιιι.
1060 3015 1140 3058 etus.
1163 3014 1193 3056 ιι.
1217 3013 1281 3056 nnn.

77 3099 169 3144 esron.
190 3101 257 3143 eos.
279 3101 434 3144 rnnrnaoo
449 3100 618 3144 rerusrnru
640 3099 815 3140 eonnuurmr
837 3098 894 3140 cuir
917 3099 989 3141 οιιιιι
1011 3098 1104 3142 suero
1119 3097 1281 3152 nesrrrue·
1341 3129 1342 3134 ,

78 3183 149 3227 rtur.
185 3165 275 3240 Quod
297 3185 378 3228 nunc
398 3165 600 3228 adducendum
621 3163 786 3244 putavimus
809 3163 845 3224 ad
867 3165 1039 3242 memoriam
1061 3161 1217 3227 Ecclesiae.

151 3335 228 3396 Auno
252 3334 372 3396 Domini
395 3333 487 3395 CCIV.
530 3335 564 3396 P.
580 3333 723 3412 Septimio
745 3333 782 3396 Μ.
798 3335 831 3396 F.
847 3335 917 3397 Geta
932 3343 962 3396 et
982 3333 1015 3396 L.
1033 3334 1177 3413 Septimio
1192 3334 1279 3396 Plau-

78 3415 146 3474 tiano
165 3418 195 3479 ll.
223 3439 304 3480 cess.
334 3419 365 3478 S.
389 3418 543 3498 zephyrini
573 3417 720 3496 pontilicis
743 3419 869 3480 Romani
897 3439 975 3482 anno
998 3420 1029 3480 V.
1054 3419 1154 3482 Severi
1175 3420 1280 3499 imper.

78 3497 117 3559 ll.
137 3504 186 3564 etsi
214 3501 425 3582 persecutione
454 3503 512 3564 iam
539 3502 672 3582 vigente,
701 3522 760 3563 non
789 3513 888 3567 tamen
910 3503 1024 3568 destitit
1045 3503 1243 3570 Tertullianus
1265 3525 1282 3565 a

76 3585 225 3648 scribendis
251 3587 396 3666 adversus
419 3587 568 3648 haereseis
590 3586 685 3648 libris.
729 3587 809 3649 luter
830 3607 904 3667 quos
925 3590 1021 3668 primo
1044 3588 1110 3650 loco
1123 3587 1280 3660 ‚nuscan-

75 3667 131 3728 dum
151 3690 306 3734 censemus
328 3671 370 3731 lle
392 3671 540 3751 Baptismo
562 3671 703 3733 adsersus
719 3671 900 3746 Quintillarn,
922 3681 1023 3751 utpote
1037 3691 1124 3751 quem
1139 3672 1282 3756 scriptum

76 3763 176 3814 constat
203 3764 361 3834 numquam
389 3755 485 3835 aliquo
513 3755 602 3816 modo
624 3756 660 3816 ad
682 3755 821 3820 haeresin
841 3757 1028 3837 propendere
1049 3757 1212 3834 coepisset.
1246 3771 1282 3814 ex

76 3853 104 3892 eo
122 3839 198 3916 quod
221 3839 357 3900 lectionis
380 3840 467 3901 luerit
488 3839 730 3901 hlontauistamm
753 3841 902 3916 Quintilla,
925 3861 942 3904 a
964 3860 1021 3920 qua
1041 3840 1135 3904 dictos
1150 3834 1279 3913 Quintil-

77 3917 155 3982 lianos
183 3941 220 3984 ex
242 3923 408 4002 Epiphanio
437 3923 496 3985 illie
516 3923 699 3990 deduximus.
741 3924 784 3988 An
807 3923 884 3990 eliud
906 3925 975 4004 quid
1002 3923 1144 3992 adversus
1164 3919 1279 3984 Alonta-

77 4019 134 4064 uuru
152 4007 250 4085 ipsum
272 4005 426 4086 scripserit
445 4009 565 4079 Auctor,
588 4026 648 4070 non
670 4027 762 4087 aeque
782 4007 902 4087 probari
920 4013 1033 4087 potest,
1055 4004 1108 4066 sed
1123 4004 1281 4074 verisimile

78 4085 119 4158 fit,
142 4097 198 4151 urm
233 4111 268 4152 er
301 4090 360 4153 illis
388 4092 421 4151 ll.
442 4091 598 4170 Augustini
624 4091 723 4154 serbis
752 4091 802 4158 lih.
824 4091 866 4153 lle
887 4091 1013 4166 Haeres:
1042 4091 1088 4154 te
1111 4093 1281 4176 Cetophep-

75 4187 122 4245 pos
142 4179 277 4246 transiit,
307 4193 383 4257 qnos
414 4187 484 4238 ente
517 4177 678 4246 deserente,
700 4183 768 4251 'tum
795 4175 920 4240 maxime
948 4194 982 4237 ex
1011 4173 1130 4254 Niceph.
1160 4179 1209 4244 lib.
1233 4179 1279 4242 tv.

75 4271 130 4332 cap.
139 4259 197 4332 31,
219 4260 271 4338 qui
295 4259 386 4322 tradit
405 4259 562 4324 Auctorem
583 4259 620 4320 ad
642 4267 747 4322 statam
769 4260 953 4338 mediamque
974 4266 1096 4322 estatem
1125 4263 1155 4324 iu
1176 4263 1279 4326 Eccle-

75 4337 110 4398 sia
129 4344 269 4406 mtholica
291 4341 494 4424 presbytemm
516 4343 599 4421 plura
620 4343 761 4404 adversus
776 4343 906 4406 Montani
928 4343 1032 4421 dogma
1054 4347 1279 4425 conscripsisse,

75 4431 163 4498 postea
192 4447 265 4488 reru
293 4428 325 4490 in
347 4427 424 4489 illius
446 4426 595 4508 delapsum
618 4446 749 4488 errorem
782 4426 882 4506 plures
914 4444 1017 4488 rursus
1038 4429 1131 4492 libros
1152 4449 1207 4508 pro
1229 4432 1279 4494 illo

74 4511 278 4588 composuisse.
338 4511 396 4583 Qui
428 4530 516 4590 quum
552 4511 681 4574 Montani
716 4511 874 4572 haereseos
909 4509 1065 4576 historiam
1094 4513 1163 4574 lihri
1198 4514 1278 4576 eius-

74 4587 129 4654 lnu
158 4613 243 4676 capp.
276 4597 324 4660 te.
354 4598 405 4660 20.
433 4597 485 4660 22.
513 4597 564 4660 23.
595 4597 646 4660 tt.
674 4602 704 4656 et
731 4597 782 4660 25.
816 4593 873 4656 late
907 4601 1026 4670 tractet,
1058 4614 1093 4658 ex
1120 4597 1279 4675 Apollinari
