<?xml version="1.0" encoding="UTF-8"?>
<!DOCTYPE html PUBLIC "-//W3C//DTD XHTML 1.0 Transitional//EN"
    "http://www.w3.org/TR/xhtml1/DTD/xhtml1-transitional.dtd">
<html xmlns="http://www.w3.org/1999/xhtml" xml:lang="en" lang="en">
 <head>
  <title>
</title>
<meta http-equiv="Content-Type" content="text/html;charset=utf-8" />
  <meta name='ocr-system' content='tesseract 3.04.00' />
  <meta name='ocr-capabilities' content='ocr_page ocr_carea ocr_par ocr_line ocrx_word'/>
</head>
<body>
  <div class='ocr_page' id='page_1' title='image "./quaesupersuntom01oehlgoog_0123.png"; bbox 0 0 3114 5240; ppageno 0'>
   <div class='ocr_carea' id='block_1_1' title="bbox 280 372 1419 437">
    <p class='ocr_par' dir='ltr' id='par_1_1' title="bbox 280 372 1419 437">
     <span class='ocr_line' id='line_1_1' title="bbox 280 372 1419 437; baseline -0.005 -3"><span class='ocrx_word' id='word_1_1' title='bbox 280 372 341 434; x_wconf 78' lang='lat'><strong>114</strong></span> <span class='ocrx_word' id='word_1_2' title='bbox 377 385 612 432; x_wconf 86' lang='lat' dir='ltr'><strong>nrsssararrom</strong></span> <span class='ocrx_word' id='word_1_3' title='bbox 627 385 675 437; x_wconf 85' lang='lat' dir='ltr'><strong>on.</strong></span> <span class='ocrx_word' id='word_1_4' title='bbox 685 383 774 436; x_wconf 66' lang='lat' dir='ltr'><strong>‚seen</strong></span> <span class='ocrx_word' id='word_1_5' title='bbox 787 383 873 430; x_wconf 80' lang='lat' dir='ltr'><strong>anon.</strong></span> <span class='ocrx_word' id='word_1_6' title='bbox 889 385 1081 430; x_wconf 79' lang='lat' dir='ltr'><strong>rmrunrnam</strong></span> <span class='ocrx_word' id='word_1_7' title='bbox 1095 384 1320 429; x_wconf 79' lang='lat' dir='ltr'><strong>monocsrrcmr</strong></span> <span class='ocrx_word' id='word_1_8' title='bbox 1334 383 1419 428; x_wconf 84' lang='lat' dir='ltr'><strong>cerr.</strong></span> 
     </span>
    </p>
   </div>
   <div class='ocr_carea' id='block_1_2' title="bbox 277 534 1497 1462">
    <p class='ocr_par' dir='ltr' id='par_1_2' title="bbox 277 534 1497 1462">
     <span class='ocr_line' id='line_1_2' title="bbox 277 534 1490 616; baseline -0.003 -15"><span class='ocrx_word' id='word_1_9' title='bbox 277 538 356 602; x_wconf 87' lang='lat' dir='ltr'><strong>illius</strong></span> <span class='ocrx_word' id='word_1_10' title='bbox 376 537 512 611; x_wconf 89' lang='lat' dir='ltr'><strong>nomine,</strong></span> <span class='ocrx_word' id='word_1_11' title='bbox 540 535 655 598; x_wconf 76' lang='lat' dir='ltr'><strong>dimxit.</strong></span> <span class='ocrx_word' id='word_1_12' title='bbox 699 535 757 598; x_wconf 87' lang='lat' dir='ltr'><strong>Gar</strong></span> <span class='ocrx_word' id='word_1_13' title='bbox 778 535 872 610; x_wconf 84' lang='lat' dir='ltr'><strong>enlm,</strong></span> <span class='ocrx_word' id='word_1_14' title='bbox 902 535 1026 598; x_wconf 90' lang='lat' dir='ltr'><strong>obsecra</strong></span> <span class='ocrx_word' id='word_1_15' title='bbox 1048 543 1093 609; x_wconf 86' lang='lat' dir='ltr'><strong>te,</strong></span> <span class='ocrx_word' id='word_1_16' title='bbox 1121 535 1191 600; x_wconf 85' lang='lat' dir='ltr'><strong>huic</strong></span> <span class='ocrx_word' id='word_1_17' title='bbox 1210 553 1315 616; x_wconf 59' lang='lat' dir='ltr'><strong>quanm</strong></span> <span class='ocrx_word' id='word_1_18' title='bbox 1338 534 1490 610; x_wconf 86' lang='lat' dir='ltr'><strong>obiectas,</strong></span> 
     </span>
     <span class='ocr_line' id='line_1_3' title="bbox 278 618 1489 702; baseline -0.001 -17"><span class='ocrx_word' id='word_1_19' title='bbox 278 623 377 686; x_wconf 88' lang='lat' dir='ltr'><strong>libello</strong></span> <span class='ocrx_word' id='word_1_20' title='bbox 405 621 590 702; x_wconf 76' lang='lat' dir='ltr'>proconsulis</span> <span class='ocrx_word' id='word_1_21' title='bbox 618 620 768 700; x_wconf 90' lang='lat' dir='ltr'><strong>proprium</strong></span> <span class='ocrx_word' id='word_1_22' title='bbox 795 639 904 682; x_wconf 89' lang='lat' dir='ltr'><strong>nomon</strong></span> <span class='ocrx_word' id='word_1_23' title='bbox 931 618 1103 699; x_wconf 76' lang='lat' dir='ltr'><strong>inscripsit?</strong></span> <span class='ocrx_word' id='word_1_24' title='bbox 1131 639 1183 683; x_wconf 88' lang='lat' dir='ltr'><strong>cnr</strong></span> <span class='ocrx_word' id='word_1_25' title='bbox 1207 620 1239 682; x_wconf 92' lang='lat' dir='ltr'><strong>in</strong></span> <span class='ocrx_word' id='word_1_26' title='bbox 1262 639 1298 682; x_wconf 92' lang='lat' dir='ltr'><strong>eo</strong></span> <span class='ocrx_word' id='word_1_27' title='bbox 1319 619 1428 699; x_wconf 86' lang='lat' dir='ltr'><strong>abique</strong></span> <span class='ocrx_word' id='word_1_28' title='bbox 1449 639 1489 684; x_wconf 84' lang='lat' dir='ltr'><strong>se</strong></span> 
     </span>
     <span class='ocr_line' id='line_1_4' title="bbox 279 703 1494 785; baseline -0.002 -15"><span class='ocrx_word' id='word_1_29' title='bbox 279 708 316 772; x_wconf 90' lang='lat' dir='ltr'><strong>ad</strong></span> <span class='ocrx_word' id='word_1_30' title='bbox 344 726 411 768; x_wconf 90' lang='lat' dir='ltr'><strong>eum</strong></span> <span class='ocrx_word' id='word_1_31' title='bbox 439 705 589 785; x_wconf 80' lang='lat' dir='ltr'><strong>speciatim</strong></span> <span class='ocrx_word' id='word_1_32' title='bbox 607 704 736 768; x_wconf 89' lang='lat' dir='ltr'><strong>seribere</strong></span> <span class='ocrx_word' id='word_1_33' title='bbox 764 703 931 784; x_wconf 68' lang='lat' dir='ltr'><strong>significat?</strong></span> <span class='ocrx_word' id='word_1_34' title='bbox 958 724 1009 768; x_wconf 93' lang='lat' dir='ltr'><strong>cur</strong></span> <span class='ocrx_word' id='word_1_35' title='bbox 1030 723 1047 766; x_wconf 94' lang='lat' dir='ltr'><strong>e</strong></span> <span class='ocrx_word' id='word_1_36' title='bbox 1068 705 1268 778; x_wconf 80' lang='lat' dir='ltr'><strong>contrarioin</strong></span> <span class='ocrx_word' id='word_1_37' title='bbox 1288 704 1494 784; x_wconf 73' lang='lat' dir='ltr'><strong>apologetico,</strong></span> 
     </span>
     <span class='ocr_line' id='line_1_5' title="bbox 279 789 1497 870; baseline -0.002 -15"><span class='ocrx_word' id='word_1_38' title='bbox 279 792 372 856; x_wconf 87' lang='lat' dir='ltr'><strong>multo</strong></span> <span class='ocrx_word' id='word_1_39' title='bbox 394 790 518 870; x_wconf 81' lang='lat' dir='ltr'><strong>graviori</strong></span> <span class='ocrx_word' id='word_1_40' title='bbox 532 807 575 864; x_wconf 57' lang='lat' dir='ltr'><strong>,ac</strong></span> <span class='ocrx_word' id='word_1_41' title='bbox 594 790 721 868; x_wconf 77' lang='lat' dir='ltr'><strong>longiori</strong></span> <span class='ocrx_word' id='word_1_42' title='bbox 742 789 828 863; x_wconf 91' lang='lat' dir='ltr'><strong>libro,</strong></span> <span class='ocrx_word' id='word_1_43' title='bbox 851 789 959 852; x_wconf 88' lang='lat' dir='ltr'><strong>nullius</strong></span> <span class='ocrx_word' id='word_1_44' title='bbox 980 789 1066 869; x_wconf 89' lang='lat' dir='ltr'><strong>plane</strong></span> <span class='ocrx_word' id='word_1_45' title='bbox 1086 789 1241 870; x_wconf 74' lang='lat' dir='ltr'><strong>singularis</strong></span> <span class='ocrx_word' id='word_1_46' title='bbox 1271 789 1401 852; x_wconf 89' lang='lat' dir='ltr'><strong>bominis</strong></span> <span class='ocrx_word' id='word_1_47' title='bbox 1432 807 1497 852; x_wconf 85' lang='lat' dir='ltr'><strong>nee</strong></span> 
     </span>
     <span class='ocr_line' id='line_1_6' title="bbox 280 872 1495 956; baseline -0.002 -17"><span class='ocrx_word' id='word_1_48' title='bbox 280 877 472 956; x_wconf 87' lang='lat' dir='ltr'><strong>quorumdam</strong></span> <span class='ocrx_word' id='word_1_49' title='bbox 493 873 661 954; x_wconf 78' lang='lat' dir='ltr'><strong>praesidum</strong></span> <span class='ocrx_word' id='word_1_50' title='bbox 682 893 791 937; x_wconf 89' lang='lat' dir='ltr'><strong>nomen</strong></span> <span class='ocrx_word' id='word_1_51' title='bbox 811 874 893 936; x_wconf 90' lang='lat' dir='ltr'><strong>ullibi</strong></span> <span class='ocrx_word' id='word_1_52' title='bbox 913 872 1061 936; x_wconf 78' lang='lat' dir='ltr'><strong>inseruit?</strong></span> <span class='ocrx_word' id='word_1_53' title='bbox 1103 875 1208 938; x_wconf 90' lang='lat' dir='ltr'><strong>Nonne</strong></span> <span class='ocrx_word' id='word_1_54' title='bbox 1232 874 1305 936; x_wconf 90' lang='lat' dir='ltr'><strong>haec</strong></span> <span class='ocrx_word' id='word_1_55' title='bbox 1325 875 1390 953; x_wconf 86' lang='lat' dir='ltr'><strong>ipsa</strong></span> <span class='ocrx_word' id='word_1_56' title='bbox 1410 875 1495 936; x_wconf 86' lang='lat' dir='ltr'><strong>ratic</strong></span> 
     </span>
     <span class='ocr_line' id='line_1_7' title="bbox 280 959 1494 1040; baseline -0.002 -17"><span class='ocrx_word' id='word_1_57' title='bbox 280 970 343 1035; x_wconf 91' lang='lat' dir='ltr'><strong>est,</strong></span> <span class='ocrx_word' id='word_1_58' title='bbox 371 961 437 1040; x_wconf 89' lang='lat' dir='ltr'><strong>quia</strong></span> <span class='ocrx_word' id='word_1_59' title='bbox 458 959 678 1038; x_wconf 75' lang='lat' dir='ltr'><strong>Apologeticnm</strong></span> <span class='ocrx_word' id='word_1_60' title='bbox 705 959 844 1021; x_wconf 90' lang='lat' dir='ltr'><strong>omnibus</strong></span> <span class='ocrx_word' id='word_1_61' title='bbox 865 959 1037 1038; x_wconf 78' lang='lat' dir='ltr'><strong>generaliter</strong></span> <span class='ocrx_word' id='word_1_62' title='bbox 1059 959 1182 1022; x_wconf 89' lang='lat' dir='ltr'><strong>etbnicis</strong></span> <span class='ocrx_word' id='word_1_63' title='bbox 1203 959 1389 1038; x_wconf 77' lang='lat' dir='ltr'><strong>praesidibus</strong></span> <span class='ocrx_word' id='word_1_64' title='bbox 1409 959 1494 1020; x_wconf 82' lang='lat' dir='ltr'><strong>scri-</strong></span> 
     </span>
     <span class='ocr_line' id='line_1_8' title="bbox 278 1041 1496 1131; baseline -0.001 -24"><span class='ocrx_word' id='word_1_65' title='bbox 278 1045 408 1108; x_wconf 90' lang='lat' dir='ltr'><strong>bendum</strong></span> <span class='ocrx_word' id='word_1_66' title='bbox 434 1063 502 1106; x_wconf 90' lang='lat' dir='ltr'><strong>esse</strong></span> <span class='ocrx_word' id='word_1_67' title='bbox 529 1041 665 1106; x_wconf 77' lang='lat' dir='ltr'><strong>censuit?</strong></span> <span class='ocrx_word' id='word_1_68' title='bbox 707 1044 743 1105; x_wconf 85' lang='lat' dir='ltr'><strong>Et</strong></span> <span class='ocrx_word' id='word_1_69' title='bbox 770 1051 848 1122; x_wconf 78' lang='lat' dir='ltr'><strong>certe</strong></span> <span class='ocrx_word' id='word_1_70' title='bbox 870 1044 896 1105; x_wconf 93' lang='lat' dir='ltr'><strong>is</strong></span> <span class='ocrx_word' id='word_1_71' title='bbox 916 1043 1118 1131; x_wconf 78' lang='lat' dir='ltr'><strong>videturesse</strong></span> <span class='ocrx_word' id='word_1_72' title='bbox 1138 1043 1301 1123; x_wconf 89' lang='lat' dir='ltr'><strong>primorum</strong></span> <span class='ocrx_word' id='word_1_73' title='bbox 1320 1043 1388 1106; x_wconf 92' lang='lat' dir='ltr'><strong>libri</strong></span> <span class='ocrx_word' id='word_1_74' title='bbox 1407 1043 1496 1106; x_wconf 80' lang='lat' dir='ltr'><strong>illius</strong></span> 
     </span>
     <span class='ocr_line' id='line_1_9' title="bbox 279 1127 1496 1208; baseline -0.002 -17"><span class='ocrx_word' id='word_1_75' title='bbox 279 1129 437 1192; x_wconf 82' lang='lat' dir='ltr'><strong>verborum</strong></span> <span class='ocrx_word' id='word_1_76' title='bbox 458 1147 578 1192; x_wconf 88' lang='lat' dir='ltr'><strong>sensus:</strong></span> <span class='ocrx_word' id='word_1_77' title='bbox 617 1127 653 1190; x_wconf 81' lang='lat' dir='ltr'><strong>Sa·</strong></span> <span class='ocrx_word' id='word_1_78' title='bbox 675 1147 738 1192; x_wconf 83' lang='lat' dir='ltr'><strong>ooo</strong></span> <span class='ocrx_word' id='word_1_79' title='bbox 767 1129 834 1190; x_wconf 77' lang='lat' dir='ltr'><strong>licet</strong></span> <span class='ocrx_word' id='word_1_80' title='bbox 855 1129 952 1200; x_wconf 82' lang='lat' dir='ltr'><strong>vobis,</strong></span> <span class='ocrx_word' id='word_1_81' title='bbox 974 1127 1104 1190; x_wconf 82' lang='lat' dir='ltr'><strong>llomom&#39;</strong></span> <span class='ocrx_word' id='word_1_82' title='bbox 1122 1132 1245 1208; x_wconf 76' lang='lat' dir='ltr'><strong>imperia·</strong></span> <span class='ocrx_word' id='word_1_83' title='bbox 1264 1133 1428 1202; x_wconf 79' lang='lat' dir='ltr'><strong>aau&#39;str&#39;tea,</strong></span> <span class='ocrx_word' id='word_1_84' title='bbox 1457 1128 1496 1189; x_wconf 88' lang='lat' dir='ltr'><strong>id</strong></span> 
     </span>
     <span class='ocr_line' id='line_1_10' title="bbox 280 1212 1495 1296; baseline 0 -20"><span class='ocrx_word' id='word_1_85' title='bbox 280 1222 342 1287; x_wconf 88' lang='lat' dir='ltr'><strong>est,</strong></span> <span class='ocrx_word' id='word_1_86' title='bbox 375 1213 425 1293; x_wconf 94' lang='lat' dir='ltr'><strong>qui</strong></span> <span class='ocrx_word' id='word_1_87' title='bbox 453 1213 483 1296; x_wconf 83' lang='lat' dir='ltr'><strong>ip</strong></span> <span class='ocrx_word' id='word_1_88' title='bbox 512 1220 575 1274; x_wconf 89' lang='lat' dir='ltr'><strong>toto</strong></span> <span class='ocrx_word' id='word_1_89' title='bbox 596 1212 730 1274; x_wconf 84' lang='lat' dir='ltr'><strong>Romano</strong></span> <span class='ocrx_word' id='word_1_90' title='bbox 761 1212 884 1292; x_wconf 90' lang='lat' dir='ltr'><strong>imperio</strong></span> <span class='ocrx_word' id='word_1_91' title='bbox 917 1212 1064 1292; x_wconf 85' lang='lat' dir='ltr'><strong>primarii,</strong></span> <span class='ocrx_word' id='word_1_92' title='bbox 1097 1213 1246 1292; x_wconf 90' lang='lat' dir='ltr'><strong>principes</strong></span> <span class='ocrx_word' id='word_1_93' title='bbox 1280 1219 1309 1274; x_wconf 92' lang='lat' dir='ltr'><strong>et</strong></span> <span class='ocrx_word' id='word_1_94' title='bbox 1335 1213 1495 1292; x_wconf 76' lang='lat' dir='ltr'><strong>praesides</strong></span> 
     </span>
     <span class='ocr_line' id='line_1_11' title="bbox 282 1297 1492 1378; baseline -0.002 -17"><span class='ocrx_word' id='word_1_95' title='bbox 282 1298 363 1372; x_wconf 88' lang='lat' dir='ltr'><strong>estis,</strong></span> <span class='ocrx_word' id='word_1_96' title='bbox 387 1304 419 1360; x_wconf 80' lang='lat' dir='ltr'><strong>a&#39;u</strong></span> <span class='ocrx_word' id='word_1_97' title='bbox 439 1308 546 1378; x_wconf 86' lang='lat' dir='ltr'><strong>operto</strong></span> <span class='ocrx_word' id='word_1_98' title='bbox 570 1307 598 1359; x_wconf 88' lang='lat' dir='ltr'><strong>et</strong></span> <span class='ocrx_word' id='word_1_99' title='bbox 619 1298 706 1367; x_wconf 78' lang='lat' dir='ltr'><strong>edito,</strong></span> <span class='ocrx_word' id='word_1_100' title='bbox 727 1301 760 1359; x_wconf 82' lang='lat' dir='ltr'><strong>lu</strong></span> <span class='ocrx_word' id='word_1_101' title='bbox 781 1299 867 1376; x_wconf 91' lang='lat' dir='ltr'><strong>(quae</strong></span> <span class='ocrx_word' id='word_1_102' title='bbox 887 1297 988 1360; x_wconf 88' lang='lat' dir='ltr'><strong>ultima</strong></span> <span class='ocrx_word' id='word_1_103' title='bbox 1008 1297 1149 1376; x_wconf 88' lang='lat' dir='ltr'><strong>particula</strong></span> <span class='ocrx_word' id='word_1_104' title='bbox 1171 1297 1404 1360; x_wconf 82' lang='lat' dir='ltr'><strong>desideraturia</strong></span> <span class='ocrx_word' id='word_1_105' title='bbox 1419 1317 1492 1359; x_wconf 88' lang='lat' dir='ltr'><strong>om-</strong></span> 
     </span>
     <span class='ocr_line' id='line_1_12' title="bbox 279 1381 1495 1462; baseline -0.001 -17"><span class='ocrx_word' id='word_1_106' title='bbox 279 1383 369 1448; x_wconf 86' lang='lat' dir='ltr'><strong>nibus</strong></span> <span class='ocrx_word' id='word_1_107' title='bbox 391 1382 540 1444; x_wconf 84' lang='lat' dir='ltr'><strong>codicibus</strong></span> <span class='ocrx_word' id='word_1_108' title='bbox 561 1382 683 1455; x_wconf 90' lang='lat' dir='ltr'><strong>nostris,</strong></span> <span class='ocrx_word' id='word_1_109' title='bbox 707 1389 736 1444; x_wconf 92' lang='lat' dir='ltr'><strong>et</strong></span> <span class='ocrx_word' id='word_1_110' title='bbox 756 1381 841 1448; x_wconf 92' lang='lat' dir='ltr'><strong>editis</strong></span> <span class='ocrx_word' id='word_1_111' title='bbox 862 1381 1089 1461; x_wconf 80' lang='lat' dir='ltr'><strong>antiquioribus)</strong></span> <span class='ocrx_word' id='word_1_112' title='bbox 1111 1387 1177 1462; x_wconf 79' lang='lat' dir='ltr'><strong>ipso</strong></span> <span class='ocrx_word' id='word_1_113' title='bbox 1199 1383 1266 1462; x_wconf 80' lang='lat' dir='ltr'><strong>[ere</strong></span> <span class='ocrx_word' id='word_1_114' title='bbox 1287 1386 1398 1446; x_wconf 73' lang='lat' dir='ltr'><strong>cortice</strong></span> <span class='ocrx_word' id='word_1_115' title='bbox 1413 1387 1495 1446; x_wconf 76' lang='lat' dir='ltr'><strong>cloi-</strong></span> 
     </span>
    </p>
   </div>
   <div class='ocr_carea' id='block_1_3' title="bbox 188 1465 1497 1548">
    <p class='ocr_par' dir='ltr' id='par_1_3' title="bbox 188 1465 1497 1548">
     <span class='ocr_line' id='line_1_13' title="bbox 188 1465 1497 1548; baseline -0.003 -16"><span class='ocrx_word' id='word_1_116' title='bbox 188 1483 190 1488; x_wconf 84' lang='grc'><strong>’</strong></span> <span class='ocrx_word' id='word_1_117' title='bbox 281 1473 364 1539; x_wconf 80' lang='lat' dir='ltr'><strong>totis,</strong></span> <span class='ocrx_word' id='word_1_118' title='bbox 396 1466 537 1530; x_wconf 86' lang='lat' dir='ltr'><strong>nimirum</strong></span> <span class='ocrx_word' id='word_1_119' title='bbox 569 1466 720 1545; x_wconf 81' lang='lat' dir='ltr'><strong>canusque,</strong></span> <span class='ocrx_word' id='word_1_120' title='bbox 749 1467 998 1548; x_wconf 79' lang='lat' dir='ltr'><strong>praesidentibus.</strong></span> <span class='ocrx_word' id='word_1_121' title='bbox 1041 1465 1085 1528; x_wconf 92' lang='lat' dir='ltr'><strong>lbi</strong></span> <span class='ocrx_word' id='word_1_122' title='bbox 1121 1467 1199 1530; x_wconf 89' lang='lat' dir='ltr'><strong>enirn</strong></span> <span class='ocrx_word' id='word_1_123' title='bbox 1231 1467 1381 1530; x_wconf 88' lang='lat' dir='ltr'><strong>indefinite</strong></span> <span class='ocrx_word' id='word_1_124' title='bbox 1401 1467 1497 1528; x_wconf 80' lang='lat' dir='ltr'><strong>dixit:</strong></span> 
     </span>
    </p>
   </div>
   <div class='ocr_carea' id='block_1_4' title="bbox 280 1551 1498 2475">
    <p class='ocr_par' dir='ltr' id='par_1_4' title="bbox 280 1551 1498 2475">
     <span class='ocr_line' id='line_1_14' title="bbox 280 1551 1493 1632; baseline -0.002 -17"><span class='ocrx_word' id='word_1_125' title='bbox 280 1551 410 1615; x_wconf 81' lang='lat' dir='ltr'><strong>Romani</strong></span> <span class='ocrx_word' id='word_1_126' title='bbox 429 1555 550 1632; x_wconf 74' lang='lat' dir='ltr'><strong>emperia·</strong></span> <span class='ocrx_word' id='word_1_127' title='bbox 568 1555 726 1624; x_wconf 70' lang='lat' dir='ltr'><strong>antistites,</strong></span> <span class='ocrx_word' id='word_1_128' title='bbox 749 1551 799 1630; x_wconf 90' lang='lat' dir='ltr'><strong>qui</strong></span> <span class='ocrx_word' id='word_1_129' title='bbox 821 1551 852 1612; x_wconf 94' lang='lat' dir='ltr'><strong>in</strong></span> <span class='ocrx_word' id='word_1_130' title='bbox 874 1559 975 1630; x_wconf 88' lang='lat' dir='ltr'><strong>aperto</strong></span> <span class='ocrx_word' id='word_1_131' title='bbox 997 1559 1081 1630; x_wconf 89' lang='lat' dir='ltr'><strong>atque</strong></span> <span class='ocrx_word' id='word_1_132' title='bbox 1103 1552 1181 1614; x_wconf 88' lang='lat' dir='ltr'><strong>edito</strong></span> <span class='ocrx_word' id='word_1_133' title='bbox 1203 1552 1270 1630; x_wconf 92' lang='lat' dir='ltr'><strong>ipso</strong></span> <span class='ocrx_word' id='word_1_134' title='bbox 1293 1553 1399 1614; x_wconf 89' lang='lat' dir='ltr'><strong>vertice</strong></span> <span class='ocrx_word' id='word_1_135' title='bbox 1413 1551 1493 1612; x_wconf 84' lang='lat' dir='ltr'><strong>civi-</strong></span> 
     </span>
     <span class='ocr_line' id='line_1_15' title="bbox 281 1635 1493 1716; baseline -0.002 -18"><span class='ocrx_word' id='word_1_136' title='bbox 281 1637 349 1698; x_wconf 88' lang='lat' dir='ltr'><strong>tatis</strong></span> <span class='ocrx_word' id='word_1_137' title='bbox 372 1635 526 1698; x_wconf 88' lang='lat' dir='ltr'><strong>cainslibet</strong></span> <span class='ocrx_word' id='word_1_138' title='bbox 557 1635 592 1696; x_wconf 89' lang='lat' dir='ltr'><strong>ad</strong></span> <span class='ocrx_word' id='word_1_139' title='bbox 614 1635 687 1698; x_wconf 89' lang='lat' dir='ltr'><strong>alios</strong></span> <span class='ocrx_word' id='word_1_140' title='bbox 709 1635 880 1698; x_wconf 90' lang='lat' dir='ltr'><strong>iudicandos</strong></span> <span class='ocrx_word' id='word_1_141' title='bbox 900 1635 1082 1716; x_wconf 82' lang='lat' dir='ltr'><strong>praesidetis.</strong></span> <span class='ocrx_word' id='word_1_142' title='bbox 1125 1636 1162 1697; x_wconf 83' lang='lat' dir='ltr'><strong>At</strong></span> <span class='ocrx_word' id='word_1_143' title='bbox 1182 1637 1255 1698; x_wconf 91' lang='lat' dir='ltr'><strong>baec</strong></span> <span class='ocrx_word' id='word_1_144' title='bbox 1275 1637 1493 1716; x_wconf 89' lang='lat' dir='ltr'><strong>interpretatio,</strong></span> 
     </span>
     <span class='ocr_line' id='line_1_16' title="bbox 282 1719 1490 1800; baseline 0 -18"><span class='ocrx_word' id='word_1_145' title='bbox 282 1727 313 1782; x_wconf 90' lang='lat' dir='ltr'><strong>et</strong></span> <span class='ocrx_word' id='word_1_146' title='bbox 332 1721 417 1782; x_wconf 91' lang='lat' dir='ltr'><strong>tertia</strong></span> <span class='ocrx_word' id='word_1_147' title='bbox 439 1719 549 1798; x_wconf 91' lang='lat' dir='ltr'><strong>opinio,</strong></span> <span class='ocrx_word' id='word_1_148' title='bbox 567 1719 601 1780; x_wconf 85' lang='lat' dir='ltr'><strong>id</strong></span> <span class='ocrx_word' id='word_1_149' title='bbox 624 1721 727 1782; x_wconf 91' lang='lat' dir='ltr'><strong>saltem</strong></span> <span class='ocrx_word' id='word_1_150' title='bbox 747 1720 835 1782; x_wconf 90' lang='lat' dir='ltr'><strong>habet</strong></span> <span class='ocrx_word' id='word_1_151' title='bbox 856 1720 1011 1794; x_wconf 89' lang='lat' dir='ltr'><strong>commodi,</strong></span> <span class='ocrx_word' id='word_1_152' title='bbox 1043 1721 1123 1799; x_wconf 90' lang='lat' dir='ltr'><strong>qnod</strong></span> <span class='ocrx_word' id='word_1_153' title='bbox 1142 1720 1225 1782; x_wconf 90' lang='lat' dir='ltr'><strong>lacile</strong></span> <span class='ocrx_word' id='word_1_154' title='bbox 1247 1720 1328 1782; x_wconf 88' lang='lat' dir='ltr'><strong>tollat</strong></span> <span class='ocrx_word' id='word_1_155' title='bbox 1347 1720 1490 1800; x_wconf 49' lang='lat' dir='ltr'><strong>proposi*</strong></span> 
     </span>
     <span class='ocr_line' id='line_1_17' title="bbox 282 1804 1494 1884; baseline 0.001 -18"><span class='ocrx_word' id='word_1_156' title='bbox 282 1811 327 1866; x_wconf 88' lang='lat' dir='ltr'><strong>tas</strong></span> <span class='ocrx_word' id='word_1_157' title='bbox 349 1804 385 1866; x_wconf 89' lang='lat' dir='ltr'><strong>ab</strong></span> <span class='ocrx_word' id='word_1_158' title='bbox 408 1804 528 1866; x_wconf 90' lang='lat' dir='ltr'><strong>aliarum</strong></span> <span class='ocrx_word' id='word_1_159' title='bbox 551 1804 761 1866; x_wconf 90' lang='lat' dir='ltr'><strong>sententiarum</strong></span> <span class='ocrx_word' id='word_1_160' title='bbox 782 1805 914 1884; x_wconf 90' lang='lat' dir='ltr'><strong>patronis</strong></span> <span class='ocrx_word' id='word_1_161' title='bbox 936 1805 1122 1868; x_wconf 86' lang='lat' dir='ltr'><strong>difficultates·</strong></span> <span class='ocrx_word' id='word_1_162' title='bbox 1140 1814 1170 1867; x_wconf 88' lang='lat' dir='ltr'><strong>et</strong></span> <span class='ocrx_word' id='word_1_163' title='bbox 1189 1805 1337 1884; x_wconf 90' lang='lat' dir='ltr'><strong>ipsasmet</strong></span> <span class='ocrx_word' id='word_1_164' title='bbox 1356 1805 1494 1868; x_wconf 79' lang='lat' dir='ltr'><strong>diuersas</strong></span> 
     </span>
     <span class='ocr_line' id='line_1_18' title="bbox 282 1888 1493 1970; baseline -0.001 -19"><span class='ocrx_word' id='word_1_165' title='bbox 282 1888 444 1951; x_wconf 88' lang='lat' dir='ltr'><strong>sententias</strong></span> <span class='ocrx_word' id='word_1_166' title='bbox 465 1888 542 1950; x_wconf 91' lang='lat' dir='ltr'><strong>inter</strong></span> <span class='ocrx_word' id='word_1_167' title='bbox 563 1907 596 1950; x_wconf 90' lang='lat' dir='ltr'><strong>se</strong></span> <span class='ocrx_word' id='word_1_168' title='bbox 618 1889 760 1950; x_wconf 74' lang='lat' dir='ltr'><strong>conciliet.</strong></span> <span class='ocrx_word' id='word_1_169' title='bbox 795 1889 868 1952; x_wconf 87' lang='lat' dir='ltr'><strong>Nam</strong></span> <span class='ocrx_word' id='word_1_170' title='bbox 889 1888 958 1950; x_wconf 88' lang='lat' dir='ltr'><strong>bine</strong></span> <span class='ocrx_word' id='word_1_171' title='bbox 978 1889 1060 1952; x_wconf 82' lang='lat' dir='ltr'><strong>facile</strong></span> <span class='ocrx_word' id='word_1_172' title='bbox 1080 1889 1252 1970; x_wconf 76' lang='lat' dir='ltr'><strong>intelligitur</strong></span> <span class='ocrx_word' id='word_1_173' title='bbox 1273 1909 1325 1952; x_wconf 90' lang='lat' dir='ltr'><strong>cur</strong></span> <span class='ocrx_word' id='word_1_174' title='bbox 1346 1889 1493 1969; x_wconf 86' lang='lat' dir='ltr'><strong>quosdam</strong></span> 
     </span>
     <span class='ocr_line' id='line_1_19' title="bbox 281 1972 1493 2054; baseline 0.001 -21"><span class='ocrx_word' id='word_1_175' title='bbox 281 1973 432 2052; x_wconf 89' lang='lat' dir='ltr'><strong>praesides</strong></span> <span class='ocrx_word' id='word_1_176' title='bbox 454 1972 623 2051; x_wconf 88' lang='lat' dir='ltr'><strong>aliquando,</strong></span> <span class='ocrx_word' id='word_1_177' title='bbox 646 1973 720 2034; x_wconf 88' lang='lat' dir='ltr'><strong>alios</strong></span> <span class='ocrx_word' id='word_1_178' title='bbox 742 1991 811 2034; x_wconf 82' lang='lat' dir='ltr'><strong>vero</strong></span> <span class='ocrx_word' id='word_1_179' title='bbox 833 1991 1043 2052; x_wconf 87' lang='lat' dir='ltr'><strong>nonnunquam</strong></span> <span class='ocrx_word' id='word_1_180' title='bbox 1064 1974 1095 2036; x_wconf 95' lang='lat' dir='ltr'><strong>in</strong></span> <span class='ocrx_word' id='word_1_181' title='bbox 1115 1974 1173 2037; x_wconf 90' lang='lat' dir='ltr'><strong>hoc</strong></span> <span class='ocrx_word' id='word_1_182' title='bbox 1193 1974 1381 2054; x_wconf 81' lang='lat' dir='ltr'><strong>appellaverit</strong></span> <span class='ocrx_word' id='word_1_183' title='bbox 1401 1973 1493 2048; x_wconf 85' lang='lat' dir='ltr'><strong>libro,</strong></span> 
     </span>
     <span class='ocr_line' id='line_1_20' title="bbox 282 2056 1493 2140; baseline 0 -20"><span class='ocrx_word' id='word_1_184' title='bbox 282 2075 368 2136; x_wconf 90' lang='lat' dir='ltr'><strong>quem</strong></span> <span class='ocrx_word' id='word_1_185' title='bbox 400 2056 573 2134; x_wconf 79' lang='lat' dir='ltr'><strong>Cartbagine</strong></span> <span class='ocrx_word' id='word_1_186' title='bbox 605 2057 759 2120; x_wconf 84' lang='lat' dir='ltr'><strong>scribebat</strong></span> <span class='ocrx_word' id='word_1_187' title='bbox 804 2057 909 2119; x_wconf 87' lang='lat' dir='ltr'><strong>Omnia</strong></span> <span class='ocrx_word' id='word_1_188' title='bbox 936 2076 1027 2136; x_wconf 91' lang='lat' dir='ltr'><strong>porro</strong></span> <span class='ocrx_word' id='word_1_189' title='bbox 1059 2058 1148 2122; x_wconf 90' lang='lat' dir='ltr'><strong>trium</strong></span> <span class='ocrx_word' id='word_1_190' title='bbox 1180 2059 1295 2121; x_wconf 90' lang='lat' dir='ltr'><strong>illarum</strong></span> <span class='ocrx_word' id='word_1_191' title='bbox 1316 2058 1493 2140; x_wconf 90' lang='lat' dir='ltr'><strong>opinionum</strong></span> 
     </span>
     <span class='ocr_line' id='line_1_21' title="bbox 282 2141 1493 2222; baseline 0 -18"><span class='ocrx_word' id='word_1_192' title='bbox 282 2150 453 2221; x_wconf 74' lang='lat' dir='ltr'><strong>argumenta</strong></span> <span class='ocrx_word' id='word_1_193' title='bbox 479 2141 542 2204; x_wconf 90' lang='lat' dir='ltr'><strong>sive</strong></span> <span class='ocrx_word' id='word_1_194' title='bbox 569 2141 604 2202; x_wconf 92' lang='lat' dir='ltr'><strong>ab</strong></span> <span class='ocrx_word' id='word_1_195' title='bbox 627 2141 691 2204; x_wconf 92' lang='lat' dir='ltr'><strong>aliis</strong></span> <span class='ocrx_word' id='word_1_196' title='bbox 712 2142 880 2222; x_wconf 87' lang='lat' dir='ltr'><strong>proposita,</strong></span> <span class='ocrx_word' id='word_1_197' title='bbox 909 2141 970 2202; x_wconf 84' lang='lat' dir='ltr'><strong>sive</strong></span> <span class='ocrx_word' id='word_1_198' title='bbox 991 2161 1008 2204; x_wconf 95' lang='lat' dir='ltr'><strong>a</strong></span> <span class='ocrx_word' id='word_1_199' title='bbox 1028 2142 1115 2204; x_wconf 91' lang='lat' dir='ltr'><strong>nobis</strong></span> <span class='ocrx_word' id='word_1_200' title='bbox 1137 2144 1247 2206; x_wconf 87' lang='lat' dir='ltr'><strong>adiecta</strong></span> <span class='ocrx_word' id='word_1_201' title='bbox 1269 2145 1393 2206; x_wconf 90' lang='lat' dir='ltr'><strong>candido</strong></span> <span class='ocrx_word' id='word_1_202' title='bbox 1415 2144 1493 2206; x_wconf 88' lang='lat' dir='ltr'><strong>sim·</strong></span> 
     </span>
     <span class='ocr_line' id='line_1_22' title="bbox 281 2225 1493 2308; baseline 0.003 -22"><span class='ocrx_word' id='word_1_203' title='bbox 281 2225 407 2305; x_wconf 88' lang='lat' dir='ltr'><strong>pliciqoe</strong></span> <span class='ocrx_word' id='word_1_204' title='bbox 427 2243 511 2286; x_wconf 90' lang='lat' dir='ltr'><strong>more</strong></span> <span class='ocrx_word' id='word_1_205' title='bbox 532 2234 633 2288; x_wconf 90' lang='lat' dir='ltr'><strong>nostro</strong></span> <span class='ocrx_word' id='word_1_206' title='bbox 656 2226 859 2306; x_wconf 84' lang='lat' dir='ltr'><strong>exposuimus,</strong></span> <span class='ocrx_word' id='word_1_207' title='bbox 887 2233 920 2288; x_wconf 90' lang='lat' dir='ltr'><strong>ut</strong></span> <span class='ocrx_word' id='word_1_208' title='bbox 940 2245 1014 2306; x_wconf 91' lang='lat' dir='ltr'><strong>qnae</strong></span> <span class='ocrx_word' id='word_1_209' title='bbox 1045 2227 1164 2290; x_wconf 89' lang='lat' dir='ltr'><strong>maioris</strong></span> <span class='ocrx_word' id='word_1_210' title='bbox 1193 2247 1227 2290; x_wconf 90' lang='lat' dir='ltr'><strong>ac</strong></span> <span class='ocrx_word' id='word_1_211' title='bbox 1247 2228 1388 2308; x_wconf 73' lang='lat' dir='ltr'><strong>gravione</strong></span> <span class='ocrx_word' id='word_1_212' title='bbox 1410 2247 1493 2308; x_wconf 90' lang='lat' dir='ltr'><strong>pon-</strong></span> 
     </span>
     <span class='ocr_line' id='line_1_23' title="bbox 282 2310 1498 2392; baseline 0.002 -20"><span class='ocrx_word' id='word_1_213' title='bbox 282 2311 362 2372; x_wconf 90' lang='lat' dir='ltr'><strong>deris</strong></span> <span class='ocrx_word' id='word_1_214' title='bbox 391 2310 467 2383; x_wconf 92' lang='lat' dir='ltr'><strong>sint,</strong></span> <span class='ocrx_word' id='word_1_215' title='bbox 509 2329 611 2372; x_wconf 88' lang='lat' dir='ltr'><strong>omnes</strong></span> <span class='ocrx_word' id='word_1_216' title='bbox 640 2311 723 2373; x_wconf 87' lang='lat' dir='ltr'><strong>lacile</strong></span> <span class='ocrx_word' id='word_1_217' title='bbox 750 2321 910 2391; x_wconf 79' lang='lat' dir='ltr'><strong>agnoscant</strong></span> <span class='ocrx_word' id='word_1_218' title='bbox 941 2330 976 2373; x_wconf 92' lang='lat' dir='ltr'><strong>ac</strong></span> <span class='ocrx_word' id='word_1_219' title='bbox 1008 2329 1094 2392; x_wconf 66' lang='lat' dir='ltr'><strong>marn</strong></span> <span class='ocrx_word' id='word_1_220' title='bbox 1125 2315 1270 2376; x_wconf 87' lang='lat' dir='ltr'><strong>veriorem</strong></span> <span class='ocrx_word' id='word_1_221' title='bbox 1300 2313 1498 2376; x_wconf 86' lang='lat' dir='ltr'><strong>iudicaverint</strong></span> 
     </span>
     <span class='ocr_line' id='line_1_24' title="bbox 283 2395 694 2475; baseline -0.002 -18"><span class='ocrx_word' id='word_1_222' title='bbox 283 2395 454 2475; x_wconf 87' lang='lat' dir='ltr'><strong>opinionem</strong></span> <span class='ocrx_word' id='word_1_223' title='bbox 475 2396 694 2473; x_wconf 85' lang='lat' dir='ltr'><strong>amplectantur.</strong></span> 
     </span>
    </p>
   </div>
   <div class='ocr_carea' id='block_1_5' title="bbox 772 2615 995 2666">
    <p class='ocr_par' dir='ltr' id='par_1_5' title="bbox 772 2615 995 2666">
     <span class='ocr_line' id='line_1_25' title="bbox 772 2615 995 2666; baseline 0.004 -2"><span class='ocrx_word' id='word_1_224' title='bbox 772 2615 938 2666; x_wconf 75' lang='lat' dir='ltr'><strong>sustentus</strong></span> <span class='ocrx_word' id='word_1_225' title='bbox 955 2615 995 2665; x_wconf 93' lang='lat' dir='ltr'><strong>lll.</strong></span> 
     </span>
    </p>
   </div>
   <div class='ocr_carea' id='block_1_6' title="bbox 282 2717 1496 2841">
    <p class='ocr_par' dir='ltr' id='par_1_6' title="bbox 282 2717 1496 2841">
     <span class='ocr_line' id='line_1_26' title="bbox 282 2717 1496 2776; baseline 0.002 -14"><span class='ocrx_word' id='word_1_226' title='bbox 282 2717 358 2762; x_wconf 88' lang='lat' dir='ltr'><strong>Utrum</strong></span> <span class='ocrx_word' id='word_1_227' title='bbox 377 2717 523 2762; x_wconf 85' lang='lat' dir='ltr'><strong>Tertullianus</strong></span> <span class='ocrx_word' id='word_1_228' title='bbox 547 2718 598 2762; x_wconf 89' lang='lat' dir='ltr'><strong>huie</strong></span> <span class='ocrx_word' id='word_1_229' title='bbox 615 2717 756 2772; x_wconf 77' lang='lat' dir='ltr'><strong>Apologetieo</strong></span> <span class='ocrx_word' id='word_1_230' title='bbox 779 2729 859 2762; x_wconf 89' lang='lat' dir='ltr'><strong>nomen</strong></span> <span class='ocrx_word' id='word_1_231' title='bbox 877 2720 1012 2774; x_wconf 88' lang='lat' dir='ltr'><strong>inscripserit</strong></span> <span class='ocrx_word' id='word_1_232' title='bbox 1029 2732 1107 2770; x_wconf 68' lang='lat' dir='ltr'><strong>snrrma</strong></span> <span class='ocrx_word' id='word_1_233' title='bbox 1132 2720 1158 2764; x_wconf 88' lang='lat' dir='ltr'><strong>de</strong></span> <span class='ocrx_word' id='word_1_234' title='bbox 1176 2721 1236 2766; x_wconf 87' lang='lat' dir='ltr'><strong>illius</strong></span> <span class='ocrx_word' id='word_1_235' title='bbox 1253 2722 1330 2776; x_wconf 86' lang='lat' dir='ltr'><strong>titulo,</strong></span> <span class='ocrx_word' id='word_1_236' title='bbox 1354 2726 1496 2776; x_wconf 72' lang='lat' dir='ltr'><strong>argumento,</strong></span> 
     </span>
     <span class='ocr_line' id='line_1_27' title="bbox 611 2785 1152 2841; baseline 0.011 -14"><span class='ocrx_word' id='word_1_237' title='bbox 611 2785 632 2828; x_wconf 90' lang='lat' dir='ltr'><strong>ln</strong></span> <span class='ocrx_word' id='word_1_238' title='bbox 652 2787 722 2841; x_wconf 86' lang='lat' dir='ltr'><strong>capita</strong></span> <span class='ocrx_word' id='word_1_239' title='bbox 740 2785 844 2830; x_wconf 71' lang='lat' dir='ltr'><strong>diuisione</strong></span> <span class='ocrx_word' id='word_1_240' title='bbox 863 2787 1001 2841; x_wconf 85' lang='lat' dir='ltr'><strong>capitumque</strong></span> <span class='ocrx_word' id='word_1_241' title='bbox 1020 2788 1152 2833; x_wconf 85' lang='lat' dir='ltr'><strong>summariis.</strong></span> 
     </span>
    </p>
   </div>
   <div class='ocr_carea' id='block_1_7' title="bbox 256 2901 1500 4592">
    <p class='ocr_par' dir='ltr' id='par_1_7' title="bbox 256 2901 1500 4312">
     <span class='ocr_line' id='line_1_28' title="bbox 367 2901 1498 2984; baseline 0.004 -21"><span class='ocrx_word' id='word_1_242' title='bbox 367 2901 521 2980; x_wconf 87' lang='lat' dir='ltr'><strong>Disputaut</strong></span> <span class='ocrx_word' id='word_1_243' title='bbox 542 2901 646 2964; x_wconf 90' lang='lat' dir='ltr'><strong>eruditi</strong></span> <span class='ocrx_word' id='word_1_244' title='bbox 669 2911 789 2964; x_wconf 88' lang='lat' dir='ltr'><strong>nostrae</strong></span> <span class='ocrx_word' id='word_1_245' title='bbox 810 2903 912 2966; x_wconf 86' lang='lat' dir='ltr'><strong>aetatis</strong></span> <span class='ocrx_word' id='word_1_246' title='bbox 925 2903 1096 2984; x_wconf 87' lang='lat' dir='ltr'><strong>scriptores,</strong></span> <span class='ocrx_word' id='word_1_247' title='bbox 1108 2913 1205 2968; x_wconf 87' lang='lat' dir='ltr'><strong>utrum</strong></span> <span class='ocrx_word' id='word_1_248' title='bbox 1216 2906 1412 2968; x_wconf 67' lang='lat' dir='ltr'><strong>Tertullianus</strong></span> <span class='ocrx_word' id='word_1_249' title='bbox 1424 2905 1498 2968; x_wconf 86' lang='lat' dir='ltr'><strong>huie</strong></span> 
     </span>
     <span class='ocr_line' id='line_1_29' title="bbox 282 2985 1499 3069; baseline 0.002 -21"><span class='ocrx_word' id='word_1_250' title='bbox 282 2985 358 3048; x_wconf 89' lang='lat' dir='ltr'><strong>libro</strong></span> <span class='ocrx_word' id='word_1_251' title='bbox 386 3005 495 3048; x_wconf 87' lang='lat' dir='ltr'><strong>nomen</strong></span> <span class='ocrx_word' id='word_1_252' title='bbox 523 3005 609 3048; x_wconf 90' lang='lat' dir='ltr'><strong>suum</strong></span> <span class='ocrx_word' id='word_1_253' title='bbox 636 2988 811 3066; x_wconf 83' lang='lat' dir='ltr'><strong>praefixerit.</strong></span> <span class='ocrx_word' id='word_1_254' title='bbox 854 2988 1046 3052; x_wconf 82' lang='lat' dir='ltr'><strong>verisimilius</strong></span> <span class='ocrx_word' id='word_1_255' title='bbox 1074 2991 1152 3053; x_wconf 89' lang='lat' dir='ltr'><strong>enirn</strong></span> <span class='ocrx_word' id='word_1_256' title='bbox 1184 2991 1356 3069; x_wconf 89' lang='lat' dir='ltr'><strong>quibusdam</strong></span> <span class='ocrx_word' id='word_1_257' title='bbox 1377 2990 1499 3052; x_wconf 82' lang='lat' dir='ltr'><strong>videbar</strong></span> 
     </span>
     <span class='ocr_line' id='line_1_30' title="bbox 283 3070 1496 3155; baseline 0.002 -23"><span class='ocrx_word' id='word_1_258' title='bbox 283 3070 354 3132; x_wconf 90' lang='lat' dir='ltr'><strong>illud</strong></span> <span class='ocrx_word' id='word_1_259' title='bbox 379 3070 416 3132; x_wconf 90' lang='lat' dir='ltr'><strong>ab</strong></span> <span class='ocrx_word' id='word_1_260' title='bbox 438 3089 472 3132; x_wconf 92' lang='lat' dir='ltr'><strong>eo</strong></span> <span class='ocrx_word' id='word_1_261' title='bbox 495 3089 714 3150; x_wconf 78' lang='lat' dir='ltr'><strong>compressnm3</strong></span> <span class='ocrx_word' id='word_1_262' title='bbox 735 3073 967 3152; x_wconf 89' lang='lat' dir='ltr'><strong>qnandoquidem</strong></span> <span class='ocrx_word' id='word_1_263' title='bbox 996 3073 1031 3134; x_wconf 91' lang='lat' dir='ltr'><strong>ab</strong></span> <span class='ocrx_word' id='word_1_264' title='bbox 1054 3074 1117 3136; x_wconf 93' lang='lat' dir='ltr'><strong>eius</strong></span> <span class='ocrx_word' id='word_1_265' title='bbox 1139 3076 1259 3137; x_wconf 85' lang='lat' dir='ltr'><strong>exordio</strong></span> <span class='ocrx_word' id='word_1_266' title='bbox 1280 3075 1374 3155; x_wconf 90' lang='lat' dir='ltr'><strong>palam</strong></span> <span class='ocrx_word' id='word_1_267' title='bbox 1394 3093 1496 3152; x_wconf 85' lang='lat' dir='ltr'><strong>expo-</strong></span> 
     </span>
     <span class='ocr_line' id='line_1_31' title="bbox 285 3153 1496 3238; baseline 0.003 -23"><span class='ocrx_word' id='word_1_268' title='bbox 285 3155 374 3215; x_wconf 88' lang='lat' dir='ltr'><strong>stulat</strong></span> <span class='ocrx_word' id='word_1_269' title='bbox 395 3153 451 3216; x_wconf 90' lang='lat' dir='ltr'><strong>sibi</strong></span> <span class='ocrx_word' id='word_1_270' title='bbox 472 3155 595 3234; x_wconf 86' lang='lat' dir='ltr'><strong>aliisque</strong></span> <span class='ocrx_word' id='word_1_271' title='bbox 616 3155 788 3218; x_wconf 83' lang='lat' dir='ltr'><strong>Christianis</strong></span> <span class='ocrx_word' id='word_1_272' title='bbox 810 3157 941 3236; x_wconf 89' lang='lat' dir='ltr'><strong>publicae</strong></span> <span class='ocrx_word' id='word_1_273' title='bbox 962 3158 1142 3220; x_wconf 80' lang='lat' dir='ltr'><strong>defensionis</strong></span> <span class='ocrx_word' id='word_1_274' title='bbox 1157 3159 1233 3222; x_wconf 82' lang='lat' dir='ltr'><strong>viam</strong></span> <span class='ocrx_word' id='word_1_275' title='bbox 1243 3158 1397 3238; x_wconf 87' lang='lat' dir='ltr'><strong>praecludi.</strong></span> <span class='ocrx_word' id='word_1_276' title='bbox 1426 3159 1496 3220; x_wconf 90' lang='lat' dir='ltr'><strong>To-</strong></span> 
     </span>
     <span class='ocr_line' id='line_1_32' title="bbox 282 3237 1495 3325; baseline 0.006 -27"><span class='ocrx_word' id='word_1_277' title='bbox 282 3237 374 3298; x_wconf 90' lang='lat' dir='ltr'><strong>tidem</strong></span> <span class='ocrx_word' id='word_1_278' title='bbox 394 3239 502 3318; x_wconf 91' lang='lat' dir='ltr'><strong>quippe</strong></span> <span class='ocrx_word' id='word_1_279' title='bbox 523 3239 596 3300; x_wconf 88' lang='lat' dir='ltr'><strong>haec</strong></span> <span class='ocrx_word' id='word_1_280' title='bbox 616 3250 685 3302; x_wconf 88' lang='lat' dir='ltr'><strong>sunt</strong></span> <span class='ocrx_word' id='word_1_281' title='bbox 704 3240 782 3302; x_wconf 91' lang='lat' dir='ltr'><strong>illius</strong></span> <span class='ocrx_word' id='word_1_282' title='bbox 794 3241 895 3304; x_wconf 90' lang='lat' dir='ltr'><strong>verba:</strong></span> <span class='ocrx_word' id='word_1_283' title='bbox 918 3242 953 3305; x_wconf 88' lang='lat' dir='ltr'><strong>Si</strong></span> <span class='ocrx_word' id='word_1_284' title='bbox 972 3243 1104 3325; x_wconf 76' lang='lat' dir='ltr'><strong>denique,</strong></span> <span class='ocrx_word' id='word_1_285' title='bbox 1126 3246 1204 3324; x_wconf 86' lang='lat' dir='ltr'><strong>quod</strong></span> <span class='ocrx_word' id='word_1_286' title='bbox 1221 3250 1361 3325; x_wconf 73' lang='lat' dir='ltr'><strong>proscisso</strong></span> <span class='ocrx_word' id='word_1_287' title='bbox 1375 3245 1495 3314; x_wconf 76' lang='lat' dir='ltr'><strong>oceidit,</strong></span> 
     </span>
     <span class='ocr_line' id='line_1_33' title="bbox 285 3323 1496 3404; baseline 0.002 -19"><span class='ocrx_word' id='word_1_288' title='bbox 285 3323 452 3385; x_wconf 79' lang='lat' dir='ltr'><strong>domesticis</strong></span> <span class='ocrx_word' id='word_1_289' title='bbox 474 3324 591 3386; x_wconf 75' lang='lat' dir='ltr'><strong>iudiciis</strong></span> <span class='ocrx_word' id='word_1_290' title='bbox 621 3325 823 3404; x_wconf 87' lang='lat' dir='ltr'><strong>(manuscripti</strong></span> <span class='ocrx_word' id='word_1_291' title='bbox 851 3326 943 3388; x_wconf 86' lang='lat' dir='ltr'><strong>nostri</strong></span> <span class='ocrx_word' id='word_1_292' title='bbox 973 3335 1002 3389; x_wconf 92' lang='lat' dir='ltr'><strong>et</strong></span> <span class='ocrx_word' id='word_1_293' title='bbox 1023 3327 1151 3390; x_wconf 89' lang='lat' dir='ltr'><strong>melioris</strong></span> <span class='ocrx_word' id='word_1_294' title='bbox 1174 3338 1261 3391; x_wconf 88' lang='lat' dir='ltr'><strong>uotae</strong></span> <span class='ocrx_word' id='word_1_295' title='bbox 1284 3329 1400 3392; x_wconf 88' lang='lat' dir='ltr'><strong>codices</strong></span> <span class='ocrx_word' id='word_1_296' title='bbox 1423 3327 1496 3390; x_wconf 88' lang='lat' dir='ltr'><strong>editi</strong></span> 
     </span>
     <span class='ocr_line' id='line_1_34' title="bbox 283 3404 1500 3493; baseline 0.005 -25"><span class='ocrx_word' id='word_1_297' title='bbox 283 3404 416 3482; x_wconf 77' lang='lat' dir='ltr'><strong>iudiciis)</strong></span> <span class='ocrx_word' id='word_1_298' title='bbox 449 3410 537 3468; x_wconf 78' lang='lat' dir='ltr'><strong>asiais</strong></span> <span class='ocrx_word' id='word_1_299' title='bbox 574 3418 697 3487; x_wconf 82' lang='lat' dir='ltr'><strong>operato</strong></span> <span class='ocrx_word' id='word_1_300' title='bbox 728 3410 882 3489; x_wconf 77' lang='lat' dir='ltr'><strong>infestatio</strong></span> <span class='ocrx_word' id='word_1_301' title='bbox 913 3423 1010 3474; x_wconf 86' lang='lat' dir='ltr'><strong>sectae</strong></span> <span class='ocrx_word' id='word_1_302' title='bbox 1042 3412 1129 3476; x_wconf 82' lang='lat' dir='ltr'><strong>buius</strong></span> <span class='ocrx_word' id='word_1_303' title='bbox 1163 3413 1293 3477; x_wconf 83' lang='lat' dir='ltr'><strong>obstruit</strong></span> <span class='ocrx_word' id='word_1_304' title='bbox 1325 3414 1500 3493; x_wconf 75' lang='lat' dir='ltr'><strong>defensioue·</strong></span> 
     </span>
     <span class='ocr_line' id='line_1_35' title="bbox 285 3489 1495 3576; baseline 0.007 -25"><span class='ocrx_word' id='word_1_305' title='bbox 285 3489 328 3564; x_wconf 86' lang='lat' dir='ltr'><strong>(in</strong></span> <span class='ocrx_word' id='word_1_306' title='bbox 350 3489 523 3568; x_wconf 90' lang='lat' dir='ltr'><strong>quibusdam</strong></span> <span class='ocrx_word' id='word_1_307' title='bbox 545 3491 631 3554; x_wconf 90' lang='lat' dir='ltr'><strong>editis</strong></span> <span class='ocrx_word' id='word_1_308' title='bbox 653 3493 790 3556; x_wconf 88' lang='lat' dir='ltr'><strong>additum</strong></span> <span class='ocrx_word' id='word_1_309' title='bbox 806 3495 936 3558; x_wconf 79' lang='lat' dir='ltr'><strong>obstruit</strong></span> <span class='ocrx_word' id='word_1_310' title='bbox 962 3495 1071 3576; x_wconf 77' lang='lat' dir='ltr'><strong>eiam),</strong></span> <span class='ocrx_word' id='word_1_311' title='bbox 1102 3497 1189 3560; x_wconf 82' lang='lat' dir='ltr'><strong>liceat</strong></span> <span class='ocrx_word' id='word_1_312' title='bbox 1220 3503 1346 3561; x_wconf 77' lang='lat' dir='ltr'><strong>ceritati</strong></span> <span class='ocrx_word' id='word_1_313' title='bbox 1370 3497 1420 3559; x_wconf 87' lang='lat' dir='ltr'><strong>oel</strong></span> <span class='ocrx_word' id='word_1_314' title='bbox 1442 3517 1495 3560; x_wconf 88' lang='lat' dir='ltr'><strong>oc·</strong></span> 
     </span>
     <span class='ocr_line' id='line_1_36' title="bbox 256 3574 1497 3666; baseline 0.006 -30"><span class='ocrx_word' id='word_1_315' title='bbox 256 3653 261 3666; x_wconf 34' lang='lat'>¹</span> <span class='ocrx_word' id='word_1_316' title='bbox 286 3574 368 3638; x_wconf 83' lang='lat' dir='ltr'><strong>culto</strong></span> <span class='ocrx_word' id='word_1_317' title='bbox 394 3579 443 3639; x_wconf 78' lang='lat' dir='ltr'><strong>vio</strong></span> <span class='ocrx_word' id='word_1_318' title='bbox 470 3579 630 3639; x_wconf 78' lang='lat' dir='ltr'><strong>tacitorum</strong></span> <span class='ocrx_word' id='word_1_319' title='bbox 658 3577 832 3642; x_wconf 81' lang='lat' dir='ltr'><strong>litterarum</strong></span> <span class='ocrx_word' id='word_1_320' title='bbox 853 3581 892 3642; x_wconf 89' lang='lat' dir='ltr'><strong>od</strong></span> <span class='ocrx_word' id='word_1_321' title='bbox 913 3597 1003 3643; x_wconf 83' lang='lat' dir='ltr'><strong>ouras</strong></span> <span class='ocrx_word' id='word_1_322' title='bbox 1027 3592 1146 3644; x_wconf 84' lang='lat' dir='ltr'><strong>cestros</strong></span> <span class='ocrx_word' id='word_1_323' title='bbox 1164 3587 1325 3662; x_wconf 79' lang='lat' dir='ltr'><strong>pervenire</strong></span> <span class='ocrx_word' id='word_1_324' title='bbox 1358 3581 1497 3658; x_wconf 88' lang='lat' dir='ltr'><strong>(Tertull.</strong></span> 
     </span>
     <span class='ocr_line' id='line_1_37' title="bbox 284 3659 1494 3742; baseline 0.002 -17"><span class='ocrx_word' id='word_1_325' title='bbox 284 3659 406 3738; x_wconf 76' lang='lat' dir='ltr'><strong>Apolog.</strong></span> <span class='ocrx_word' id='word_1_326' title='bbox 445 3679 507 3740; x_wconf 90' lang='lat' dir='ltr'><strong>cap.</strong></span> <span class='ocrx_word' id='word_1_327' title='bbox 543 3665 594 3738; x_wconf 86' lang='grc'><strong>1.).</strong></span> <span class='ocrx_word' id='word_1_328' title='bbox 655 3662 685 3723; x_wconf 89' lang='lat' dir='ltr'><strong>Si</strong></span> <span class='ocrx_word' id='word_1_329' title='bbox 723 3681 793 3742; x_wconf 79' lang='lat' dir='ltr'><strong>ergo</strong></span> <span class='ocrx_word' id='word_1_330' title='bbox 832 3663 1003 3727; x_wconf 86' lang='lat' dir='ltr'><strong>Christianis</strong></span> <span class='ocrx_word' id='word_1_331' title='bbox 1040 3684 1102 3727; x_wconf 91' lang='lat' dir='ltr'><strong>non</strong></span> <span class='ocrx_word' id='word_1_332' title='bbox 1132 3665 1223 3729; x_wconf 83' lang='lat' dir='ltr'><strong>licuit</strong></span> <span class='ocrx_word' id='word_1_333' title='bbox 1255 3687 1372 3730; x_wconf 87' lang='lat' dir='ltr'><strong>causam</strong></span> <span class='ocrx_word' id='word_1_334' title='bbox 1408 3686 1494 3730; x_wconf 90' lang='lat' dir='ltr'><strong>suam</strong></span> 
     </span>
     <span class='ocr_line' id='line_1_38' title="bbox 284 3743 1496 3829; baseline 0.007 -23"><span class='ocrx_word' id='word_1_335' title='bbox 284 3743 400 3824; x_wconf 88' lang='lat' dir='ltr'><strong>publice</strong></span> <span class='ocrx_word' id='word_1_336' title='bbox 435 3763 469 3806; x_wconf 93' lang='lat' dir='ltr'><strong>ac</strong></span> <span class='ocrx_word' id='word_1_337' title='bbox 504 3763 603 3808; x_wconf 90' lang='lat' dir='ltr'><strong>coram</strong></span> <span class='ocrx_word' id='word_1_338' title='bbox 638 3746 781 3810; x_wconf 91' lang='lat' dir='ltr'><strong>iudicibus</strong></span> <span class='ocrx_word' id='word_1_339' title='bbox 817 3749 982 3822; x_wconf 81' lang='lat' dir='ltr'><strong>defendere,</strong></span> <span class='ocrx_word' id='word_1_340' title='bbox 1019 3758 1126 3829; x_wconf 89' lang='lat' dir='ltr'><strong>quanto</strong></span> <span class='ocrx_word' id='word_1_341' title='bbox 1163 3751 1261 3813; x_wconf 89' lang='lat' dir='ltr'><strong>minus</strong></span> <span class='ocrx_word' id='word_1_342' title='bbox 1298 3751 1496 3826; x_wconf 80' lang='lat' dir='ltr'><strong>Tertulliano,</strong></span> 
     </span>
     <span class='ocr_line' id='line_1_39' title="bbox 285 3829 1495 3914; baseline 0.004 -22"><span class='ocrx_word' id='word_1_343' title='bbox 285 3837 345 3892; x_wconf 73' lang='lat' dir='ltr'><strong>mm</strong></span> <span class='ocrx_word' id='word_1_344' title='bbox 377 3829 482 3892; x_wconf 89' lang='lat' dir='ltr'><strong>acriter</strong></span> <span class='ocrx_word' id='word_1_345' title='bbox 514 3829 666 3909; x_wconf 77' lang='lat' dir='ltr'><strong>gentilium</strong></span> <span class='ocrx_word' id='word_1_346' title='bbox 699 3850 816 3894; x_wconf 86' lang='lat' dir='ltr'><strong>errores</strong></span> <span class='ocrx_word' id='word_1_347' title='bbox 848 3834 1047 3914; x_wconf 80' lang='lat' dir='ltr'><strong>impugnanti,</strong></span> <span class='ocrx_word' id='word_1_348' title='bbox 1080 3853 1117 3896; x_wconf 91' lang='lat' dir='ltr'><strong>ne</strong></span> <span class='ocrx_word' id='word_1_349' title='bbox 1145 3835 1260 3914; x_wconf 92' lang='lat' dir='ltr'><strong>prolato</strong></span> <span class='ocrx_word' id='word_1_350' title='bbox 1283 3856 1338 3899; x_wconf 90' lang='lat' dir='ltr'><strong>suo</strong></span> <span class='ocrx_word' id='word_1_351' title='bbox 1360 3837 1495 3908; x_wconf 89' lang='lat' dir='ltr'><strong>nomine,</strong></span> 
     </span>
     <span class='ocr_line' id='line_1_40' title="bbox 283 3914 1495 3996; baseline 0.005 -20"><span class='ocrx_word' id='word_1_352' title='bbox 283 3921 372 3993; x_wconf 82' lang='lat' dir='ltr'><strong>capnt</strong></span> <span class='ocrx_word' id='word_1_353' title='bbox 402 3921 481 3976; x_wconf 90' lang='lat' dir='ltr'><strong>certo</strong></span> <span class='ocrx_word' id='word_1_354' title='bbox 514 3923 543 3978; x_wconf 92' lang='lat' dir='ltr'><strong>et</strong></span> <span class='ocrx_word' id='word_1_355' title='bbox 574 3914 731 3978; x_wconf 90' lang='lat' dir='ltr'><strong>inevitabili</strong></span> <span class='ocrx_word' id='word_1_356' title='bbox 763 3917 891 3996; x_wconf 90' lang='lat' dir='ltr'><strong>periculo</strong></span> <span class='ocrx_word' id='word_1_357' title='bbox 920 3928 1030 3982; x_wconf 89' lang='lat' dir='ltr'><strong>temere</strong></span> <span class='ocrx_word' id='word_1_358' title='bbox 1057 3918 1199 3982; x_wconf 83' lang='lat' dir='ltr'><strong>offerret?</strong></span> <span class='ocrx_word' id='word_1_359' title='bbox 1242 3921 1316 3982; x_wconf 89' lang='lat' dir='ltr'><strong>Tum</strong></span> <span class='ocrx_word' id='word_1_360' title='bbox 1343 3921 1425 3983; x_wconf 87' lang='lat' dir='ltr'><strong>enirn</strong></span> <span class='ocrx_word' id='word_1_361' title='bbox 1446 3921 1495 3982; x_wconf 93' lang='lat' dir='ltr'><strong>ille</strong></span> 
     </span>
     <span class='ocr_line' id='line_1_41' title="bbox 285 3997 1496 4081; baseline 0.007 -23"><span class='ocrx_word' id='word_1_362' title='bbox 285 3997 417 4060; x_wconf 86' lang='lat' dir='ltr'><strong>nondum</strong></span> <span class='ocrx_word' id='word_1_363' title='bbox 449 3999 609 4079; x_wconf 89' lang='lat' dir='ltr'><strong>superbum</strong></span> <span class='ocrx_word' id='word_1_364' title='bbox 640 4001 880 4081; x_wconf 89' lang='lat' dir='ltr'><strong>audacioremque</strong></span> <span class='ocrx_word' id='word_1_365' title='bbox 911 4003 1152 4068; x_wconf 82' lang='lat' dir='ltr'><strong>Montanistarnm</strong></span> <span class='ocrx_word' id='word_1_366' title='bbox 1184 4006 1312 4068; x_wconf 89' lang='lat' dir='ltr'><strong>animnm</strong></span> <span class='ocrx_word' id='word_1_367' title='bbox 1347 4005 1496 4080; x_wconf 86' lang='lat' dir='ltr'><strong>induerat,</strong></span> 
     </span>
     <span class='ocr_line' id='line_1_42' title="bbox 286 4081 1493 4169; baseline 0.007 -26"><span class='ocrx_word' id='word_1_368' title='bbox 286 4081 339 4144; x_wconf 92' lang='lat' dir='ltr'><strong>sed</strong></span> <span class='ocrx_word' id='word_1_369' title='bbox 361 4082 518 4146; x_wconf 86' lang='lat' dir='ltr'><strong>catholicae</strong></span> <span class='ocrx_word' id='word_1_370' title='bbox 531 4083 677 4148; x_wconf 87' lang='lat' dir='ltr'><strong>Ecclesiae</strong></span> <span class='ocrx_word' id='word_1_371' title='bbox 693 4085 942 4166; x_wconf 86' lang='lat' dir='ltr'><strong>obtemperantem</strong></span> <span class='ocrx_word' id='word_1_372' title='bbox 955 4089 1129 4168; x_wconf 88' lang='lat' dir='ltr'><strong>praeceptis,</strong></span> <span class='ocrx_word' id='word_1_373' title='bbox 1151 4089 1257 4169; x_wconf 91' lang='lat' dir='ltr'><strong>quibus</strong></span> <span class='ocrx_word' id='word_1_374' title='bbox 1272 4090 1391 4154; x_wconf 88' lang='lat' dir='ltr'><strong>cuilibet</strong></span> <span class='ocrx_word' id='word_1_375' title='bbox 1406 4090 1493 4152; x_wconf 85' lang='lat' dir='ltr'><strong>Clari-</strong></span> 
     </span>
     <span class='ocr_line' id='line_1_43' title="bbox 287 4165 1495 4312; baseline 0.007 -85"><span class='ocrx_word' id='word_1_376' title='bbox 287 4165 383 4312; x_wconf 52' lang='lat' dir='ltr'><strong>“iffi</strong></span> <span class='ocrx_word' id='word_1_377' title='bbox 404 4167 561 4231; x_wconf 91' lang='lat' dir='ltr'><strong>horrendis</strong></span> <span class='ocrx_word' id='word_1_378' title='bbox 584 4170 759 4234; x_wconf 89' lang='lat' dir='ltr'><strong>cruciatibus</strong></span> <span class='ocrx_word' id='word_1_379' title='bbox 787 4191 821 4234; x_wconf 93' lang='lat' dir='ltr'><strong>ac</strong></span> <span class='ocrx_word' id='word_1_380' title='bbox 840 4173 928 4234; x_wconf 89' lang='lat' dir='ltr'><strong>morti</strong></span> <span class='ocrx_word' id='word_1_381' title='bbox 950 4173 1170 4236; x_wconf 87' lang='lat' dir='ltr'><strong>crudelissimae</strong></span> <span class='ocrx_word' id='word_1_382' title='bbox 1190 4175 1267 4237; x_wconf 83' lang='lat' dir='ltr'><strong>rdtro</strong></span> <span class='ocrx_word' id='word_1_383' title='bbox 1290 4193 1324 4238; x_wconf 88' lang='lat' dir='ltr'><strong>se</strong></span> <span class='ocrx_word' id='word_1_384' title='bbox 1345 4193 1495 4255; x_wconf 83' lang='lat' dir='ltr'><strong>exponere</strong></span> 
     </span>
     <span class='ocr_line' id='line_1_44' title="bbox 285 4256 447 4312; baseline 0.019 -3"><span class='ocrx_word' id='word_1_385' title='bbox 285 4268 322 4310; x_wconf 84' lang='lat' dir='ltr'><strong>ve</strong></span> <span class='ocrx_word' id='word_1_386' title='bbox 372 4256 447 4312; x_wconf 88' lang='lat' dir='ltr'><strong>atur.</strong></span> 
     </span>
    </p>

    <p class='ocr_par' dir='ltr' id='par_1_8' title="bbox 286 4333 1494 4592">
     <span class='ocr_line' id='line_1_45' title="bbox 373 4333 1494 4424; baseline 0.011 -29"><span class='ocrx_word' id='word_1_387' title='bbox 373 4333 449 4407; x_wconf 84' lang='lat' dir='ltr'><strong>Quid</strong></span> <span class='ocrx_word' id='word_1_388' title='bbox 471 4355 556 4411; x_wconf 83' lang='lat' dir='ltr'><strong>vero,</strong></span> <span class='ocrx_word' id='word_1_389' title='bbox 578 4338 713 4420; x_wconf 88' lang='lat' dir='ltr'><strong>inquiunt</strong></span> <span class='ocrx_word' id='word_1_390' title='bbox 732 4339 796 4415; x_wconf 91' lang='lat' dir='ltr'><strong>alii,</strong></span> <span class='ocrx_word' id='word_1_391' title='bbox 818 4341 844 4404; x_wconf 91' lang='lat' dir='ltr'><strong>si</strong></span> <span class='ocrx_word' id='word_1_392' title='bbox 864 4341 994 4420; x_wconf 82' lang='lat' dir='ltr'><strong>martyrii</strong></span> <span class='ocrx_word' id='word_1_393' title='bbox 1016 4342 1162 4407; x_wconf 90' lang='lat' dir='ltr'><strong>desiderio</strong></span> <span class='ocrx_word' id='word_1_394' title='bbox 1195 4344 1390 4406; x_wconf 83' lang='lat' dir='ltr'><strong>inflammatus</strong></span> <span class='ocrx_word' id='word_1_395' title='bbox 1418 4363 1494 4424; x_wconf 90' lang='lat' dir='ltr'><strong>snp-</strong></span> 
     </span>
     <span class='ocr_line' id='line_1_46' title="bbox 286 4417 1494 4508; baseline 0.011 -30"><span class='ocrx_word' id='word_1_396' title='bbox 286 4417 374 4497; x_wconf 89' lang='lat' dir='ltr'><strong>plicia</strong></span> <span class='ocrx_word' id='word_1_397' title='bbox 393 4429 572 4500; x_wconf 90' lang='lat' dir='ltr'><strong>mortemqae</strong></span> <span class='ocrx_word' id='word_1_398' title='bbox 591 4442 647 4502; x_wconf 91' lang='lat' dir='ltr'><strong>pro</strong></span> <span class='ocrx_word' id='word_1_399' title='bbox 670 4424 778 4486; x_wconf 87' lang='lat' dir='ltr'><strong>Cbristi</strong></span> <span class='ocrx_word' id='word_1_400' title='bbox 799 4425 985 4488; x_wconf 78' lang='lat' dir='ltr'><strong>consessione</strong></span> <span class='ocrx_word' id='word_1_401' title='bbox 1008 4447 1043 4488; x_wconf 91' lang='lat' dir='ltr'><strong>eo</strong></span> <span class='ocrx_word' id='word_1_402' title='bbox 1065 4429 1163 4490; x_wconf 90' lang='lat' dir='ltr'><strong>minus</strong></span> <span class='ocrx_word' id='word_1_403' title='bbox 1185 4429 1328 4502; x_wconf 90' lang='lat' dir='ltr'><strong>timuerit,</strong></span> <span class='ocrx_word' id='word_1_404' title='bbox 1360 4447 1420 4508; x_wconf 91' lang='lat' dir='ltr'><strong>quo</strong></span> <span class='ocrx_word' id='word_1_405' title='bbox 1443 4448 1494 4490; x_wconf 88' lang='lat' dir='ltr'><strong>er-</strong></span> 
     </span>
     <span class='ocr_line' id='line_1_47' title="bbox 288 4503 1494 4592; baseline 0.009 -28"><span class='ocrx_word' id='word_1_406' title='bbox 288 4503 403 4566; x_wconf 91' lang='lat' dir='ltr'><strong>dentius</strong></span> <span class='ocrx_word' id='word_1_407' title='bbox 425 4523 489 4566; x_wconf 90' lang='lat' dir='ltr'><strong>eam</strong></span> <span class='ocrx_word' id='word_1_408' title='bbox 511 4506 650 4592; x_wconf 81' lang='lat' dir='ltr'><strong>optabat?</strong></span> <span class='ocrx_word' id='word_1_409' title='bbox 693 4508 770 4582; x_wconf 83' lang='lat' dir='ltr'><strong>Quid</strong></span> <span class='ocrx_word' id='word_1_410' title='bbox 798 4510 898 4584; x_wconf 88' lang='lat' dir='ltr'><strong>etiam,</strong></span> <span class='ocrx_word' id='word_1_411' title='bbox 926 4511 952 4572; x_wconf 89' lang='lat' dir='ltr'><strong>si</strong></span> <span class='ocrx_word' id='word_1_412' title='bbox 972 4530 1147 4590; x_wconf 88' lang='lat' dir='ltr'><strong>persuasum</strong></span> <span class='ocrx_word' id='word_1_413' title='bbox 1170 4513 1288 4576; x_wconf 88' lang='lat' dir='ltr'><strong>omnino</strong></span> <span class='ocrx_word' id='word_1_414' title='bbox 1310 4513 1415 4576; x_wconf 91' lang='lat' dir='ltr'><strong>babuit</strong></span> <span class='ocrx_word' id='word_1_415' title='bbox 1434 4533 1494 4575; x_wconf 89' lang='lat' dir='ltr'><strong>no-</strong></span> 
     </span>
    </p>
   </div>
   <div class='ocr_carea' id='block_1_8' title="bbox 245 4589 1495 4679">
    <p class='ocr_par' dir='ltr' id='par_1_9' title="bbox 245 4589 1495 4679">
     <span class='ocr_line' id='line_1_48' title="bbox 245 4589 1495 4679; baseline 0.008 -27"><span class='ocrx_word' id='word_1_416' title='bbox 245 4651 251 4660; x_wconf 87' lang='grc'><strong>,</strong></span> <span class='ocrx_word' id='word_1_417' title='bbox 286 4606 356 4653; x_wconf 86' lang='lat' dir='ltr'><strong>men</strong></span> <span class='ocrx_word' id='word_1_418' title='bbox 378 4607 463 4652; x_wconf 85' lang='lat' dir='ltr'><strong>sunna</strong></span> <span class='ocrx_word' id='word_1_419' title='bbox 484 4589 575 4654; x_wconf 88' lang='lat' dir='ltr'><strong>latere</strong></span> <span class='ocrx_word' id='word_1_420' title='bbox 595 4593 645 4656; x_wconf 91' lang='lat' dir='ltr'><strong>diu</strong></span> <span class='ocrx_word' id='word_1_421' title='bbox 667 4593 738 4656; x_wconf 82' lang='lat' dir='ltr'><strong>aliis</strong></span> <span class='ocrx_word' id='word_1_422' title='bbox 752 4613 813 4658; x_wconf 90' lang='lat' dir='ltr'><strong>non</strong></span> <span class='ocrx_word' id='word_1_423' title='bbox 832 4595 976 4675; x_wconf 75' lang='lat' dir='ltr'><strong>petiisse,</strong></span> <span class='ocrx_word' id='word_1_424' title='bbox 998 4597 1052 4672; x_wconf 89' lang='lat' dir='ltr'><strong>sed</strong></span> <span class='ocrx_word' id='word_1_425' title='bbox 1073 4599 1137 4661; x_wconf 85' lang='lat' dir='ltr'><strong>lore</strong></span> <span class='ocrx_word' id='word_1_426' title='bbox 1158 4605 1191 4662; x_wconf 90' lang='lat' dir='ltr'><strong>nt</strong></span> <span class='ocrx_word' id='word_1_427' title='bbox 1210 4598 1276 4679; x_wconf 90' lang='lat' dir='ltr'><strong>ipso</strong></span> <span class='ocrx_word' id='word_1_428' title='bbox 1299 4617 1354 4662; x_wconf 90' lang='lat' dir='ltr'><strong>sno</strong></span> <span class='ocrx_word' id='word_1_429' title='bbox 1377 4597 1495 4662; x_wconf 87' lang='lat' dir='ltr'><strong>dicendi</strong></span> 
     </span>
    </p>
   </div>
   <div class='ocr_carea' id='block_1_9' title="bbox 0 0 1572 5240">
    <p class='ocr_par' dir='ltr' id='par_1_10' title="bbox 0 0 1572 5240">
     <span class='ocr_line' id='line_1_49' title="bbox 0 0 1572 5240; baseline 0 0"><span class='ocrx_word' id='word_1_430' title='bbox 0 0 1572 5240; x_wconf 95' lang='lat' dir='ltr'><strong> </strong></span> 
     </span>
    </p>
   </div>
  </div>
 </body>
</html>
