3078 5248
264 358 326 422 5³0
454 375 547 418 oram
561 335 754 418 caeruleum
768 373 857 417 ouum
872 373 901 416 m
916 373 1104 416 nonrmrsuo
1116 347 1240 416 'scamni
1255 372 1354 414 vmanv

263 535 363 608 potest
383 545 469 606 quam
491 525 630 588 velociter
658 525 687 586 in
710 524 915 586 constituendo
943 524 1086 586 librorum
1109 522 1280 586 Tertulliani
1303 521 1481 583 discrimine

262 612 377 673 incedat
399 620 427 672 et
449 610 527 671 velut
547 609 629 689 digiti
652 610 764 690 crepitu
785 608 858 670 ahos
880 609 957 670 inter
973 608 1162 670 orthodoxos
1185 607 1283 679 refert,
1308 607 1387 668 alios
1405 606 1482 668 inter

212 757 218 766 ,
262 695 482 757 Montanisticos
504 695 623 774 relegat.
668 692 886 756 'tillemontium
913 693 1014 754 nescio
1044 691 1113 772 quid
1143 691 1319 765 turbaverit,
1359 691 1480 770 quanm

262 782 340 842 bunc
360 780 490 841 libellum
518 798 572 840 nec
594 798 610 838 a
633 777 811 840 Tertulliano
834 778 1016 857 ¹lllontanista
1049 795 1104 838 nec
1130 776 1167 838 ab
1197 775 1396 848 Orthodoro,
1431 777 1481 836 sed

261 865 346 944 plane
368 865 397 926 in
420 883 502 924 novo·
518 863 614 924 morbi
636 881 752 942 genere,
775 881 841 924 cum
864 863 937 923 circa
959 862 1034 924 vitae
1055 861 1143 921 duem
1165 859 1341 940 peculiarem
1370 869 1403 920 et
1419 881 1437 920 a
1453 881 1482 920 se

262 950 367 1010 dictam
395 947 680 1010 Tertullianistorum
709 955 818 1008 sectam
846 939 1029 1008 condidisset
1058 954 1087 1005 et
1119 963 1154 1006 ex
1187 945 1328 1006 haeretici
1366 946 1483 1006 assecla

192 1093 194 1107 ,
262 1033 423 1096 novissime
445 1033 648 1094 haeresiarcha
669 1034 760 1094 lactus
782 1039 870 1104 esset,
894 1031 1035 1112 scriptum
1057 1029 1149 1091 videri
1172 1029 1349 1090 contendit&
1378 1029 1481 1093 blinir.

262 1119 355 1180 virum
383 1117 587 1179 doctissimum
616 1116 753 1177 odiosum
780 1116 1001 1178 haeresiarchae
1034 1133 1143 1176 nomen
1171 1113 1355 1174 Tertulliano
1400 1115 1481 1176 affri-
1517 1120 1518 1138 ¹

263 1202 377 1275 ouisse,
399 1221 465 1264 cum
487 1202 552 1282 ipse
572 1201 769 1280 Augustinus,
792 1201 840 1282 qui
863 1219 956 1280 prope
978 1199 1061 1260 solus
1083 1197 1482 1260 Tertullianistarummen-

262 1289 373 1350 tionem
394 1287 471 1360 iecit,
493 1305 531 1346 ne
553 1286 734 1348 haereticum·
753 1285 871 1366 quidem
895 1284 1068 1364 Septimium
1090 1291 1226 1344 nostrum
1245 1282 1386 1344 habitum
1407 1304 1483 1346 esse

262 1371 321 1432 nisi
350 1374 387 1433 oh
416 1372 509 1433 solam
538 1371 567 1431 in
596 1371 787 1431 Montanistas
818 1369 1041 1448 indulgentiam,
1080 1387 1139 1428 non
1172 1367 1299 1428 obscure
1332 1367 1455 1429 indicet
1464 1383 1483 1428 ¹.

263 1455 364 1536 Neque
392 1457 478 1518 etiam
501 1456 577 1516 circa
598 1457 686 1516 linem
708 1454 782 1516 vitae
805 1454 1000 1516 Tertullianus
1021 1453 1144 1514 asseclis
1167 1451 1230 1514 suis
1253 1471 1368 1512 nomen
1395 1453 1483 1517 dedit

264 1560 330 1602 cum
350 1541 408 1603 iam
431 1541 519 1602 Soter
540 1540 697 1619 episcopus
719 1537 869 1600 Romanus
892 1540 935 1600 eis
957 1537 1110 1600 obstitisse
1131 1537 1275 1597 dicatur¹‘⁸
1320 1537 1483 1598 Praeterea

265 1625 290 1686 si
313 1626 357 1687 vel
377 1625 541 1704 Augustino
565 1626 729 1694 credamus,
752 1623 964 1684 'Tertullianum
985 1621 1095 1683 ultimis
1116 1621 1192 1682 vitae
1213 1620 1298 1682 annis
1321 1623 1481 1683 conventi-

264 1710 327 1770 cula
349 1729 402 1772 sua
423 1711 579 1790 separatim
601 1729 616 1769 a
630 1708 844 1770 Montanisticis
859 1707 1008 1780 hahuisse,
1030 1707 1060 1767 in
1077 1703 1261 1786 dogmatibus
1276 1713 1385 1766 tamen
1402 1707 1482 1768 blon-

264 1795 324 1855 tani
352 1795 438 1856 etiam
465 1803 533 1874 post
564 1802 701 1855 coetuum
729 1792 885 1854 divortium
919 1790 1079 1854 retinendis
1108 1797 1277 1874 constanter
1312 1793 1456 1869 perstitit
1465 1805 1481 1850 ι.

266 1878 369 1940 Omnis
392 1898 461 1940 vero
484 1879 531 1939 illa
553 1878 589 1938 de
610 1877 749 1957 peculiari
778 1885 855 1938 secta
879 1875 1049 1937 Tertulliani
1078 1873 1268 1952 eiusdemque
1290 1893 1308 1934 a
1331 1875 1482 1936 Montani·

221 2023 224 2030 ,
266 1962 320 2024 stis
343 1965 512 2025 secessione
533 1964 661 2024 narratio
683 1981 786 2042 pamm
807 1960 931 2033 idoneis
955 1960 982 2022 si
1002 1967 1127 2022 aetatem
1151 1967 1276 2038 spectes
1306 1961 1482 2020 auctoribus

245 2048 367 2111 'nititur
389 2058 418 2109 et
439 2048 536 2110 omnia
558 2047 674 2108 rimanti
695 2046 883 2126 perspicuum
906 2046 976 2118 erit,
1009 2044 1082 2106 nihil
1103 2064 1119 2104 a
1141 2042 1331 2104 Tillemontio
1366 2044 1402 2104 in
1427 2065 1482 2106 ma-

265 2132 346 2194 dium
368 2133 486 2193 allatum
508 2131 692 2210 essequod
715 2131 822 2192 librum
852 2131 887 2191 de
916 2129 1083 2190 Idololatria
1110 2137 1180 2208 post
1207 2129 1482 2190 conventiculorum

267 2206 481 2296 separationem
505 2215 646 2294 scriptum
670 2234 738 2276 esse
761 2216 923 2287 evinceret3
944 2215 990 2274 vel
1011 2215 1039 2274 si
1061 2213 1148 2274 etiam
1171 2213 1227 2274 hoc
1247 2212 1389 2287 daretur,
1417 2215 1482 2275 scn-

265 2301 395 2379 ptionem
418 2299 608 2361 nihilominus
631 2299 864 2361 Montanistioam
887 2299 1016 2360 habitum
1040 2297 1085 2371 ivi,
1108 2297 1255 2376 quoniam,
1279 2297 1351 2376 ipso
1380 2301 1482 2360 raama

266 2384 464 2460 Tillemontio,
486 2383 684 2444 Tertullianus
706 2402 767 2444 non
789 2391 848 2444 tam
869 2403 886 2444 a
908 2384 1052 2462 dogmate,
1081 2401 1167 2460 quam
1189 2381 1225 2442 ab
1248 2389 1379 2444 externa
1405 2385 1482 2446 Cata-

266 2471 409 2550 phrygnm
431 2469 637 2531 communione
659 2468 786 2529 deflerit.

822 2605 851 2680 a.
874 2602 923 2662 rx.

352 2723 560 2784 Tertullianum
584 2729 650 2782 ante
671 2721 906 2801 persecutionem
923 2720 1023 2781 Severi
1043 2718 1249 2780 Montanistam
1271 2719 1378 2782 luisse
1403 2723 1483 2782 adeo-

267 2829 324 2888 que
345 2807 566 2887 Apologeticum
589 2807 669 2879 eius,
699 2807 748 2884 qui
771 2805 945 2866 Christianis
968 2797 1136 2884 praesidum
1159 2803 1312 2864 atrocitate
1338 2804 1402 2866 iarn
1420 2825 1476 2883 gra-

266 2895 341 2955 viter
363 2893 476 2954 aillictis
500 2892 685 2971 conscriptus
709 2902 765 2964 est,
790 2892 827 2952 'in
848 2891 1076 2952 Montanismum
1097 2888 1161 2950 eius
1183 2888 1327 2960 incidere,
1353 2890 1479 2950 cerinsi-

268 2997 344 3040 mam
368 2977 569 3040 collectionem
591 2984 673 3055 pido.
718 2975 818 3053 Neque
841 2984 938 3036 tamen
961 2993 994 3035 ea
1017 2992 1121 3034 recens
1144 2981 1194 3034 aut
1214 2972 1301 3034 nobis
1328 2976 1485 3052 peculiaris

268 3073 323 3136 est,
357 3062 502 3140 siquidem
530 3069 560 3122 et
586 3061 727 3121 loannem
747 3059 880 3133 lachscn,
903 3058 1050 3120 Ecclesiae
1072 3057 1244 3136 hnglioanae
1264 3058 1486 3138 presbyterum.

268 3147 298 3207 in
321 3147 537 3224 dissertatione,
560 3163 647 3224 quam
669 3144 821 3206 Novatiani
845 3143 992 3224 Operibus
1014 3143 1155 3222 praefixit,
1177 3141 1386 3216 iterationes
1412 3165 1487 3206 com-

269 3230 405 3309 posuisse
433 3231 608 3310 acoepimus.
665 3229 759 3301 Quam
786 3247 849 3289 rem
882 3247 949 3290 oum
972 3227 1092 3289 Summo
1114 3227 1183 3287 Rev.
1207 3227 1402 3298 bloshemius
1433 3233 1487 3290 stil-

271 3314 362 3392 hagio
386 3334 440 3374 suo
463 3315 589 3393 probare
611 3323 764 3388 recuset²,
799 3312 939 3392 numquid
960 3312 1047 3374 nobis
1070 3310 1260 3373 dubitandum
1282 3311 1424 3391 amplius
1449 3315 1487 3374 sit

270 3418 305 3459 ex
328 3398 391 3464 his.
424 3418 497 3478 quae
519 3399 555 3458 ad
578 3399 685 3460 librum
708 3399 744 3458 de
766 3398 882 3458 Corona
904 3397 1133 3475 disputavimus,
1162 3393 1326 3475 apparebit.
1378 3398 1488 3460 Cetera.

270 3501 344 3561 quae
366 3484 401 3544 dc
417 3483 594 3562 Apologetici
617 3489 711 3543 aetate
734 3483 763 3543 in
786 3481 956 3542 tractatione
971 3480 1172 3542 Moshemiana
1194 3480 1402 3559 disputantur,
1431 3504 1488 3544 om·

270 3567 356 3629 nibus
384 3568 535 3640 numeris,
568 3575 599 3628 ut
629 3575 748 3640 cuncta,
785 3585 860 3647 quae
882 3566 937 3628 suh
966 3565 1040 3626 tanti
1061 3564 1179 3626 artificis
1203 3584 1289 3628 manu
1311 3579 1489 3628 nascuntm.

270 3653 402 3714 absoluta
426 3659 495 3713 sunt
517 3661 545 3713 et
567 3651 683 3714 invictis
706 3651 886 3730 argumentis
908 3651 1111 3712 demonstrant
1131 3649 1382 3730 apologeticum*
1409 3664 1488 3714 ante-

270 3757 356 3818 quam
391 3738 483 3800 edicta
512 3738 637 3800 Severus
669 3737 841 3816 proposuit,
879 3735 1076 3814 conscriptum
1109 3753 1187 3795 esse.
1236 3734 1278 3794 De
1307 3753 1396 3796 anno
1429 3757 1487 3798 vera

270 3822 415 3884 exculti.
439 3823 592 3904 quem-vir
613 3820 821 3882 celeberrimus
843 3821 1032 3900 Apologetico
1054 3819 1195 3897 adsignat,
1223 3820 1328 3888 fateor,
1360 3839 1418 3882 me
1443 3825 1487 3882 clu·

269 3907 327 3968 hiis
349 3907 523 3987 quibusdam
545 3907 654 3984 urgeri,
677 3915 706 3966 et
727 3905 899 3984 praesertim
923 3924 956 3965 ex
980 3924 1014 3964 ca
1036 3923 1133 3977 causa,
1156 3904 1234 3983 quod
1247 3902 1360 3964 librum
1378 3907 1422 3967 de
1440 3909 1488 3968 Co-

272 4011 344 4053 rona
366 3993 397 4054 in
418 3991 546 4053 eundem
570 4009 678 4050 annum
701 3989 829 4052 incidere
851 3989 1066 4068 potentissimis
1088 3987 1266 4078 argcunentis
1290 4007 1305 4048 a
1330 3989 1398 4050 los.
1426 3995 1488 4068 hug.

273 4075 341 4137 Orsi
364 4077 487 4138 evictum
511 4077 559 4137 sit.
603 4076 645 4136 Ac
677 4076 720 4147 si,
758 4075 873 4154 quando
902 4075 938 4136 de
961 4074 1076 4135 Corona
1099 4073 1295 4135 Tertullianus
1327 4075 1489 4136 scrihebat

272 4161 410 4222 ecclesiae
431 4180 487 4240 pan
509 4161 599 4240 longo
621 4171 651 4220 et
672 4161 749 4222 dono
771 4159 902 4221 nondum
923 4159 1120 4232 interciderat,
1143 4158 1169 4218 si
1192 4157 1352 4220 Christiani
1377 4169 1490 4222 tantum

305 4336 323 4377 t.
341 4329 475 4381 Tillemoot.
493 4331 600 4381 llcmoir.
619 4330 853 4382 del'ilistcireEccl.
939 4343 961 4379 x.
982 4329 1031 4378 vio.
1050 4329 1106 4391 Pagi
1126 4327 1182 4378 Crit.
1202 4327 1231 4377 ad
1249 4325 1337 4383 daron.
1359 4345 1382 4378 a.
1397 4331 1490 4382 ettil-

274 4397 300 4446 v.
320 4397 358 4444 ιιι.
379 4398 403 4445 r.
423 4399 439 4448 v.
459 4416 483 4464 ,a
502 4399 560 4449 aaa.
580 4415 631 4464 seq.
905 4393 929 4462 §-
949 4397 989 4445 1¹¹·

307 4479 330 4512 u.
348 4465 469 4526 ‚lugustin
498 4468 531 4516 lle
550 4467 666 4517 llacretic.
693 4485 713 4516 c.
733 4467 783 4517 Sil:
802 4467 852 4518 Non
938 4481 958 4528 t·
978 4465 1124 4514 Pluedtsliss·
1144 4479 1195 4526 cop.
1215 4461 1267 4511 ssssv

273 4547 325 4594 erpo
344 4533 395 4582 ideo
421 4541 452 4582 cet
473 4535 623 4584 Tertvdlioaaa
651 4539 786 4597 hacreticus,
812 4535 853 4584 aed
937 4547 957 4580 z.
976 4533 1009 4581 lo.
1028 4531 1225 4584 lacellosham.
1245 4531 1370 4581 dehetate
1393 4537 1492 4599 Apolsst·

274 4602 335 4667 qna'o,
356 4603 451 4652 truaacit
468 4603 499 4654 od
519 4601 669 4666 Gotopbrpqer
687 4611 733 4653 etc.
906 4600 1004 4650 Tertull.
1025 4597 1050 4664 ὅ.
1069 4599 1123 4651 llll·
1143 4613 1195 4664 P³8·
1214 4597 1259 4647 bd,
1273 4613 1310 4662 sq.
1331 4609 1386 4650 ¹¹⁰¹*
