3126 5250
491 385 626 432 sucronn
647 385 707 432 uro.
729 387 766 432 ns
787 385 914 432 nonnus.
1072 383 1078 394 ·
1245 370 1310 436 807

91 553 220 615 synaxes
235 535 431 615 prudentibus
446 537 616 600 hominibus
630 538 857 619 complerentur,
879 537 985 619 quibus
1007 536 1146 618 quidquid
1160 538 1310 620 egregium

90 629 123 684 et
143 619 276 682 divinum
297 621 451 696 habemus,
472 622 664 703 popularibus
687 623 875 687 sermonibus
896 642 930 686 ao
949 639 1004 704 pro
1026 620 1207 704 singulomnr
1222 633 1309 704 coptu

91 703 294 785 explicabatur
314 706 446 786 (Origen.
468 706 519 769 lib.
541 707 592 769 lll.
615 727 640 769 c.
663 708 765 787 Cels).

179 789 257 851 Tum
278 790 385 854 deiude
407 791 605 855 Tertullianus
627 793 769 855 continuo
790 792 895 855 adiecit
916 791 952 854 ab
973 792 1078 854 iisdem
1099 793 1232 854 metibus
1255 811 1308 856 eos

92 892 222 954 prorsus
244 873 370 950 eiectos,
409 875 459 956 qui
486 877 613 957 peccatis
646 885 734 958 atque
760 877 896 957 inprimis
924 876 1044 940 libidine
1064 875 1205 939 sordidati
1226 885 1310 939 erant

92 959 279 1032 (Tertullian.
301 959 455 1040 Apologet.
478 979 540 1042 cap.
561 965 636 1040 39.).
668 962 786 1042 Triplex
806 979 877 1024 vero
899 962 962 1036 luit,
983 969 1018 1024 ut
1038 980 1093 1023 suo
1115 962 1180 1024 loco
1203 970 1308 1024 osten·

91 1045 212 1117 demus,
234 1053 420 1123 peccatorum
436 1046 649 1126 criminumque
664 1065 756 1128 genus
770 1055 894 1127 propter
909 1047 988 1126 quod
1008 1046 1066 1108 lata
1086 1046 1122 1108 ad
1144 1045 1310 1126 exemplum

91 1127 232 1208 Apostoli
264 1129 358 1202 (Paul.
380 1130 473 1210 Epist
496 1132 519 1193 l.
542 1132 578 1193 ad
600 1131 732 1194 Corinth.
763 1149 825 1212 cap.
848 1131 883 1193 V.
913 1151 940 1193 v.
969 1133 988 1196 3
1017 1139 1047 1193 et
1069 1134 1146 1210 seq.)
1181 1131 1211 1193 in
1239 1149 1309 1194 reos

91 1213 407 1276 excommunicationis
441 1217 587 1278 sententia
619 1215 655 1278 ab
683 1217 823 1280 ecclesiae
848 1215 986 1296 ingressu
1012 1215 1195 1287 arcebantur.
1244 1215 1312 1277 Non

91 1298 179 1378 prius
202 1307 298 1360 autem
321 1297 434 1361 absolvi
448 1309 601 1382 poterant,
623 1319 710 1382 qnam
730 1302 873 1364 horumce
893 1299 1047 1363 criminum
1068 1300 1213 1382 publicam
1233 1319 1309 1381 poe-

92 1383 247 1444 nitentiam
270 1383 408 1463 egissent

180 1469 273 1529 Antea
295 1477 394 1530 tamen
414 1469 532 1531 illorum
553 1478 672 1550 peccata
693 1468 839 1532 debebant
859 1468 1081 1550 diligentissime
1103 1469 1260 1531 examinari
1283 1476 1314 1530 et

93 1552 229 1632 agnosci.
274 1552 472 1625 Quamobrem
493 1554 652 1628 iudicatur,
681 1555 721 1616 ait
741 1555 850 1617 Auctor
871 1563 989 1628 noster,
1016 1573 1124 1635 mopso
1147 1573 1213 1616 oum
1230 1571 1313 1634 porr-

94 1637 183 1707 dere‚
215 1647 252 1698 ut
279 1637 361 1717 opud
389 1651 487 1702 certos
516 1641 550 1702 de
569 1639 629 1702 Det·
648 1649 822 1720 conspectu,
859 1657 1062 1721 summumque
1086 1640 1191 1720 [arturi
1209 1639 1316 1701 iudicii

90 1721 318 1801 praeiudicium
339 1733 392 1795 est,
416 1727 445 1785 si
463 1727 528 1806 quis
549 1729 592 1788 itc
613 1724 781 1806 deliquerit,
804 1733 839 1786 ut
853 1743 873 1785 o
887 1727 1150 1786 comnmar’cctiotte
1165 1725 1314 1786 orott‘onis

94 1817 126 1868 et
151 1819 316 1870 cmoeatns
344 1818 372 1870 et
394 1813 489 1871 omnis
517 1813 617 1873 suncti
638 1812 807 1871 enumerati
831 1808 984 1887 relegetur
1005 1807 1138 1881 (Tertull.
1159 1807 1312 1888 Apologet.

93 1908 164 1969 cap.
186 1891 260 1967 39.).
305 1891 425 1955 Summa
446 1893 535 1972 igitur
556 1911 625 1955 cura
647 1901 753 1972 etqua
780 1893 876 1954 maior
902 1891 981 1954 nulla
1014 1910 1083 1954 esse
1111 1900 1227 1972 poterat
1263 1891 1312 1952 in-

91 1973 282 2054 vestigabant
313 1995 387 2055 quae
416 1985 445 2038 et
473 1977 568 2057 qualia
596 1985 681 2039 erant
701 1995 820 2039 reomm
841 1983 975 2057 peccata,
1004 1984 1090 2057 atque
1112 1978 1143 2038 in
1164 1976 1314 2039 convictos

92 2059 275 2130 sententiam
296 2061 443 2136 serebant,
476 2063 559 2141 quasi
581 2062 691 2136 Deum,
724 2080 895 2141 supremum
908 2061 1054 2123 ‘omnium
1075 2062 1214 2137 iudicem,
1246 2069 1316 2123 ante

93 2143 202 2206 octrlos
224 2144 407 2208 habuissent.
451 2146 493 2208 Ea
514 2147 613 2226 itaque
635 2147 780 2208 sententia
801 2146 959 2208 maximum
981 2154 1045 2207 erat
1071 2145 1171 2208 iudicii
1207 2165 1224 2208 a
1250 2145 1313 2207 lleo

95 2230 126 2290 in
155 2229 226 2309 ipso
247 2230 349 2292 mundi
370 2232 429 2292 line
456 2231 569 2293 terendi
596 2230 819 2312 praeiudicium.
861 2231 935 2292 Nam
962 2231 1040 2292 sicut
1061 2231 1097 2292 ad
1118 2231 1315 2311 Pomponium

96 2314 219 2394 scripsit
245 2321 349 2392 postea
377 2315 556 2396 Cyprianus:
593 2316 682 2397 Apud
707 2317 811 2398 fideles
840 2333 947 2378 seruos
974 2316 1034 2378 bet
1059 2316 1195 2396 spirr'tolr'
1213 2316 1314 2397 plodio

100 2402 417 2462 esemnmunicotionis
436 2402 612 2481 superbiet
634 2411 821 2464 contumaces
843 2410 1007 2472 necantur,
1037 2401 1106 2462 dum
1128 2402 1163 2462 de
1184 2400 1316 2463 Ecclesia

104 2487 276 2547 dicuntur.
319 2482 420 2568 Neque
447 2489 526 2547 enim
552 2491 655 2548 moero
676 2487 757 2565 forts
775 2496 919 2565 possunt,
954 2504 1021 2546 eum
1048 2486 1153 2547 domus
1175 2485 1234 2547 Eer’
1251 2502 1316 2546 unu

107 2571 145 2710 ’E'
158 2578 198 2712 Pet
227 2571 343 2631 nemini
369 2569 453 2631 solus
481 2589 545 2632 esse
572 2573 635 2632 nisi
659 2573 692 2632 t'n
712 2569 845 2632 Ecclesia
869 2573 969 2650 possit
998 2569 1144 2648 (cyprian.
1166 2567 1260 2648 Epist.
1283 2573 1313 2633 5.

103 2669 120 2711 a
180 2658 287 2732 emp).
549 2705 552 2712 .

181 2737 377 2816 Prosequitur
398 2737 608 2800 Tertullianus:
641 2737 820 2800 Praesident
845 2736 892 2798 his
914 2735 1147 2798 Christianorum
1168 2734 1313 2811 coetibus,

95 2822 226 2901 probuti
249 2827 357 2904 quique
380 2827 518 2885 seniores
545 2820 728 2899 (Tertullian.
750 2820 807 2882 loc.-
829 2821 901 2899 cit).
943 2821 1035 2882 llobis
1057 2829 1155 2882 autern
1176 2823 1237 2881 n'on
1259 2837 1313 2880 ex-

97 2905 187 2984 plieat
207 2905 259 2985 qui
280 2908 390 2968 luerint
411 2907 452 2969 illi
473 2911 607 2970 seniores
628 2905 847 2986 praesidentes,
879 2923 972 2984 quos,
1005 2904 1080 2967 siout
1101 2903 1141 2966 ibi
1170 2903 1228 2964 boo
1249 2903 1315 2964 solo

96 2991 240 3064 nomine,
268 2990 308 3054 ita
329 2991 360 3052 in
381 2991 456 3065 alio,
489 2991 539 3053 ubi
562 2977 603 3052 'de
630 2990 736 3052 iisdem
763 2989 920 3068 synaxibus
949 2989 1081 3062 disserit,
1114 2987 1315 3067 praesidentes

95 3075 305 3136 tantarmmodo
320 3076 459 3157 appellat:
481 3075 691 3137 Euclroristioe
706 3084 936 3145 sacromentum,
959 3073 1062 3152 iuquit,
1086 3084 1115 3135 et
1135 3076 1168 3134 r'rt
1183 3082 1318 3154 tempore

94 3165 198 3223 rietus
229 3169 258 3221 et
286 3163 421 3224 omuibus
448 3162 622 3223 mundatum
650 3160 819 3221 oDomirto
847 3161 936 3221 etium
962 3158 1148 3220 ontelueonis
1176 3159 1315 3231 coetibus,

94 3265 152 3307 aer
166 3245 203 3306 de
218 3244 350 3308 oliorum
364 3265 456 3308 manu
478 3263 566 3328 quarn
577 3245 815 3325 praesidentium
830 3247 973 3306 sumimus
989 3241 1081 3317 (ldem
1091 3242 1141 3303 lib.
1153 3242 1189 3303 de
1201 3241 1318 3304 Corona

96 3329 183 3392 ltitit
200 3347 265 3408 cap.
282 3333 335 3406 3.).
364 3329 517 3392 tlustino
540 3329 627 3391 etiarn
649 3327 783 3408 Martyre,
805 3335 838 3389 ut
858 3328 944 3407 paulo
966 3327 1190 3401 adtendimus,
1212 3326 1316 3406 singur-

97 3415 195 3476 larnm
226 3431 375 3494 synaxeon
402 3433 524 3494 praeses
552 3409 724 3497 προεστώς
750 3419 862 3474 tanum
884 3419 1077 3492 nuncupatur.
1106 3412 1213 3473 liemm
1234 3412 1317 3491 ipse·

97 3507 163 3560 met
183 3498 385 3561 Tertullianus
407 3498 458 3561 ubi
480 3499 516 3560 de
537 3498 614 3560 sacri
634 3497 818 3579 baptismatis
845 3497 877 3559 in
904 3497 1011 3559 iisdem
1039 3496 1194 3576 synaxibus
1222 3496 1319 3558 collati

97 3583 361 3645 administratione
388 3583 531 3663 disputat,
565 3591 666 3663 aperto
687 3583 820 3661 designat
847 3581 897 3662 qui
925 3581 985 3643 sint
1011 3581 1042 3642 hi
1071 3581 1231 3662 praesides.
1272 3579 1318 3642 lbi

97 3677 199 3730 antem
230 3667 304 3730 baec
330 3669 457 3748 ipsamet
474 3668 545 3750 ,eius
572 3666 661 3729 rerba
687 3667 827 3746 legimus:
864 3665 967 3728 Dandi
993 3666 1109 3748 quidem
1135 3663 1317 3744 baptismatis

98 3753 192 3816 ledet
213 3755 263 3814 r'us
285 3771 419 3815 summus
441 3753 598 3824 sacerdos,
628 3755 681 3832 qui
701 3759 746 3813 est
767 3755 938 3832 episeopus,
969 3751 1073 3813 deletae
1095 3749 1272 3831 presbyteri
1289 3755 1320 3810 et

97 3840 233 3908 Maeoni,
255 3856 319 3900 nort
341 3849 440 3900 tumen
461 3840 525 3900 sine
547 3841 680 3918 episcopt
698 3840 889 3911 auctoritate,
909 3847 1039 3916 propter
1052 3833 1200 3895 Ecclesiae
1221 3829 1319 3894 dorto-

99 3941 182 3994 reat,
229 3941 287 4002 quo
327 3923 412 3985 soluo
454 3921 542 3984 soluo
569 3939 634 4003 poc
665 3929 711 3982 est
742 3919 835 3994 (ldem
862 3918 1318 3998 lib.dellaptism.oap.1'l.).

98 4005 244 4087 Episcopi
273 4006 362 4086 igitur
387 4006 434 4068 bis
460 4005 585 4088 aliisque
612 4003 845 4067 Christianomur
872 4002 1029 4084 synaxibus
1056 3999 1262 4081 praesidebant
1288 4008 1321 4064 et

99 4109 210 4154 eorum
233 4091 404 4153 anctoritate
425 4089 591 4171 presbyteri
614 4097 644 4151 et
664 4088 789 4151 diaconi.

189 4176 251 4238 Cur
272 4184 371 4238 auum
393 4179 528 4239 seniores
551 4173 587 4235 ab
609 4174 659 4236 illo
681 4178 872 4246 vocarentur,
904 4170 951 4234 bis
973 4170 1088 4232 discere
1116 4177 1163 4231 est
1183 4167 1320 4250 Cypriani

99 4258 217 4323 serbis:
241 4259 423 4342 Iampridem
440 4277 498 4341 per
519 4277 621 4322 omnes
641 4261 813 4341 procinctos
835 4266 864 4318 et
881 4274 940 4336 per
959 4255 1050 4317 urbes
1065 4253 1208 4335 singulos,
1232 4255 1320 4317 ordi-

99 4349 174 4406 nati
192 4357 268 4408 sunt
288 4349 424 4427 episcopi
441 4348 475 4408 tn
495 4354 593 4406 aetate
614 4345 739 4424 antiqui,
761 4345 794 4404 in
814 4341 874 4422 fide
894 4343 1013 4419 integri,
1036 4343 1067 4400 r'rt
1079 4356 1318 4419 pressurupro-

101 4427 177 4501 butt,
198 4433 234 4491 tn
253 4434 462 4512 persecrrtr'orte
473 4431 644 4509 proscrtptr‘
656 4425 802 4506 (cyprian.
815 4423 908 4504 Epist.
920 4428 970 4488 55.
983 4421 1133 4484 adtnton.
1144 4441 1210 4504 pag.
1224 4426 1318 4502 tlt).

104 4513 212 4576 Cernis
233 4515 275 4577 ibi
298 4515 453 4596 episcopos
474 4512 573 4575 vocari
602 4513 633 4575 in
655 4518 748 4574 aetate
774 4508 928 4588 antiquos,
961 4527 996 4570 ac
1020 4507 1145 4587 proinde
1172 4511 1320 4572 seniores.

104 4595 213 4660 Nonne
234 4617 305 4680 ergo
328 4618 364 4662 eo
387 4598 506 4666 nomine
521 4597 717 4662 Tertrdlianus
739 4593 896 4676 episeopus
918 4591 1090 4673 designarit,
1111 4611 1236 4674 quorem
1257 4593 1324 4664 sota

782 4694 786 4702 ’
1064 4689 1119 4748 tt*
