3132 5238
439 347 573 392 suorons
595 349 692 394 carso
714 349 810 394 saux.
833 349 859 394 r.
881 351 911 392 n.
932 349 965 394 rr.
1172 347 1175 357 ’
1268 337 1311 400 55

169 499 216 560 lle
238 497 485 562 llontanistarum
507 498 659 562 erroribus
680 499 807 579 plurima
828 465 947 580 quidem
968 501 1079 581 passim
1101 501 1257 577 iactantur,
1279 512 1313 567 ut

90 585 172 646 etde
197 591 300 646 sectae
322 583 408 646 istim
432 584 596 663 principum
618 584 795 648 immanibus
817 585 990 657 sceleribus,
1013 605 1086 666 quae
1108 587 1138 648 in
1153 602 1245 650 unum
1260 607 1311 650 sa·-

87 672 119 730 t's
146 668 314 748 diligenter
343 669 494 748 congessit
519 669 663 732 Batonius
693 669 728 732 ad
753 689 862 732 annum
885 670 1035 733 CLXXlll.
1066 674 1094 749 ξ.
1118 675 1168 736 24.
1198 681 1310 753 etseq.

86 755 194 815 l'ernm
226 772 299 814 num
330 753 430 815 omnia
458 753 488 814 in
510 754 680 817 Montanum
702 766 731 816 et
751 755 880 816 Montani
903 755 1062 835 discipulos
1084 756 1205 835 quosvis
1226 777 1311 820 com-

80 847 233 918 peterent,
258 837 386 900 dubitari
407 839 513 900 merito
535 847 643 918 potest
672 839 705 900 ld
727 839 813 902 docet
832 839 975 902 Parianus
997 840 1222 904 Barcinonensis
1243 843 1311 923 epi-

78 925 154 984 stola
178 923 284 1002 prima
306 923 342 984 ad
364 923 624 1003 Sempronianum,
654 923 764 1004 inqua
786 925 1028 988 Montanistarum
1050 925 1150 1004 plures
1172 927 1313 990 describit

76 1009 269 1081 sententias,
292 1007 339 1069 his
361 1009 476 1070 serbis:
512 1008 642 1088 Scriptis
666 1014 740 1080 tuis,
763 1009 859 1090 inquit
880 1010 1127 1090 Spmpronianrnn
1148 1011 1325 1092 alloquens·

75 1097 307 1174 poenitentium
332 1111 540 1174 usquequaque
568 1095 779 1156 damnantibus
807 1096 969 1157 seeundum
991 1095 1127 1174 Pbrpqas
1155 1107 1182 1158 te
1204 1116 1312 1160 assen-

77 1185 154 1240 sisse
174 1177 383 1258 pronuntias.
434 1177 536 1240 Verum
559 1177 603 1240 bis
626 1183 710 1258 ipsiu
732 1179 857 1242 Domine
880 1179 1054 1251 clarissime,
1077 1191 1138 1242 tem
1152 1180 1313 1260 multiplea)

79 1273 107 1325 et
131 1264 285 1324 diuersus
309 1274 353 1324 est
375 1280 481 1334 error,
504 1273 623 1324 utnon
645 1263 698 1326 boc
719 1283 814 1326 unum
836 1267 869 1325 in
890 1263 952 1326 iilis
975 1265 1054 1345 quod
1077 1278 1183 1328 eontra
1202 1271 1312 1346 poeni-

79 1353 211 1410 tentiam
234 1350 371 1426 sopiunt,
393 1348 445 1410 sed
467 1351 556 1428 quasi
575 1349 717 1428 quaedam
741 1352 839 1427 capito
861 1348 986 1410 leruica
1009 1350 1157 1411 caedendo
1179 1354 1249 1412 sint.
1273 1349 1313 1411 lit

77 1437 220 1512 primurn
244 1431 279 1492 lei
295 1431 440 1512 pluribus
462 1436 604 1492 nituntur
626 1433 819 1506 auctoribus;
843 1451 913 1494 nom
932 1443 1007 1513 puto
1030 1444 1059 1495 et
1081 1433 1214 1496 tiraeues
1237 1433 1312 1496 lila-

79 1528 147 1579 stus
181 1522 328 1597 ipsorum
358 1528 412 1578 est.
459 1515 623 1578 Theodotus
656 1535 769 1598 quaque
801 1527 829 1579 et
850 1515 988 1578 Proueas
1010 1523 1126 1581 uestros
1149 1516 1312 1599 aliquando

81 1605 239 1676 docuere,·
273 1605 334 1680 ipsi
359 1600 409 1662 illi
435 1599 567 1680 Pbrpqes
595 1601 759 1663 nobiliores
787 1605 890 1682 quise
911 1605 1060 1664 animatas
1081 1606 1271 1666 mentiuntur
1293 1620 1314 1664 a

83 1687 207 1756 tecua,
231 1706 266 1748 se
287 1689 443 1746 institutos
466 1703 484 1746 n
506 1684 639 1746 Proculo
661 1685 845 1764 ploriontur,
869 1675 1048 1748 Monta‘num
1069 1698 1098 1750 et
1113 1685 1314 1750 Mauimillam

80 1787 111 1834 et
136 1770 317 1832 Priscillam
344 1773 453 1840 secuti,
485 1787 573 1852 quarn
599 1769 778 1852 multiplices
806 1775 1031 1834 controuersias
1054 1775 1242 1842 excitarunt,
1276 1771 1313 1836 de

81 1855 230 1935 paschali
251 1856 309 1926 die,
335 1855 370 1918 de
388 1853 564 1936 paracleto,
589 1855 623 1916 de
639 1855 796 1936 apostolis,
820 1855 855 1918 de
873 1855 1042 1935 propinetis,
1064 1855 1216 1938 multaque
1237 1855 1310 1929 olio,

85 1944 172 2001 sicut
196 1951 223 2001 et
246 1941 278 2001 de
299 1939 447 2002 eatbolico
470 1943 604 2010 nomine,
630 1941 663 2000 de
686 1944 774 2001 uenia
791 1944 1004 2020 poenitentiae.
1049 1940 1178 2002 Omnino
1199 1939 1311 2020 proba-

84 2024 148 2084 bile
171 2033 218 2086 est
239 2032 300 2086 tnm
324 2025 432 2084 lactum
453 2042 535 2096 esse,
564 2023 643 2102 quod
663 2023 783 2103 saepius
806 2024 972 2096 usuvenit,
995 2033 1027 2086 ut
1048 2043 1122 2103 quae
1135 2044 1161 2086 ⁴a
1183 2033 1310 2086 novato-

83 2108 170 2171 ribus
195 2116 415 2188 proponuntur‚
438 2107 561 2186 singulis
583 2126 684 2169 eorum
707 2107 870 2189 discipulis,
893 2109 960 2170 licet
974 2108 1092 2172 divorsa
1106 2108 1312 2183 sentientibus,

85 2193 291 2256 tribuerentur
319 2203 348 2254 et
364 2200 467 2254 contra
489 2211 562 2272 quae
584 2211 600 2253 a
621 2192 771 2272 discipulis
793 2193 990 2272 superaddita,
1013 2194 1114 2256 eadem
1136 2195 1172 2256 ad
1193 2193 1311 2256 blania-

85 2297 168 2352 num,
193 2287 228 2340 ut
250 2286 403 2340 auctorem
426 2285 523 2338 sectae
544 2277 696 2348 nefandae,
717 2279 905 2340 referrentur.
1204 2288 1206 2292 ’

169 2364 259 2424 Mitto
282 2363 384 2424 itidem
406 2362 486 2440 quod
507 2362 566 2422 illis
587 2379 741 2441 perperam
762 2363 891 2424 affictum
913 2381 978 2424 esse
1001 2362 1117 2424 ridetur
1130 2362 1313 2424 horrendum

86 2449 247 2526 impietatis
270 2466 364 2527 genus
387 2466 404 2507 a
426 2446 532 2525 Cyrillo
554 2447 820 2526 Hierosolymitano
844 2446 994 2527 Cateobesi
1016 2447 1077 2508 XV.
1100 2454 1312 2510 memoratum:

88 2534 197 2595 sancet
220 2533 417 2594 blontanistas
440 2530 489 2604 ait,
511 2539 543 2592 ut
563 2531 700 2610 mysteria
721 2539 912 2611 peragerent,
934 2531 1069 2610 parvulos
1090 2549 1202 2612 pueros
1225 2531 1313 2610 iugu-

90 2616 163 2678 lasse
194 2630 227 2680 et
256 2617 289 2679 in
317 2635 414 2678 escam
442 2615 580 2676 nefariam
603 2615 783 2690 concidisse,
817 2625 902 2696 atque
929 2615 998 2677 binc
1019 2618 1126 2678 iactum
1148 2616 1218 2690 vult,
1241 2623 1313 2677 uta

89 2701 266 2764 Christianis
290 2701 368 2763 idem
390 2701 454 2761 lieri
476 2699 675 2774 consuevisse,
696 2700 881 2762 Montenistis
904 2700 960 2762 sibi
975 2699 1180 2762 'Christianum
1202 2717 1314 2762 nomen

90 2786 323 2858 sindimntibus,
352 2785 573 2864 suspicarentur
594 2793 715 2864 gentes,
744 2793 774 2844 et
793 2785 862 2846 inde
884 2783 1123 2863 persecutionum
1144 2777 1311 2845 clendarurr

89 2874 275 2934 occasionem
300 2866 407 2932 iu'stam
431 2869 560 2931 nancisci
582 2888 615 2930 se
636 2868 856 2930 arbitrarentur.

170 2958 261 3020 Certe
289 2963 392 3017 auctor
421 2972 600 3032 anonymus,
631 2971 719 3031 quem
740 2952 885 3030 Hyginum
906 2968 1063 3030 perperam
1084 2948 1199 3011 vocarit
1219 2947 1313 3011 llino-

90 3061 186 3104 msrns
198 3041 372 3112 Remensis,
396 3048 427 3100 at
447 3039 496 3116 qui
519 3038 595 3098 circa
610 3035 739 3098 medium
755 3035 846 3098 seculi
862 3035 954 3115 quinti
970 3035 1052 3107 vixit,
1073 3033 1196 3096 Haeresi
1211 3033 1312 3096 XXVI.
1365 3081 1369 3092 .

90 3127 161 3188 baec
179 3126 288 3187 habet:
311 3124 465 3186 Hactenus
488 3124 522 3186 de
540 3121 754 3202 Cataplcrqqis3
780 3131 879 3183 cetera
899 3137 973 3200 quae
990 3120 1142 3190 dicuntur,
1165 3121 1315 3200 quasiin-

97 3223 173 3273 urto
200 3208 375 3291 praetereo,
407 3209 441 3270 de
472 3209 603 3288 insontis
628 3210 773 3285 sanquine
794 3225 844 3268 eos
866 3207 1012 3284 occipere.
1042 3203 1130 3277 Quod
1151 3204 1215 3266 ideo
1238 3204 1315 3266 dici-

19 3296 20 3314 *
99 3315 161 3358 rsus
179 3316 214 3359 ne
239 3296 400 3356 videamur
421 3295 564 3371 iqnorare
588 3294 687 3353 omnia
709 3309 784 3372 quae
806 3291 840 3352 de
863 3293 904 3351 eis
927 3290 1088 3366 diconturq
1112 3289 1144 3350 lei
1164 3292 1241 3350 enirn
1262 3290 1316 3370 qui

99 3393 197 3442 contre
225 3398 279 3442 eos
309 3383 518 3458 scripserunt,
547 3375 624 3438 nibil
651 3376 720 3436 binc
737 3379 859 3454 penitus
881 3383 1099 3435 memorarunt.
1131 3373 1313 3452 Scriptores,

96 3467 142 3545 qui
162 3465 254 3528 rebus
277 3463 369 3542 gestis
391 3469 461 3522 sunt
482 3480 579 3540 pares,
602 3479 662 3520 non
685 3479 736 3521 eos
760 3459 810 3538 qui
832 3458 868 3520 ab
890 3458 940 3521 illo
964 3465 1098 3536 tempore
1120 3465 1189 3520 sunt
1210 3475 1313 3519 remo-

97 3551 194 3623 tiores,
209 3549 308 3628 qualis
319 3547 372 3608 luit
387 3544 522 3625 Cprillus,
545 3545 741 3606 consulendos
758 3544 906 3623 sapienter
920 3542 1077 3603 admodum
1092 3550 1201 3603 monet
1232 3541 1313 3602 Con-

96 3635 223 3698 suluerat
244 3635 310 3712 ipse
331 3631 460 3693 addens:
488 3631 618 3710 Scripsit
642 3639 820 3691 contraeas
843 3628 955 3708 librum
977 3627 1008 3688 S.
1031 3626 1121 3689 Soter
1145 3643 1227 3706 popu
1253 3624 1315 3686 Ur-

97 3721 136 3782 bis
163 3732 192 3783 et
218 3717 401 3799 Apollonius
424 3715 623 3795 Ephesiorum
644 3719 788 3776 antistes:
820 3723 927 3774 contro
949 3730 1023 3792 quos
1045 3714 1169 3792 scripsit
1193 3707 1316 3770 Tertul-

98 3805 194 3868 lianus
215 3803 381 3884 presbyter
406 3799 678 3880 Cartbaqiniensis,
713 3801 765 3877 qui
793 3816 859 3860 cum
888 3799 987 3858 omnia
1014 3797 1086 3857 benc
1114 3803 1143 3855 et
1160 3795 1261 3871 primo
1284 3799 1316 3852 et

100 3885 379 3971 incomparabiliter
411 3888 584 3964 scripserit,
617 3886 651 3943 iu
682 3881 736 3944 bos
765 3881 865 3944 solum
894 3899 925 3944 se
948 3876 1212 3960 reprehensibilem
1231 3875 1313 3954 fecit,

103 3977 172 4053 qued
193 3971 377 4046 Montanum
404 3969 553 4047 defendit,
583 3985 672 4046 opens
701 3975 809 4028 contro
830 3964 964 4029 Soterem
991 3961 1199 4042 supradictum
1225 3958 1315 4022 Urbis

105 4078 217 4137 papus,
240 4074 387 4120 asserens
410 4053 492 4133 salsa
515 4069 580 4114 esse
603 4053 637 4114 de
659 4053 805 4128 sanquine
826 4050 971 4129 insontis,
1001 4049 1167 4108 trinitatem
1188 4048 1222 4108 in
1243 4048 1315 4106 uni-

110 4151 161 4202 tate
180 4146 306 4216 deitatis,
328 4142 544 4221 poenitentium
566 4136 669 4216 lapsis,
691 4137 842 4214 mysteriis
865 4135 986 4202 modern,
1007 4149 1103 4192 unum
1120 4131 1235 4210 poseba
1256 4148 1316 4193 no-

109 4227 214 4292 biscum.
259 4227 328 4290 Hoc
350 4223 451 4288 solum
472 4223 688 4302 discrepamus,
711 4223 817 4301 inquit,
840 4218 918 4298 quad
939 4215 1084 4280 canendos
1106 4220 1230 4295 nuptias
1252 4231 1316 4276 non

108 4317 250 4394 recipimus
275 4323 305 4376 et
326 4307 521 4392 propbetiom
545 4305 683 4367 Montani
702 4305 737 4367 de
757 4305 866 4382 tuturo
889 4301 998 4363 iudicio
1020 4317 1082 4362 non
1104 4317 1288 4364 recusamus.
1368 4335 1369 4338 κ

176 4399 265 4462 Periit
288 4395 414 4478 quidem
435 4391 492 4452 boo
513 4388 683 4452 Tertulliani
704 4388 845 4450 adversus
868 4387 1003 4447 Soterem
1024 4385 1170 4458 volumen,
1191 4384 1222 4445 in
1244 4399 1314 4462 quo,

110 4499 179 4562 man
198 4485 234 4548 ab
256 4476 458 4546 Ecclesia'de
478 4474 676 4555 poenitentiae
697 4472 828 4534 remedio
851 4470 987 4531 hauserat
1007 4469 1198 4542 sententiam,
1220 4467 1317 4530 adbuc
1371 4540 1374 4549 1

109 4571 241 4648 nunquan,
265 4578 298 4633 as
321 4579 415 4645 qrram
437 4568 540 4640 postea
562 4557 727 4622 reuectavit
747 4556 822 4618 libro
844 4555 881 4616 de
901 4553 1043 4616 Pudicitia
1063 4554 1094 4616 in
1114 4554 1199 4633 peius
1219 4551 1322 4632 proli-
