3126 5250
234 377 301 442 294
335 393 527 441 nrssanmno
542 393 573 438 m
588 393 637 444 co.
652 391 737 436 sera.
751 389 838 434 anon.
854 389 1048 436 rmrmcmn
1061 389 1287 436 anocoasmcou
1301 391 1387 436 carr.

235 544 407 625 dempserit,
436 562 472 606 ex
499 541 707 606 audacioribus
734 541 798 604 aliis
827 539 892 604 eius
915 541 1148 604 correctionibus
1170 541 1242 603 satis
1270 541 1450 621 intelligitur.

234 629 329 692 Nobis
356 645 446 708 porro
478 627 604 690 sufficiat
629 634 790 690 annotasse
816 626 912 688 varias
929 633 1028 688 texam
1050 625 1222 688 Tertulliani
1243 625 1395 700 laedones,
1420 645 1452 690 ac

235 732 325 794 mam
355 721 435 775 recte
467 720 583 775 asserat
611 713 700 792 longe
726 711 971 792 praestantiorem
998 729 1067 772 case
1098 709 1334 773 Christianorum
1366 731 1452 792 quam

233 798 482 880 philosophorum
502 795 665 859 docuinam
684 814 844 875 moresque
864 795 992 870 illorum,
1024 813 1112 875 quam
1133 795 1332 875 quorumlibet
1352 796 1451 858 etlud-

236 901 338 946 comm
366 883 508 945 castiores
537 889 568 944 et
593 879 766 944 sanctiores.
809 880 871 942 lam
897 889 979 942 vero'
1000 879 1038 942 da
1058 880 1106 942 bis
1129 881 1400 960 comparationibus
1426 881 1453 942 in

235 975 339 1033 nostra
361 967 397 1028 ad
418 966 537 1029 llinucii
560 965 712 1029 (lotarium
734 964 941 1028 dissertatione
963 965 1076 1045 egimus
1105 964 1272 1040 (dissertat.
1294 965 1325 1028 in
1347 965 1454 1028 ldinuc.

236 1071 300 1132 cap.
325 1053 375 1116 13.
395 1053 458 1114 nrt.
480 1055 535 1129 4.).

742 1233 862 1296 CAPUT
883 1233 958 1296 xil.

236 1357 273 1409 lle
292 1355 482 1408 Christianorum
506 1355 610 1416 ieiuniis,
632 1353 794 1418 poenitentiae
818 1353 941 1419 operibus,
957 1349 1077 1418 'praeibas
1096 1359 1119 1402 et
1136 1351 1239 1404 solemni
1257 1353 1304 1404 diei
1322 1353 1457 1405 dominicae
1552 1339 1553 1380 i

398 1426 459 1474 lesio
478 1437 506 1474 ao
524 1429 612 1488 quanta
630 1421 654 1473 in
672 1421 702 1472 iis
719 1423 831 1473 omnibus
850 1421 947 1472 illorum
966 1430 990 1471 et
1006 1421 1130 1485 gentilium
1149 1421 1290 1472 differentia.

746 1641 913 1693 indictitiis
930 1641 949 1693 l.

236 1746 310 1798 Quam
327 1745 394 1800 longa
412 1751 433 1787 et
450 1743 539 1790 horrida
556 1745 638 1790 marim
655 1745 737 1790 ieiunia
750 1744 937 1788 cananaeorum:
953 1751 1058 1800 mantum
1076 1743 1104 1788 ab
1122 1744 1165 1788 beo
1177 1743 1324 1788 minuendae
1339 1745 1456 1790 amaritate

237 1813 343 1858 massono
360 1811 458 1856 conside
475 1819 497 1856 ot
514 1823 599 1856 coenae
616 1811 787 1868 Megarensium.
804 1813 908 1866 tribuum,
931 1811 1042 1856 curiarum
1060 1823 1088 1856 ao
1104 1811 1253 1864 decuriarum,
1276 1811 1454 1858 Herculanarum

272 1879 414 1930 decimatum,
432 1879 587 1936 polluctorum,
604 1879 765 1936 spatariorum,
783 1879 943 1936 Dionysiorum,
954 1879 1073 1924 draconum
1085 1879 1244 1934 materiarum,
1262 1877 1420 1935 Serapioarnm

517 1959 645 2000 coenarum,
662 1947 700 1991 ubi
718 1947 745 1992 do
763 1948 881 2003 sparteolis
899 1953 920 1992 at
937 1947 1054 1990 infamibus
1071 1945 1181 2003 parasitis.

322 2060 441 2122 Ceteras
469 2061 547 2123 inter
569 2061 801 2124 Christianorum
828 2061 951 2124 virtntm
973 2059 1098 2130 maxime
1120 2059 1237 2122 eminuit
1258 2069 1319 2122 tam
1352 2059 1449 2124 sedula

236 2165 325 2226 quiam
346 2147 419 2208 dura
439 2145 617 2208 ieiuniorum
640 2145 892 2207 observandarum
914 2164 983 2207 cura
1004 2153 1033 2207 et
1047 2143 1224 2218 sollicitudo,
1246 2163 1304 2224 qua
1319 2163 1376 2206 non
1388 2147 1445 2206 mi-

237 2249 295 2292 nus
326 2249 413 2310 quam
444 2229 509 2292 aliis
530 2229 688 2292 virtutibus
712 2230 748 2292 ab
770 2229 894 2292 ethnicis
916 2230 1130 2310 discrepabant
1167 2229 1262 2309 Saepe
1284 2229 1362 2292 enim
1379 2247 1443 2290 sae-
1555 2249 1556 2252 ¹

235 2314 305 2396 pius
333 2333 368 2376 ao
394 2313 517 2394 publicis
545 2315 576 2377 in
603 2313 815 2378 calamitatibus
842 2313 969 2376 diuinam
995 2313 1226 2376 misericordiam
1254 2331 1316 2375 non
1345 2331 1396 2392 pro
1415 2333 1447 2375 se

237 2407 362 2472 tantum,
396 2401 449 2460 sed
471 2399 535 2462 suis
558 2400 645 2462 etiam
666 2416 721 2479 pro
744 2398 870 2460 inimicis
900 2417 961 2460 non
981 2398 1190 2478 perfunctoria,
1220 2398 1273 2460 sed
1296 2398 1452 2460 durissima

235 2483 387 2564 rigidioris
409 2483 511 2546 ieiunii
532 2483 738 2546 observatione
758 2502 880 2545 exorare
895 2483 1084 2545 conabantm.
1112 2483 1221 2546 Audias
1235 2482 1323 2546 velim
1338 2482 1452 2563 ipsum·

236 2577 300 2631 met
319 2568 545 2630 Tortadlianum:
568 2569 641 2641 Nos,
663 2567 767 2647 inquit,
789 2572 909 2631 ieiuniis
930 2569 1019 2640 oriali,
1040 2569 1099 2630 boo
1120 2574 1168 2630 est
1189 2566 1314 2630 contenti
1335 2575 1367 2630 et
1388 2587 1455 2631 are-

235 2653 315 2726 laoti,
338 2653 446 2734 quippo
467 2653 517 2732 qui
538 2672 599 2714 non
620 2653 684 2715 aliis
711 2653 785 2715 cibis
808 2670 894 2731 quam
916 2651 1007 2714 aridis
1027 2661 1090 2714 tum
1111 2652 1267 2714 vescimur.
1310 2652 1385 2714 Nam
1408 2653 1455 2715 ille

236 2736 306 2801 alibi
329 2756 425 2811 seron
446 2739 497 2810 ait,
520 2739 569 2800 oel
587 2739 692 2800 cridae
716 2756 810 2810 escas,
832 2757 866 2798 ac
885 2737 973 2817 paulo
984 2737 1164 2816 explicatius,
1185 2737 1388 2816 coeropbcgr'oa
1405 2740 1457 2802 ob·

236 2841 404 2894 amoenus,
427 2827 573 2886 siccantes
595 2824 692 2885 cibum
713 2823 748 2884 ob
772 2827 854 2884 omni
875 2840 973 2892 corne,
998 2827 1081 2884 oanni
1100 2821 1266 2884 iurulentia
1287 2833 1317 2884 et
1338 2825 1457 2886 ovidio-

235 2907 324 2970 ribns
353 2908 516 2988 quibusque
533 2911 643 2987 pomis,
673 2924 710 2968 ne
732 2908 803 2986 qnid
824 2910 996 2970 or'nositotis
1019 2906 1068 2968 ael
1089 2907 1210 2968 adcensa
1238 2904 1285 2968 vel
1306 2920 1457 2987 paternos,

237 2991 357 3054 honori
376 3010 491 3073 quoquo
512 2993 723 3054 abstinentium
745 3002 954 3070 congruentem
967 2992 1054 3053 crido
1070 2993 1165 3054 victui
1179 2989 1456 3072 (Tertulliandpo-

234 3075 327 3156 loget.
349 3095 412 3155 cap.
434 3079 486 3140 40.
510 3075 547 3137 de
568 3074 690 3136 ieiuniis
712 3094 774 3154 cap.
801 3079 829 3137 l.
852 3085 883 3136 et
904 3093 966 3154 cap.
992 3077 1064 3150 ta).

323 3159 396 3232 Quis
425 3168 522 3222 autem
551 3159 651 3220 aridus
680 3159 728 3220 ille
754 3159 837 3222 cibus
866 3169 990 3238 atquae
1013 3177 1079 3222 esca
1101 3157 1181 3220 arida
1202 3159 1252 3232 sit,
1274 3158 1300 3219 si
1322 3159 1360 3220 ab
1383 3159 1459 3241 Epi·

236 3243 348 3324 phanio
375 3243 519 3324 postules,
546 3244 599 3306 tibi
628 3244 821 3323 respondebit
842 3263 902 3306 non
923 3244 1009 3305 aliam
1031 3261 1108 3316 esse,
1137 3243 1195 3305 nisi
1216 3261 1332 3322 panem,
1364 3245 1409 3306 sal
1431 3254 1462 3307 et

111 3396 115 3404 ,
237 3345 353 3406 aquam.
384 3328 441 3390 Per
461 3336 542 3391 totos
564 3337 661 3390 autem
684 3328 750 3390 illos
772 3331 1000 3400 ieiunationum,
1024 3327 1065 3389 uti
1088 3327 1136 3388 ille
1157 3327 1295 3407 loquium,
1318 3336 1349 3389 et
1362 3348 1459 3394 mero-

235 3411 419 3493 plopiorom
445 3412 507 3474 dies
529 3413 572 3474 las
595 3412 769 3475 Christianis
789 3431 850 3474 non
874 3421 936 3474 erat
955 3414 1048 3474 bosco
1070 3412 1163 3484 cibos,
1192 3413 1380 3492 quantumvis
1403 3433 1458 3494 pa·

237 3513 305 3558 rum
327 3496 494 3559 esculentos
518 3505 547 3558 at
567 3515 683 3570 suaves,
714 3498 817 3577 quovis
840 3497 898 3558 diei
920 3505 1053 3576 tempore
1075 3505 1264 3576 praegustare
1295 3497 1457 3578 (Epiphan.

238 3581 371 3661 Exposit.
393 3581 456 3642 Fid.
479 3585 508 3658 ξ.
531 3584 582 3645 22.
604 3599 634 3661 p.
659 3585 780 3659 1015.);
802 3582 855 3643 sed
876 3581 912 3643 ab
935 3582 1027 3654 omni,
1049 3582 1091 3642 ait
1111 3581 1326 3644 adhucductor
1341 3593 1464 3656 noster,-

237 3671 318 3729 oitoe
337 3669 429 3748 [ruge
449 3685 503 3728 seu
525 3685 700 3746 quocunque
721 3665 786 3728 cibo
809 3667 897 3729 dilati
924 3665 1108 3742 (Tertullian.
1123 3666 1276 3745 apologet.
1298 3685 1364 3747 cap.
1381 3671 1458 3743 too.

237 3751 317 3813 huuc
343 3751 462 3814 nonnisi
493 3769 562 3812 aero
591 3770 625 3813 ac
650 3750 705 3814 sub
734 3751 830 3813 noctis
863 3751 983 3826 initium
1007 3751 1171 3813 sumebant.
1215 3749 1316 3829 Neque
1348 3753 1458 3814 borum

237 3837 395 3900 rerbomm
416 3837 489 3898 baec
508 3845 610 3898 nostra
632 3843 679 3898 est
701 3835 864 3915 explicatio,
894 3835 948 3898 sed
974 3834 1078 3916 ipsius,
1106 3835 1157 3915 qui
1178 3833 1247 3896 alibi
1268 3836 1457 3914 apertissime

237 3920 327 3982 dixit:
349 3923 538 3985 abstinentes
560 3922 596 3983 ab
619 3924 670 3992 eis,
693 3939 766 4000 poce
780 3927 888 3994 umen,
911 3919 1156 4000 quemadmodum
1170 3919 1310 3982 baeretici
1324 3921 1456 4000 quidam,

237 4023 302 4067 non
330 4011 489 4077 reiicimos,
524 4005 576 4068 aad
603 4005 770 4086 differimus
801 4004 895 4080 (idem
926 4004 976 4066 lib.
1000 4003 1036 4066 de
1058 4003 1150 4066 leiun.
1173 4021 1236 4084 oap.
1261 4008 1335 4080 lb),
1370 4013 1458 4086 atque

237 4087 280 4150 ita
307 4089 416 4152 ieiunia
442 4098 544 4152 nostra
564 4089 596 4150 in
617 4107 772 4168 vesperum
793 4088 995 4168 producimus.
1025 4088 1196 4161 Quinimmo
1208 4088 1357 4164 Christus,
1380 4098 1455 4154 teste

237 4171 378 4246 Eusebio,
400 4183 562 4237 sectatores
590 4191 661 4235 suos
683 4173 823 4235 docuerat
843 4173 879 4236 ad
901 4174 1010 4236 multos
1032 4173 1096 4236 dies
1118 4173 1184 4235 cibo
1207 4181 1237 4234 et
1257 4173 1326 4235 rino
1347 4175 1454 4238 luben·

239 4256 356 4319 tissime
382 4258 540 4332 abstinere,
567 4259 673 4320 durum
701 4277 734 4321 ae
756 4276 893 4321 serarum
914 4277 1001 4337 agere
1018 4257 1134 4320 vivendi
1156 4275 1259 4338 genus,
1287 4267 1377 4338 atque
1398 4262 1453 4323 im·

237 4359 371 4404 mensam
399 4362 460 4405 non
486 4345 576 4406 modo
598 4342 740 4418 virorum,
767 4341 980 4406 verumetiam
1002 4343 1157 4405 mulierum
1180 4342 1398 4407 multitudinem
1420 4362 1454 4406 eo

238 4425 405 4507 immlerat,
437 4435 469 4490 ut
491 4429 599 4508 spretis
622 4447 781 4508 corpomm
816 4426 962 4490 alimentis
990 4427 1154 4491 divinarum
1176 4427 1275 4507 potius
1296 4427 1455 4492 lectionum

237 4511 412 4574 rationalem
438 4511 536 4574 cibum
563 4521 736 4594 appeterent
762 4513 883 4587 (Euseb.
907 4511 989 4575 Orat.
1011 4513 1048 4574 de
1069 4511 1162 4574 Laud.
1184 4512 1372 4576 Constantini
1394 4531 1454 4594 cap.

237 4598 292 4664 17.
313 4617 344 4679 p.
367 4599 464 4678 libid.
507 4597 585 4672 Quid
604 4598 714 4662 mirum
732 4597 833 4679 igitur,
862 4596 889 4660 si
908 4595 941 4662 bi
962 4595 999 4660 ab
1021 4596 1126 4662 eodem
1147 4595 1329 4662 'lertralliano
1351 4607 1455 4662 nostro
