3122 5250
230 289 293 355 382
328 307 518 352 nrssssrarro
534 306 565 349 ru
580 305 628 357 ou.
644 303 728 351 serr.
744 303 830 348 enon.
847 303 1041 349 rsnrmnmrn
1055 303 1286 350 prouocerrcmr
1301 305 1385 352 cerr.

230 459 290 520 lilia
311 456 397 531 Gore,
418 475 472 519 seu
492 425 682 537 Proserpina,
705 454 876 537 suscepisse
895 454 1032 520 liberos?
1059 455 1134 530 Quis
1156 455 1245 518 etiam
1268 455 1316 518 vel
1336 457 1443 537 prirno-

231 543 314 605 ribus
335 541 424 606 labris
446 541 542 602 editos
564 559 581 602 a
602 539 734 622 profanis
755 541 853 621 poecis
873 540 967 602 libros
998 540 1092 620 attigit
1119 559 1174 604 nec
1194 539 1276 604 illico
1300 541 1444 604 exhorruit

231 627 352 689 abillis
381 627 522 688 lunonem
550 623 658 698 induci,
692 643 765 704 quae
793 643 826 688 ee
854 625 987 687 eiusdem
1007 625 1087 687 lovis
1116 643 1253 688 sororem
1277 634 1309 688 et
1329 643 1443 688 uxorem

233 731 301 774 esse
322 708 492 774 factitabat?
520 708 607 790 Atqui
627 704 771 794 μιμητὰς
785 709 886 788 θεῶν,
910 709 951 772 311
964 710 1094 773 lustinus
1110 710 1226 791 Martgr,
1249 707 1352 775 καλὸν
1367 702 1444 776 εἶναι

231 793 353 872 πάντες
373 787 544 879 p‘yodrruc:
567 795 675 858 033133
693 795 858 876 pulcbrrrm
878 806 1039 859 summust
1059 813 1091 857 ee
1113 796 1240 859 deonas
1262 799 1445 861 3333131113-

231 893 315 945 tores
343 881 459 958 (lustin.
479 879 633 960 Apologet.
655 880 702 956 1.).
745 879 885 953 Quemvis
912 887 1010 942 eutem
1038 879 1147 943 ethuici
1174 897 1208 943 se
1236 879 1324 944 illum
1350 897 1444 943 revera

231 966 361 1028 imitatos
389 965 483 1027 fuisse
509 971 680 1044 negassent,
707 963 778 1026 vitio
805 971 904 1026 menen
925 963 1099 1027 Christianis
1128 966 1198 1027 dare
1219 984 1284 1027 non
1305 973 1444 1046 poterant,

231 1051 312 1131 quod
332 1069 349 1113 a
369 1050 438 1112 lore
460 1067 588 1123 summo,
609 1056 644 1110 ut
663 1049 789 1123 aiebant,
811 1049 867 1111 deo
889 1057 987 1112 aclrrnr
1007 1048 1181 1111 fatebantur.
1221 1049 1268 1112 lle
1288 1051 1338 1113 his
1358 1067 1443 1134 porro

230 1135 309 1198 illius
332 1133 493 1197 sceleribus
515 1151 572 1196 nos
593 1133 667 1196 satis
688 1151 835 1215 superque
855 1133 885 1195 in
907 1134 1110 1214 superioribus
1132 1135 1246 1198 nostris
1262 1134 1442 1199 dissertatio·

230 1219 319 1283 nibus
341 1219 564 1303 disputavimus.

317 1304 471 1367 Summum
492 1322 594 1383 porro,
616 1303 661 1364 vel
682 1301 780 1382 potius
802 1321 917 1364 summe
938 1303 1059 1382 impium
1080 1303 1162 1366 illum
1176 1303 1280 1367 lovem
1294 1304 1442 1366 imitaban-

233 1399 280 1452 tur
300 1389 419 1463 Persae,
441 1406 517 1467 quos
541 1407 607 1450 cum
629 1391 703 1464 cuir,
732 1387 773 1449 ait
791 1389 901 1450 Auctor
922 1397 1036 1462 noster,
1066 1387 1216 1451 metridate
1238 1393 1363 1453 miscere·
1383 1389 1444 1452 Cte-

231 1479 294 1538 3133
315 1474 492 1546 testificatur
506 1471 689 1547 (Tertullian.
704 1472 857 1553 Apologet.
880 1488 944 1552 rap.
959 1474 1013 1549 9.).
1042 1473 1232 1554 Antipnores
1257 1471 1441 1553 manuscripti

231 1559 327 1622 nostri
348 1559 465 1620 codices
489 1557 636 1628 Clateseos,
658 1557 689 1617 in
708 1556 786 1618 libro
807 1557 845 1618 ad
858 1556 998 1618 Nationes
1016 1555 1136 1620 Tlreer'oe
1151 1559 1298 1638 scriptum
1314 1557 1443 1622 exhibent

231 1643 310 1717 (Lib.
332 1643 356 1705 1.
378 1643 415 1704 ad
436 1641 553 1704 Notion.
575 1659 639 1722 cap.
664 1643 735 1718 16.)
779 1640 823 1704 De
850 1642 909 1702 boc
940 1650 1037 1704 autem
1064 1642 1185 1704 nonrine
1207 1643 1323 1706 Ctesias
1345 1651 1375 1706 et
1392 1661 1440 1704 ne·

232 1727 319 1789 fando
352 1725 402 1788 illo
430 1727 590 1788 Persarum
622 1725 733 1787 scelere
764 1727 794 1787 in
826 1725 890 1788 eliis
918 1726 1030 1788 nostris
1052 1727 1315 1791 dissertationibus
1338 1727 1442 1808 egimm

233 1812 333 1886 (Tom.
354 1811 379 1873 l.
406 1811 542 1892 Apparet.
571 1827 600 1890 p.
626 1812 718 1875 1259.
748 1819 777 1872 et
804 1811 958 1873 dissertat.
981 1811 1011 1871 in
1032 1810 1143 1874 Arnob.
1171 1813 1441 1892 3313211112.

232 1905 304 1958 torn.
327 1896 351 1957 1.
371 1896 508 1976 Apparet.
531 1914 559 1975 p.
585 1897 677 1960 1239.
700 1902 730 1956 31
750 1894 904 1958 1113331131.
927 1895 956 1956 in
979 1895 1085 1958 Minuc.
1108 1915 1171 1976 cap.
1192 1899 1247 1962 20.
1270 1898 1333 1959 Art
1355 1899 1405 1974 2.).

316 1981 393 2043 Turn
415 1980 522 2042 debinc
536 1980 733 2041 Tertullianus
748 1980 923 2042 Macedones
945 1981 976 2041 in
998 1999 1132 2060 magnam
1152 1982 1288 2046 incestus
1303 1980 1440 2062 suspicio·

232 2084 310 2138 nem,
333 2074 384 2128 aut
404 2074 484 2127 certe
505 2064 786 2144 comprobationem,
808 2065 926 2126 venisse
946 2065 1015 2127 hinc
1035 2065 1160 2144 colligit:
1189 2066 1274 2140 Quia
1296 2087 1362 2130 eum
1380 2069 1441 2146 pri·

232 2169 322 2226 marm,
344 2150 447 2229 inquit,
473 2150 548 2212 Oedi
566 2169 618 2212 um
640 2151 824 2231 tragoediam
844 2151 1008 2223 audissent,
1031 2151 1165 2214 uidentes
1186 2155 1299 2215 lucreti
1318 2151 1441 2215 dolorem

233 2232 348 2299 ἔλαυνε
362 2235 497 2298 dicebaut
518 2169 565 2310 ely}
585 2231 643 2319 ripe
664 2235 789 2318 μητέρα
809 2232 991 2309 (Tertullian.
1006 2235 1159 2316 Apologos
1182 2253 1247 2316 cap.
1264 2239 1317 2315 9.).
1347 2235 1440 2298 unum

233 2327 331 2381 autem
359 2337 446 2400 mam
468 2325 606 2398 corrupte
627 2328 657 2380 et
677 2318 757 2380 varie
778 2320 851 2381 baec
871 2337 975 2398 graeca
996 2320 1084 2383 verim
1106 2320 1137 2382 in
1159 2321 1369 2402 manuscriptis
1389 2337 1438 2380 no·
1507 2351 1508 2370 ,

234 2405 305 2466 stris
327 2403 477 2466 codicibus
499 2413 529 2488 et
549 2403 613 2465 aliis
636 2403 722 2465 editis
745 2403 854 2483 scripta
876 2403 944 2465 sint
975 2404 1009 2465 ln
1031 2404 1126 2467 tribus
1143 2405 1222 2467 enim
1237 2403 1437 2468 vetustioribus
1507 2471 1508 2480 ,

233 2488 340 2567 legitur
359 2506 477 2550 emrue
499 2506 545 2550 erc
566 2507 623 2549 rnre
645 2507 782 2550 auream
803 2488 850 2550 vel
871 2507 929 2550 anu
950 2507 1079 2564 lairere,
1101 2489 1131 2551 in
1153 2489 1218 2553 eliis
1234 2489 1439 2554 dnobuselb‘os
1507 2492 1508 2516 ³

234 2573 483 2654 correctiora:
504 2573 535 2634 in
555 2573 651 2654 prima
672 2573 800 2636 editione
810 2573 940 2636 Basileae
961 2592 1038 2636 enno
1060 2573 1194 2664 Mllela
1217 2572 1315 2658 ipseo
1331 2567 1437 2654 εἰςπὴν

231 2661 360 2742 μετέρα.
404 2658 438 2720 ln
460 2658 589 2720 secunda
610 2677 687 2718 anno
714 2658 893 2720 MDXXVMI.
915 2659 1020 2737 legitur
1041 2659 1209 2720 charactere
1231 2659 1322 2723 laturo
1336 2665 1437 2720 tantum
1507 2653 1508 2662 ’

234 2763 331 2806 oueue
353 2751 383 2806 et
403 2741 458 2805 alia
479 2742 567 2804 verbe
590 2743 702 2804 omissa
724 2752 803 2804 sunt
833 2741 965 2822 Denique
985 2741 1016 2804 in
1037 2743 1113 2804 libro
1135 2744 1171 2805 ad
1185 2743 1329 2806 Nationes
1350 2739 1436 2805 latinis

233 2827 320 2890 etiam
347 2828 455 2890 litteris
482 2826 622 2889 babetur:
651 2827 767 2891 Elauer
795 2837 844 2890 tec
871 2839 993 2891 metere.
1036 2827 1208 2890 Alibrariis
1237 2830 1326 2909 igitur
1346 2841 1437 2908 graece

232 2913 434 2988 nescientibus
457 2919 593 2991 corrupta
615 2912 734 2973 fuerunt
755 2931 857 2993 graeca
878 2912 925 2974 illa
946 2911 1045 2986 rerba,
1067 2912 1216 2992 necfacile
1232 2914 1351 2988 dixeris,
1372 2925 1436 2991 quac

231 3017 337 3076 reapse
358 3017 375 3059 a
396 2995 575 3058 Tertulliano
598 2995 706 3076 scripta
729 2997 798 3059 sint.

318 3080 517 3143 Gotbofredus
537 3087 645 3154 tamem
668 3081 717 3161 qui
739 3081 852 3162 primus
876 3082 966 3142 hosce
980 3080 1074 3142 libros
1089 3081 1165 3163 typis
1181 3082 1313 3146 edendos
1328 3076 1435 3148 curarit,

234 3163 331 3226 nullus
359 3164 445 3245 plane
476 3165 713 3244 dubitatveram
736 3185 802 3228 esse
823 3166 898 3227 banc
918 3165 1116 3246 posteriorem
1136 3166 1316 3247 Agebardfni
1337 3161 1435 3227 codicis

233 3249 400 3322 lectionem,
422 3255 509 3328 atque
530 3249 566 3310 ab
589 3249 693 3311 eodem
709 3249 888 3312 'Tertulliano
904 3251 1017 3330 graecis
1032 3250 1138 3326 litteris
1153 3253 1312 3332 scriptum:
1335 3247 1435 3314 stoue

235 3329 282 3408 εἰς
301 3328 359 3416 τὴν
380 3335 522 3416 precipe:
545 3333 686 3414 Rigaltius
708 3353 779 3396 vero
801 3335 831 3396 in
853 3335 980 3414 antiquis
1004 3337 1154 3399 codicibus
1177 3338 1320 3418 scriptum
1341 3329 1435 3396 asserit

234 3413 348 3482 stowe
369 3414 416 3493 εἰς
436 3413 495 3503 τὴν
516 3421 647 3502 μητέρα.
692 3419 752 3480 Sed
779 3418 828 3497 qui
857 3418 888 3479 hi
917 3420 1033 3482 codices
1055 3430 1085 3482 et
1107 3430 1203 3483 utrum
1227 3439 1244 3482 a
1266 3418 1373 3484 nostris
1393 3413 1432 3474 di·

233 3503 312 3565 versi
345 3504 415 3575 sint,
447 3502 576 3565 indicare
608 3501 741 3565 debebat
785 3503 858 3565 Nam
887 3513 1005 3583 praeter
1032 3505 1090 3567 iam
1117 3515 1234 3568 notatos
1262 3516 1292 3567 et
1318 3523 1333 3566 a
1358 3499 1433 3564 nobis

232 3588 326 3651 lectos
349 3587 465 3650 codices
486 3587 597 3650 nullum
618 3587 706 3650 alium
727 3586 838 3660 babuit,
868 3589 922 3649 sed
950 3591 1089 3670 quasdam
1112 3599 1224 3652 tanturn
1247 3608 1306 3652 non
1327 3583 1433 3649 omniuo

233 3681 328 3736 certas
343 3673 505 3736 Fuldenses
526 3673 679 3736 lectiones.
711 3671 769 3734 Sed
791 3673 860 3752 quid
883 3673 919 3734 de
941 3677 1119 3754 graecum
1133 3675 1291 3737 verborum
1313 3691 1328 3734 a
1353 3668 1431 3750 libra·

158 3829 162 3846 ,
233 3759 286 3820 riis
309 3766 516 3839 conuptorum
538 3775 607 3820 vera
627 3756 753 3820 lectione
775 3766 902 3820 statuere
923 3760 1048 3840 poteris,
1081 3759 1139 3821 nisi
1161 3778 1249 3822 sanos
1272 3756 1383 3820 codices
1401 3745 1432 3810 td

233 3862 351 3906 manum
373 3841 507 3905 babeas?
549 3842 687 3922 Expende
709 3851 806 3904 tamen
827 3851 926 3906 utrum
948 3843 1117 3906 Tertulliani
1141 3861 1248 3906 sensus
1271 3841 1432 3922 exprimetur

234 3927 280 3989 his
307 3928 404 3990 latinis
434 3927 547 3990 verbis:
578 3930 637 4007 Age
666 3929 723 3990 dcc
743 3933 776 3989 iu
795 3939 932 3991 matrem
975 3926 1048 3989 Nam
1070 3929 1254 3992 introductus
1275 3928 1305 3988 in
1327 3933 1432 3986 scenam

236 4011 366 4093 Oedipus
395 4032 447 4075 rex
468 4012 592 4074 beMalor
613 4030 679 4073 cum
701 4012 867 4092 fingeretur,
882 4014 953 4074 llere
985 4013 1129 4092 incestum
1159 4032 1245 4093 quem
1267 4029 1331 4074 cunr
1351 4011 1432 4069 matre

236 4097 347 4158 inscius
368 4098 486 4171 lecerat,
514 4105 576 4158 mm
597 4095 770 4159 Macedones
793 4097 871 4160 bunc
891 4095 1024 4158 bellicosi
1045 4100 1123 4178 regis
1146 4100 1245 4162 fletum
1267 4093 1430 4158 uendentes.

235 4179 293 4242 boc
314 4181 435 4242 dicterio
456 4189 658 4262 pupugerunt:
681 4184 739 4261 Age
762 4183 819 4244 duc
839 4187 872 4244 in
892 4192 1028 4254 mutreio,
1050 4184 1133 4262 quasi
1151 4180 1333 4262 metropolim
1348 4188 1429 4268 11111111·

235 4264 302 4326 darn
331 4264 515 4328 subacturus.
558 4267 644 4330 Hunc
670 4274 766 4330 autem
795 4285 862 4328 esso
882 4266 1016 4328 Auctoris
1038 4269 1134 4330 nocui
1155 4285 1276 4330 sensum
1297 4259 1370 4324 haud
1388 4271 1428 4352 {¹¹¹

228 4357 304 4430 'epte
326 4351 426 4410 forsan
448 4351 545 4430 colligi
565 4360 666 4431 potest
687 4370 722 4413 er
743 4351 821 4413 illius
843 4351 879 4412 ad
893 4350 1032 4414 Nationes
1053 4351 1139 4428 libro,
1162 4353 1212 4415 nbi
1233 4352 1303 4413 haec
1322 4345 1428 4436 olenus

234 4433 340 4515 bisque
362 4434 460 4496 verbis
482 4435 620 4515 explicat:
645 4437 856 4517 dempsimus
878 4454 997 4499 remum
1017 4455 1122 4500 eorum
1141 4436 1328 4500 Macedonum
1350 4423 1427 4490 cetr-

231 4537 292 4600 pur
313 4523 442 4586 introvit
463 4519 633 4585 trucidatus
657 4519 769 4594 oculor,
798 4524 867 4585 risu
896 4539 932 4586 uc
953 4523 1058 4588 derisu
1080 4531 1268 4606 encepemrm.
1314 4513 1427 4592 fragor
