3126 5250
482 385 638 432 ,uncroun
659 389 778 434 13333
798 391 926 436 333333.
1257 377 1319 442 281

193 534 310 608 Quanta
336 543 432 597 autem
460 553 477 596 e
498 538 645 600 33333313
666 549 748 602 33331
767 537 918 620 gentilium
938 542 1092 606 homiuum
1112 544 1200 606 etiam
1221 545 1321 625 philo-

109 618 273 699 sophorum
294 619 514 694 incontinentia,
537 621 735 686 llertubiauus
757 627 888 689 ostendit
907 628 1065 690 Democriti
1087 630 1236 709 exemplo:
1259 629 1322 692 De-

107 708 264 775 mocritus,
291 704 396 784 iuquit,
423 708 607 770 eccoecondo
629 715 824 790 aeueetipsum,
853 714 931 794 pund
951 713 1105 776 3131131333
1125 719 1189 777 sine
1210 733 1321 778 33333-

104 794 254 870 313333113
274 795 409 870 aspicere
431 809 493 854 333
509 803 614 872 posset
635 804 664 856 31
686 795 809 869 doleret,
840 803 951 862 31333
972 803 1321 878 333333113313333-

105 878 266 936 triremium
293 875 496 938 mendatium
519 879 686 958 profitetur
708 880 890 953 (Tertulbau.
912 882 1007 960 ibid).
1050 882 1109 944 Sed
1131 883 1167 945 de
1189 883 1244 944 hac
1263 903 1319 944 vo-

102 959 233 1021 13313313
260 958 420 1021 Democriti
448 961 585 1022 caecitate
619 963 741 1044 eiusque
779 985 866 1028 causa
892 975 991 1047 potest
1018 985 1085 1029 esse
1111 985 1172 1029 non
1199 968 1319 1030 minima

103 1043 262 1106 dubitandi
288 1043 374 1104 ratio.
417 1043 490 1106 Nam
510 1045 684 1110 Plutirchus
713 1049 800 1129 plane
827 1052 1001 1132 penitusque
1029 1060 1118 1132 negat
1143 1052 1224 1114 illum
1246 1069 1319 1116 suos

103 1136 216 1208 sponte
238 1147 293 1189 sua
314 1128 381 1189 ideo
403 1129 565 1192 extinxisse
587 1133 699 1206 333133,
722 1153 759 1198 33
781 1136 910 1199 animum
932 1146 1087 1199 avocarent
1107 1156 1164 1198 neo
1189 1137 1321 1199 sinerent

101 1214 199 1275 rebus
221 1212 284 1275 3313
305 1221 403 1275 mente
424 1216 578 1278 cernendis
600 1216 752 1280 immorari
784 1220 940 1295 (Plutarch.
962 1221 1012 1282 lib.
1035 1220 1072 1282 de
1094 1221 1230 1284 Curiosit
1253 1240 1318 1301 pag.

102 1301 175 1362 521.
204 1305 277 1359 tom.
298 1297 358 1376 11.).
401 1298 479 1360 Nihil
504 1311 601 1362 autem
628 1302 664 1363 de
691 1303 769 1366 illius
797 1307 935 1368 caecitate
956 1306 1058 1368 Cicero
1081 1315 1162 1368 certo
1183 1325 1319 1386 pronun·

102 1385 177 1444 liare
202 1382 335 1444 videtur:
358 1383 555 1456 Democritus,
577 1386 681 1466 inquit,
703 1394 755 1469 331
774 1409 843 1453 nere
862 1391 983 1470 [313333
1004 1409 1223 1471 quaereremus,
1246 1394 1321 1455 diei-

102 1481 154 1530 tur
181 1467 279 1530 333113
300 1487 333 1530 33
349 1472 504 1548 prienaee:
538 1482 626 1544 certe,
648 1483 793 1554 3133333
813 1479 930 1538 minante
952 1480 1070 1538 3313333
1092 1495 1112 1536 3
1134 1481 1322 1557 cogitationi-

102 1554 157 1614 bus
183 1553 387 1614 obduceretur
418 1553 522 1625 (Cicer.
545 1555 595 1616 lib.
618 1555 651 1617 V.
674 1557 826 1619 13111311.
849 1577 878 1638 p.
904 1562 973 1624 113.
995 1560 1046 1622 lin.
1071 1563 1143 1638 aa).
1187 1560 1219 1622 Si
1240 1561 1320 1621 euim

100 1638 152 1710 111,
178 1643 214 1698 31
234 1637 352 1716 quidam
374 1637 541 1716 opinantur,
563 1640 717 1702 delendum
735 1643 780 1703 sit
800 1645 921 1706 verbum
943 1663 1153 1724 quaereremus
1169 1645 1319 1723 3313333-

100 1722 174 1783 dnm
198 1722 327 1802 [313333.
349 1722 435 1801 plane
457 1723 493 1784 de
514 1723 562 1785 illa
575 1725 734 1788 Democriti
755 1729 893 1790 caecitate
915 1728 1034 1790 dubium
1057 1737 1087 1790 31
1107 1729 1264 1809 ancipitem
1286 1747 1320 1791 se

100 1807 203 1868 luisse
228 1806 382 1884 significat.
436 1807 575 1880 Quamvis
603 1819 699 1872 autem
727 1812 850 1874 verbum
876 1833 1087 1895 quaereremus
1116 1815 1151 1875 31
1180 1833 1216 1876 33
1244 1832 1319 1893 pro·

102 1894 219 1952 lectum
244 1890 339 1960 luerit,
368 1891 425 1952 alio
453 1899 550 1956 tamen
572 1895 661 1956 verbo
685 1898 796 1958 dicitur
824 1897 895 1959 satis
928 1905 1027 1977 aperte
1048 1897 1175 1960 dederat
1194 1898 1225 1960 id
1246 1917 1263 1960 3
1285 1916 1320 1959 33

102 1993 168 2073 non
191 1993 281 2054 posse
302 1984 384 2037 certo
405 1977 552 2040 affirmari.
596 1979 703 2042 Verum
724 1981 815 2043 huius
837 1981 947 2046 Gellius
973 1983 1145 2046 testificatur
1167 1983 1197 2044 in
1219 1983 1317 2044 histo-

101 2065 672 2221 iffialliffliailllhmiillifmd
693 2074 884 2236 bittit.
906 2067 1318 2232 btt⁰tl’.tltlh.lt2

103 2239 226 2292 naturae
248 2229 412 2292 rationibus
436 2240 538 2293 esseut
557 2235 722 2313 vegetiores
745 2236 963 2316 exactioresque
995 2237 1080 2309 (ceu.
1103 2237 1153 2299 lib.
1175 2237 1211 2299 X.
1234 2237 1318 2300 Noct.

105 2319 158 2377 an
182 2333 249 2394 cap.
275 2319 348 2392 11).
392 2315 468 2377 Tum
490 2317 675 2380 continenter
688 2318 803 2381 Laberii
825 2321 895 2383 citat
913 2341 1027 2392 versus,
1050 2322 1158 2401 quibus
1180 2322 1320 2384 describit

107 2399 228 2462 huiusce
262 2399 407 2462 caecitatis
436 2400 491 2462 sihi
514 2401 550 2462 31
571 2402 621 2464 illo
643 2405 803 2468 concitatae
824 2405 910 2467 aliaue
930 2406 1023 2468 131333
1044 2407 1198 2480 rationem,
1232 2426 1318 2486 33313

111 2483 162 2546 hoc
180 2503 271 2546 versu
292 2491 380 2563 poeta
401 2487 560 2566 expressit:
591 2556 593 2567 ,

258 2567 348 2631 Molis
370 2571 441 2632 1333
462 2590 528 2633 3333
549 2589 586 2634 33
607 2574 721 2635 uideret
745 2575 866 2636 3131133.

114 2649 304 2734 liicronpmus
327 2663 424 2716 autem
444 2656 562 2718 nemine
594 2657 761 2736 singillatim
789 2657 933 2738 appellato
962 2667 1063 2719 narrat
1083 2659 1227 2738 quosdam
1247 2660 1316 2738 phi-

108 2737 248 2818 losophos
271 2737 329 2800 sibi
351 2739 452 2800 oculos
475 2740 605 2815 eruisse,
628 2759 666 2802 33
688 2761 704 2802 3
726 2742 971 2821 contemplatione
991 2742 1197 2823 philosophiae
1211 2763 1316 2805 avoca-

107 2833 207 2886 rentur
229 2829 372 2885 ettotam
393 2824 599 2904 cogitationem
622 2827 658 2886 ad
679 2827 786 2888 mentis
808 2827 965 2906 puritatem
976 2838 1115 2905 cogerent
1136 2827 1315 2906 (Hieroupm.

106 2905 151 2970 lib.
174 2907 213 2969 ll.
236 2908 302 2968 adn.
323 2907 415 2970 levin.
438 2928 467 2989 p.
490 2913 562 2974 203.
586 2920 616 2971 et
636 2910 728 2989 Epist
751 2916 802 2974 55.
830 2910 867 2971 ad
888 2910 1028 2989 Abigaum
1049 2929 1079 2990 p.
1102 2913 1198 2989 589.).
1242 2913 1317 2984 Quis

104 3003 201 3054 autem
223 2992 308 3054 133113
330 2993 386 3054 3111
408 2994 580 3072 persuaderi
602 3013 662 3055 non
684 2995 763 3058 siuet
771 2995 970 3056 Democritum
985 3013 1077 3056 unum
1098 2995 1190 3058 luisse
1213 3015 1249 3057 ex
1271 2997 1317 3057 his

103 3078 291 3157 philosophis
312 3096 347 3138 ac
366 3079 490 3140 forsitan
511 3078 723 3158 praecipuum?

189 3161 330 3234 Quamvis
352 3162 449 3242 itaque
472 3163 589 3242 qnidam
611 3163 648 3224 de
669 3163 831 3225 voluntaria
853 3164 916 3226 eius
939 3163 1075 3225 caecitate
1098 3163 1249 3226 dubitasse
1269 3165 1315 3226 vi-

103 3247 239 3320 deantur,
267 3247 367 3327 plures
390 3247 487 3308 tamen
508 3247 587 3310 illius
609 3255 699 3310 testes
721 3248 883 3309 citavimus.
926 3249 1064 3312 1133313
1085 3249 1315 3328 longepaucio-

104 3351 151 3394 res
162 3339 333 3405 occurrunt,
356 3332 405 3410 331
417 3332 543 3394 eundem
553 3333 750 3396 Democritum
773 3333 875 3406 oculis,
891 3333 1062 3394 3313131333
1084 3333 1317 3413 concupisceret,

106 3437 137 3478 se
163 3417 264 3496 ipsum
291 3416 424 3496 privasse
446 3417 610 3495 perhibent.
655 3417 809 3497 Dxpeudas
832 3427 928 3479 tamen
950 3418 1038 3479 velim
1060 3427 1157 3481 utrum
1185 3420 1319 3499 sophista

105 3501 255 3563 1113333133
286 3500 363 3581 apud
391 3501 529 3563 Photium
555 3501 625 3563 illud
653 3503 734 3563 hisce
756 3502 853 3564 verbis
875 3521 936 3564 333
957 3503 1141 3565 indicaverit:
1177 3499 1318 3568 13113111

106 3582 213 3650 ἐνόσει
248 3585 346 3667 σῶμα
372 3581 578 3669 Δημόκριτος
611 3585 667 3650 133
693 3579 821 3672 ὑγιαίνῃ
848 3583 890 3651 τὰ
916 3587 1093 3671 speluncae.
1141 3588 1317 3651 Voluntaria

106 3671 297 3733 Democritus
322 3671 428 3733 morbo
455 3690 565 3751 corpus
592 3674 701 3754 offecit.
729 3685 764 3734 31
789 3677 891 3752 potior
914 3691 992 3752 pora
1015 3693 1091 3735 3333
1113 3684 1189 3735 33331
1220 3672 1318 3746 (Ρ131

107 3755 244 3817 biblioth.
278 3755 344 3816 cod.
367 3757 439 3819 243.
471 3775 501 3834 p.
526 3758 641 3834 1081).
684 3756 788 3818 Nonne
819 3757 898 3818 enirn
931 3758 988 3818 hoc
1019 3757 1147 3836 generali
1179 3756 1318 3833 loquendi

108 3841 196 3902 modo
226 3849 420 3918 spontaneam
448 3839 612 3919 designavit
638 3840 715 3902 iDius
744 3841 910 3902 caecitatem
937 3860 993 3920 333
1025 3842 1156 3903 voluerat
1177 3839 1316 3914 animum,

108 3925 255 4003 potiorem
287 3924 334 3986 sui
364 3933 487 4004 partem,
521 3923 649 3987 sanare?
691 3925 761 3987 Utut
789 3925 837 3998 sit,
871 3933 949 3988 certe
971 3924 1128 3988 Christiani
1155 3923 1318 3988 voluntaria

108 4008 278 4072 huiusmodi
299 4010 436 4071 caecitate
458 4027 533 4088 opus
554 4029 615 4072 nou
636 4009 791 4083 habehant,
814 4010 863 4088 331
885 4009 981 4072 animo
1002 4011 1038 4072 ad
1052 4007 1318 4087 concupiscendum

109 4095 184 4156 caeci
211 4113 275 4155 non
310 4093 406 4156 solum
438 4094 647 4174 praescriptam
674 4095 738 4173 lege
766 4094 860 4156 diviua
888 4094 1050 4156 castitatem
1077 4111 1192 4154 summo
1220 4094 1317 4155 studio

111 4179 252 4250 33131331,
290 4178 344 4240 sed
374 4177 493 4258 plurimi
525 4179 628 4252 etiam,
660 4179 904 4258 quemadmodum
934 4179 1020 4258 paulo
1052 4185 1120 4239 ante
1150 4177 1317 4241 dicebamus

111 4265 210 4344 (Supr.
233 4263 293 4324 hoc
313 4282 376 4343 cap.
397 4265 458 4326 hrt.
481 4268 535 4340 4.),
563 4271 625 4326 1313
646 4264 722 4327 vitae
744 4283 815 4325 suae
836 4271 970 4343 tempore
991 4263 1022 4323 13
1044 4262 1217 4342 virginitatis
1239 4271 1284 4326 sta

110 4365 300 4426 perseverare
320 4355 542 4410 consueverant
1267 4385 1270 4394 ι

189 4433 325 4511 Denique
352 4433 546 4495 Tertullianus
571 4433 680 4496 receuti
708 4433 803 4496 adhuc
834 4432 967 4512 exemplo
996 4431 1100 4494 evincit
1132 4432 1316 4494 Christianos

112 4516 144 4578 de
166 4517 312 4580 servanda
333 4517 463 4580 castitate
486 4525 565 4580 13313
587 4518 680 4598 magis
702 4518 842 4580 subicitos
864 4517 966 4590 luisse,
988 4524 1096 4596 333313
1119 4517 1316 4597 impudentius

114 4599 180 4665 baec
206 4603 300 4666 virtus
328 4603 364 4664 ab
393 4603 515 4665 ethnicis
542 4604 719 4666 laedebatur.
762 4603 846 4678 nudi,
875 4619 994 4682 quaeso,
1020 4602 1127 4682 quibus
1149 4603 1198 4665 ille
1219 4601 1316 4664 verbis
