3132 5238
254 395 296 460 70
476 404 666 452 nissesrsrto
689 405 726 449 DE
749 405 944 450 rsnruttttnt
964 405 1031 448 VITA
1052 405 1090 449 ET
1112 405 1249 478 uenturis*

252 563 311 625 rim
331 561 427 624 valere
449 559 594 633 iubentes,
617 558 765 621 lenitatem
789 568 817 620 et
839 555 1047 620 relaxationem
1069 555 1274 637 praelercntls.
1298 557 1355 634 ‚Aa
1374 555 1470 620 Baro·

252 647 320 710 nius
348 645 446 708 omnia
477 643 555 706 sen'o
584 643 660 705 dicta
681 651 776 725 putat,
809 641 929 704 verbula
949 643 985 703 ad
1007 642 1146 704 tnrtinam
1168 642 1207 704 ita
1234 649 1405 716 exacturus,
1439 651 1473 706 ut

253 749 339 795 suum
360 731 529 811 pontificem
551 728 654 790 exinde
677 735 763 789 ornet
784 733 870 808 atque
892 727 1028 808 expoliat.
1073 729 1097 789 0
1120 727 1242 802 lactum,
1273 726 1320 790 cui
1341 727 1472 792 adscribi

252 823 358 897 possit,
380 815 507 897 lepidum
529 815 635 876 lactum
656 821 743 893 atque
765 813 898 874 facetum.

337 901 462 980 Agamus
490 899 587 970 serio,
620 905 653 959 ut
683 915 733 958 res
766 897 903 977 postulat.
946 895 1029 975 Nego
1056 896 1093 958 de
1114 895 1247 957 Romano
1274 895 1414 975 pontifice
1437 916 1472 959 ac

252 985 331 1048 illius
359 985 455 1065 aliqua
482 984 546 1062 lege
569 982 781 1045 Tertullianum
810 981 903 1043 luisse
932 980 1071 1044 locutum.
1114 980 1195 1060 Nego
1222 979 1309 1042 talem
1337 980 1471 1044 ladasca

252 1070 416 1150 zephyrino
437 1070 531 1148 legem
552 1068 650 1140 latam,
673 1085 757 1146 quae,
780 1067 807 1129 si
828 1066 885 1128 lata
907 1065 1027 1140 luisset,
1049 1065 1157 1128 nullius
1179 1065 1266 1144 plane
1288 1065 1394 1128 luisset
1416 1085 1472 1128 au-

252 1154 397 1217 ctoritatis
426 1161 507 1214 extra
529 1151 653 1214 Romani
675 1151 806 1231 episcopi
828 1150 994 1223 dioecesin,
1022 1158 1179 1230 quaenam
1201 1149 1283 1212 valde
1305 1149 1392 1212 arctis
1415 1151 1470 1212 ad-

251 1239 372 1302 modum
395 1239 503 1300 linibus
526 1236 738 1300 continebatur.

336 1323 414 1386 Vidit
440 1323 470 1384 id
498 1322 594 1402 aliquo
623 1321 712 1382 modo
741 1339 874 1400 nuperus
902 1318 1044 1380 historiae
1073 1318 1243 1380 Tertulliani
1271 1325 1388 1392 auctor,
1420 1320 1471 1399 qui

251 1416 302 1471 aut
323 1409 488 1470 Romanum
509 1407 679 1487 episcopum
702 1414 752 1468 aut
773 1405 861 1466 alium
883 1404 1049 1484 quempiam
1070 1404 1242 1483 episcopum
1258 1424 1274 1466 a
1289 1403 1470 1466 Tertulliano

251 1494 416 1574 impugnari
437 1495 553 1554 latetur.
598 1491 709 1554 Omnes
732 1489 883 1570 agnituros
906 1508 994 1569 spero
1016 1488 1135 1550 baronii
1156 1507 1299 1562 errorem,
1326 1489 1352 1550 si
1373 1507 1472 1551 meam

252 1597 343 1658 super
364 1597 400 1640 eo
423 1585 594 1656 argumento
618 1576 814 1637 coniecturam
837 1591 990 1653 aperuero.
1026 1572 1161 1635 Arbitror
1182 1572 1393 1636 Tertullianum
1415 1575 1470 1635 ad-

251 1680 357 1724 versus
394 1660 643 1740 Carthaginiensis
678 1660 808 1740 episcopi
841 1659 1016 1720 sententiam
1049 1658 1087 1720 de
1119 1657 1251 1720 moechis
1284 1658 1468 1737 recipiendis,

251 1765 337 1826 quarn
359 1747 476 1826 quidam
497 1745 610 1807 Airicae
632 1744 762 1824 episcopi
783 1751 846 1806 tum
868 1745 1037 1823 culparunt,
1068 1741 1277 1804 insmrexisse.
1320 1743 1352 1804 ln
1371 1744 1468 1805 Alrica

251 1830 453 1910 quaestionem
474 1837 572 1892 natam
593 1829 730 1902 arbitror,
752 1829 943 1903 nonllomae,
965 1828 1044 1908 quod
1065 1827 1137 1888 mihi
1152 1846 1188 1888 ex
1200 1827 1335 1907 Cypriani
1349 1827 1467 1907 scriptis

251 1914 404 1994 colligitur,
427 1913 478 1993 qui
499 1932 548 1974 res
571 1913 647 1976 circa
668 1913 744 1974 hanc
765 1913 967 1992 quaestionem
989 1921 1098 1992 gestas,
1119 1911 1333 1991 propemodum
1349 1912 1470 1974 Tertul-

250 1999 329 2062 liano
352 1999 490 2080 aequalis‚
513 1998 650 2077 ignorare
670 2015 731 2060 non
753 1997 857 2076 potuit.
888 1997 985 2058 Testis
1008 2005 1063 2070 est,
1086 1997 1132 2058 cai
1154 1996 1185 2057 in
1206 1997 1373 2076 coaegatio
1389 1999 1471 2077 quod

251 2084 345 2164 magis
368 2104 454 2164 quam
476 2083 602 2144 Baronio
625 2090 675 2143 aut
695 2081 824 2142 Pamelio
846 2081 962 2142 fidimus
995 2081 1149 2142 mirabitur
1169 2081 1277 2143 nullus.
1320 2081 1349 2142 ls
1371 2090 1472 2144 autem

251 2169 281 2230 in
303 2168 432 2248 Epistola
455 2171 506 2232 52.
528 2185 603 2246 quae
625 2167 728 2228 estad
749 2165 961 2240 Antonianum,
990 2167 1063 2227 haec
1088 2165 1177 2227 habet
1204 2165 1329 2246 quaein
1353 2186 1389 2227 eo
1413 2185 1469 2228 nc-

212 2257 214 2262 '
251 2253 330 2334 gotio
353 2253 470 2314 maximi
491 2251 628 2313 ridentur
647 2250 802 2312 momenti:
826 2250 864 2312 lit
886 2253 1002 2334 quidem
1023 2252 1103 2332 apud
1123 2261 1328 2313 antecessores
1342 2263 1470 2314 nastros

252 2340 370 2420 quidam
393 2339 427 2400 de
450 2341 597 2418 episcopis
619 2339 687 2398 istic
710 2341 742 2398 ia
761 2340 923 2417 prouincia
945 2346 1054 2398 nostra
1076 2337 1204 2397 dunelm
1224 2355 1327 2416 pacem
1340 2337 1471 2398 maechis

251 2441 313 2485 noa
342 2432 544 2504 putaverant,
578 2432 607 2483 et
638 2423 671 2482 in
699 2432 793 2485 totam
819 2425 1020 2501 poeaitentiae
1048 2420 1147 2482 locans
1181 2430 1289 2482 contra
1316 2421 1472 2484 adulteria

252 2507 436 2580 clauserant,
459 2525 521 2569 aon
544 2518 642 2570 tamea
664 2525 682 2567 a
705 2510 951 2586 coepiscoporum
973 2523 1100 2567 sacrum
1121 2505 1244 2585 collegio
1266 2516 1469 2576 recessemsat,

252 2604 307 2656 atti
339 2601 394 2652 etc.

307 2637 378 2736 'Ex
400 2675 446 2737 his
467 2681 548 2754 patet
569 2674 799 2735 controversiam
820 2674 914 2734 luisse
935 2673 965 2733 in
980 2673 1076 2735 Africa
1097 2673 1243 2754 agitatam.
1275 2673 1359 2735 Patet
1381 2675 1472 2738 ctiam

250 2759 281 2820 in
301 2760 397 2821 Alrlca
424 2761 455 2822 in
483 2759 627 2839 quosdam
656 2751 812 2837 episcopos
841 2768 1006 2819 ceteronrm
1038 2759 1152 2837 placitis
1184 2756 1214 2818 in
1242 2777 1276 2820 ea
1298 2777 1384 2821 causa
1408 2779 1472 2821 non

250 2845 448 2924 acquievisse,
470 2853 558 2922 atque
580 2843 715 2922 equidem
737 2843 824 2904 etiam
847 2843 896 2904 diu
916 2851 986 2922 post
1008 2842 1142 2922 Cypriani
1164 2844 1335 2924 martyrium
1357 2843 1470 2924 llispa-

153 2985 160 3001 ,
249 2929 366 2990 niarum
389 2927 519 3008 episcopi
541 2928 571 2990 in
593 2927 717 2989 concilio
732 2927 911 2989 Eliberitaao
934 2946 1037 2988 eorum
1059 2927 1187 3007 rigorem
1209 2928 1398 2990 imitabantur
1412 2929 1472 2992 ad-

249 3013 354 3075 versus
376 3013 527 3074 moechos.
573 3011 659 3085 Quod
682 3013 708 3074 si
730 3011 894 3074 Romanum
916 3013 1085 3091 pontificem
1106 3031 1161 3093 pro
1183 3013 1349 3093 legislatore
1370 3033 1471 3092 agno-

157 3159 161 3170 ,
249 3097 372 3169 cissent,
395 3097 471 3158 illius
494 3097 585 3158 semel
607 3096 703 3158 edicto
726 3097 927 3177 peremptorio
949 3097 1132 3177 promulgato
1148 3097 1268 3160 minime
1283 3097 1468 3176 contigisset.

249 3181 333 3242 Patet
359 3180 571 3241 Tertrdlianum
603 3181 792 3260 rigidioribus
825 3181 855 3241 in
888 3199 922 3242 ea
954 3182 1125 3260 quaestione
1157 3183 1275 3244 venisse
1304 3181 1470 3262 suppetias.

249 3264 393 3343 Denique,
425 3264 450 3323 si
480 3262 632 3342 epistolam
661 3266 696 3326 ad
718 3265 915 3328 Antonianum
936 3265 1079 3346 integram
1102 3285 1167 3328 cum
1190 3267 1283 3347 aliqua
1305 3267 1472 3330 attentione

250 3349 341 3428 legas,
363 3347 479 3409 inficiali
502 3347 668 3410 coniectura
689 3351 809 3429 patebit,
832 3350 993 3412 clarissime
1016 3350 1056 3411 nil
1078 3351 1108 3411 in
1131 3369 1263 3413 eacausa
1277 3352 1472 3416 memorabile

251 3451 267 3494 a
289 3433 422 3494 Romano
445 3431 583 3510 episcopo
610 3439 672 3494 tum
694 3443 825 3512 gestum3
857 3433 936 3514 quod
960 3435 984 3494 si
1008 3444 1121 3515 gestum
1143 3436 1234 3498 luisse
1256 3437 1386 3498 novisset
1409 3438 1470 3518 Cp·

249 3517 383 3598 prianus,
405 3516 557 3596 inprimis,
582 3525 682 3578 contra
704 3537 790 3597 quam
813 3516 848 3579 ab
870 3519 919 3580 illo
943 3521 1050 3581 lactum
1072 3529 1132 3596 est,
1161 3520 1313 3583 debuisset
1333 3541 1470 3584 commc-

250 3601 371 3676 morari‚
394 3609 427 3662 ut
448 3601 587 3679 Stephani
608 3601 737 3680 rigorem
764 3603 890 3664 schisma
912 3603 1060 3666 molientis
1083 3614 1217 3684 carperet
1238 3614 1268 3667 et
1289 3607 1470 3670 traduceret.

336 3678 464 3749 Omnirlo
493 3683 583 3764 igitur
604 3684 800 3748 Tertullianus
822 3687 1004 3768 Carthaginis
1027 3690 1197 3769 episcopum
1220 3699 1250 3751 et
1271 3689 1348 3752 illius
1371 3692 1471 3772 legem

251 3772 364 3852 culpat,
397 3771 434 3833 ah
466 3769 575 3850 aliquot
608 3771 727 3850 collegis
757 3771 927 3833 dissensum
958 3773 1011 3834 illi·
1023 3774 1214 3853 exprobrans.
1259 3775 1345 3848 Quod
1368 3785 1472 3838 autem

250 3857 330 3920 illurn
349 3856 523 3938 pontificem
543 3859 708 3918 manum
727 3866 821 3928 vocat,
844 3857 946 3918 eadem
966 3857 996 3917 id
1018 3859 1131 3918 ratione
1154 3860 1230 3932 lacit,
1252 3877 1309 3938 qua
1324 3861 1469 3923 adversus

249 3941 468 4003 Valentinianos
499 3958 551 4019 cap
584 3943 635 4004 37.
669 3941 712 4002 sic
739 3940 868 4020 loquitur
895 3960 996 4003 eorum
1018 3943 1136 4004 naenias
1160 3944 1323 4023 exagitans:
1361 3947 1471 4027 Accipe

251 4025 313 4086 clia
335 4030 453 4105 ingenia
476 4025 630 4088 Carracce
652 4024 792 4098 Tranioni,
814 4029 988 4106 insignioris
1011 4027 1093 4108 apud
1113 4046 1163 4090 eas
1185 4033 1331 4108 magistri,
1365 4035 1420 4112 qai
1439 4041 1471 4094 et

248 4109 422 4189 pontificali
442 4127 498 4171 sua
519 4111 701 4171 auctoritate
720 4113 754 4172 in
776 4111 854 4172 hanc
874 4111 994 4173 modam
1016 4116 1147 4175 censuit:
1181 4113 1245 4186 list,
1267 4117 1372 4195 inquit,
1396 4127 1470 4179 ante

253 4195 353 4255 omnia
373 4192 535 4264 Proarche,
558 4200 614 4254 etc.
1209 4273 1211 4276 Ι

337 4275 423 4339 Certe
444 4276 475 4336 in
496 4277 668 4356 quaestione
689 4277 725 4339 de
747 4278 900 4341 haereticis
922 4278 1117 4358 baptizandis,
1151 4300 1225 4361 quae
1252 4283 1366 4346 Alricac
1398 4285 1467 4365 epi-

253 4379 373 4440 scopos,
397 4368 430 4423 ut
450 4362 557 4423 lactum
573 4361 799 4425 eratTertullini
821 4379 902 4438 aero,
925 4364 1002 4425 inter
1022 4383 1056 4427 se
1078 4365 1216 4429 collidere
1237 4377 1363 4448 poterat,
1385 4370 1466 4431 Ter-

251 4445 421 4508 tullianeum
453 4463 583 4509 scomma
614 4467 631 4510 a
661 4448 755 4528 capite
786 4467 841 4511 suo
874 4457 1004 4510 avertere
1026 4468 1086 4511 non
1109 4451 1233 4514 obscure
1254 4453 1325 4514 mihi
1347 4453 1468 4516 videtur

252 4539 375 4594 conatus
387 4529 557 4612 Cyprianus,
580 4531 626 4594 vir
647 4531 676 4594 in
688 4533 861 4596 Tertulliani
882 4533 1000 4614 scriptis
1021 4544 1154 4598 versatam
1175 4535 1342 4613 admodum,
1364 4548 1399 4601 ut
1413 4541 1468 4618 qui

251 4615 381 4680 hominis
409 4614 539 4697 quotidie
560 4623 697 4682 tractaret
717 4617 872 4682 volumina.
917 4618 995 4692 Quid
1017 4619 1096 4683 enirn
1117 4620 1194 4684 aliud
1215 4640 1286 4702 prae
1308 4641 1341 4686 sc
1361 4624 1467 4690 terunt
