3132 5238
448 333 580 378 eddidit!
601 333 707 378 muoso
729 335 867 380 rusus.
1226 325 1263 386 17

115 481 164 538 trus
185 479 258 542 mem
283 480 432 561 inceptum
459 485 558 562 tradit)
579 484 649 546 lacit
668 484 792 559 luctor,
825 485 895 548 dum
928 485 1002 548 iuter
1022 487 1125 550 hostes
1146 489 1265 569 imperii

111 561 186 624 luem
204 575 347 627 enumerat
369 566 497 630 Mauros
519 579 549 632 et
574 567 785 632 Marcomanos
814 573 955 650 ipaotpae
978 569 1108 634 Parthos
1130 573 1215 648 (lleid.
1238 595 1264 636 c.

109 649 148 719 iit.
180 649 273 710 ltenuu
300 669 374 712 vero
396 651 579 715 Christianae
605 653 673 714 lidei
701 653 901 717 dilatationem
923 651 969 714 his
997 655 1093 718 verhis
1122 658 1264 720 celebrat:

105 729 190 794 luterni
204 751 299 796 senae
321 748 352 798 et
373 747 478 797 uestra
498 741 597 799 onata
617 737 837 818 complevimus,
859 738 960 808 nrhee,
980 739 1108 811 heatus,
1129 742 1264 816 castella,

101 821 226 895 snioipic,
247 817 455 890 comitatulo,
477 834 579 884 caetra
597 825 675 900 ipsa,
699 823 805 893 tritus,
829 822 976 892 deosn'ae,
997 821 1152 901 palatinas,
1175 846 1265 890 sneo-

100 907 141 968 tm,
157 902 261 977 [oram
291 911 322 964 et
343 903 432 980 paulo
454 914 530 978 anm,
553 907 632 984 quod
654 923 731 966 auno
753 905 941 984 praecedenti
961 904 1089 967 diximus
1110 908 1146 968 de
1165 927 1263 989 papu-
1345 977 1349 986 ,

98 979 326 1060 hipsrseoutione
350 987 517 1051 confirmat:
543 989 678 1061 Quoties,
700 989 805 1068 inquit,
827 994 916 1052 etiam
936 993 1121 1069 praeteritas
1138 995 1263 1066 anchis,

95 1083 127 1126 ,na
148 1073 203 1129 iere
229 1089 283 1133 nas
311 1073 465 1134 institiones
486 1073 594 1151 culpus
615 1074 732 1136 invadit
755 1073 903 1154 lapididus
926 1083 954 1135 et
975 1071 1146 1136 incendiis?
1187 1076 1265 1156 lpeie

90 1147 276 1216 nannum
307 1155 406 1233 [ariis
433 1175 487 1218 nec
507 1161 638 1220 mortnie
657 1168 793 1237 parcent
816 1157 1012 1228 Christiania,
1046 1162 1119 1236 quin
1139 1157 1211 1221 iilos
1233 1161 1267 1222 de

88 1241 156 1312 repete
174 1239 356 1317 sepnltnrae,
379 1240 414 1300 de
434 1240 520 1318 asylo
542 1241 669 1320 anama
689 1243 889 1310 stertinian
911 1241 999 1311 alios,
1021 1243 1081 1302 iam
1102 1259 1156 1304 nec
1178 1252 1267 1315 totos,

90 1318 191 1390 enitent,
211 1323 372 1392 dissecant,
395 1324 569 1386 de'strahnnt
591 1323 646 1398 (lh.
669 1343 695 1386 e.
711 1325 786 1401 32).
822 1323 935 1384 Eodem
955 1323 1086 1400 pertinet
1106 1323 1192 1386 illud:
1214 1345 1268 1388 esec

89 1401 123 1460 tili
136 1409 215 1484 napis
235 1406 483 1488 depostulatores
508 1409 752 1470 Christianorum
772 1425 861 1488 ptam
881 1406 999 1486 uulgus.
1022 1416 1052 1468 et
1074 1408 1160 1470 toties
1182 1409 1268 1472 citata

88 1485 225 1550 theare
246 1489 404 1569 popularis
426 1510 481 1552 vox
501 1491 565 1552 illa:
590 1491 780 1553 Christianos
802 1493 841 1552 ad
863 1490 989 1552 leonem.
1018 1491 1177 1570 Complura
1198 1502 1269 1556 suut

85 1567 115 1628 tle
130 1571 154 1631 iu
169 1573 360 1654 lpotogedao
382 1583 547 1637 memoratu
569 1575 675 1652 digna;
697 1573 751 1634 sed
772 1591 810 1634 ue
831 1572 880 1634 hio
899 1573 1075 1652 prolixiores
1097 1575 1208 1650 simus,
1230 1578 1266 1638 ad

84 1657 245 1718 archiones
264 1666 385 1720 nocuas
400 1658 542 1720 lectorem
555 1656 742 1718 remittimus.
765 1653 819 1718 liic
830 1657 1118 1728 duntaxataddemus
1131 1661 1280 1722 occasio-'

83 1751 122 1798 uo
138 1742 350 1817 persecutionis
373 1750 469 1804 ortam
491 1761 527 1803 ex
548 1741 630 1804 ialsis
653 1740 815 1812 calumniis,
837 1761 910 1820 quas
931 1741 1127 1821 pulcherrime
1147 1747 1264 1818 refutat,

63 1806 227 1920 tammum
249 1827 348 1890 unus
370 1825 560 1898 tirannum,
581 1825 733 1904 smguinis
754 1825 876 1888 humant
895 1825 995 1905 prouti
1017 1835 1046 1887 ee
1066 1826 1185 1890 suaset:
1208 1829 1264 1890 m·-

62 1921 64 1948 t
81 1909 150 1980 taur,
170 1909 276 1989 inquit,
300 1910 529 1974 sceleratissimi
548 1912 582 1973 de
599 1922 788 1973 sacramenta
803 1912 996 1990 infanticidii,
1019 1923 1048 1973 et
1059 1912 1172 1990 pabulo
1187 1915 1264 1986 iride,

79 2001 168 2069 tecet
194 1999 370 2058 concinam
397 1999 524 2068 incesto,
559 1995 638 2077 paud
659 2012 815 2056 mersores
838 1995 985 2056 luminant
1007 2013 1109 2066 cana,
1144 1995 1265 2060 huense

76 2075 154 2218 tffiltet
188 2081 409 2154 teeredrarnen,
445 2079 602 2142 libidinum
639 2082 803 2158 impiarum
840 2079 1069 2142 nuvercandians
1097 2092 1266 2160 procurent

75 2161 252 2240 ‘dail
757 2175 765 2194 ⁸

126 2331 207 2394 huno
229 2332 353 2394 Domini
375 2308 460 2395 CCI.)
486 2334 533 2394 Ti.
554 2311 676 2395 Claudio
699 2333 809 2394 Severo
838 2335 910 2406 (uon
938 2339 1035 2394 autem
1057 2333 1167 2396 Severo
1195 2334 1266 2414 imp.

68 2409 99 2470 ll.
122 2425 151 2476 ut
175 2417 300 2495 quidam
328 2435 388 2479 uon
415 2421 506 2494 recte)
538 2424 569 2478 et
590 2417 622 2478 C.
642 2417 758 2479 Aulidis
781 2417 930 2478 Victorino
952 2435 1031 2478 coss.
1055 2416 1266 2497 &zephyrini
1346 2425 1353 2434 '

65 2511 132 2574 papae
144 2499 275 2563 Romani
297 2519 375 2562 auno
390 2499 440 2562 lll.
462 2501 562 2564 Severi
577 2501 681 2580 imper.
690 2499 765 2562 Vlll.
782 2519 947 2580 quanquam
958 2501 1135 2580 imperatore
1145 2501 1266 2564 ahsente

64 2579 135 2643 adue
154 2585 186 2646 im
209 2585 401 2664 expeditione
411 2585 547 2646 Parthica
555 2591 586 2646 et
595 2585 782 2658 Adiabenica,
802 2585 946 2646 hrehihus
968 2592 998 2646 et
1017 2585 1176 2648 Persarum
1195 2604 1266 2666 rege

62 2663 169 2746 lbagtro
192 2669 229 2730 in
251 2669 403 2730 dedih'one
424 2687 502 2730 auno
523 2668 710 2747 praecedeuti
732 2669 868 2747 receptis,
889 2669 1056 2747 persecutio
1079 2669 1265 2732 Christiano·

62 2765 107 2809 tum
125 2753 243 2814 homae
272 2752 485 2830 aliquantulum
513 2769 629 2812 cessare
655 2752 820 2824 videretur,
854 2752 990 2813 tortassis
1011 2752 1192 2830 hpologetici
1221 2753 1267 2816 sui

60 2831 239 2910 imminuta,
262 2835 369 2896 ridens
390 2843 490 2894 umen
511 2834 708 2895 Tertullianus
731 2842 761 2894 et
781 2854 814 2895 se
836 2843 865 2894 et
886 2834 960 2894 alios
982 2835 1141 2912 scriptores
1163 2836 1267 2913 apolo-

60 2915 97 2990 tt'ls
120 2922 187 2982 suis
220 2937 279 2996 pro
302 2916 481 2978 Christianis
507 2915 583 2976 nihil
610 2925 660 2978 aut
678 2934 782 2994 parum
803 2917 967 2995 proiecisse
988 2916 1024 2976 ad
1046 2917 1268 2981 conversionem

60 2999 191 3076 leuium,
218 3001 278 3061 alio
301 3017 410 3078 genere
432 2998 534 3078 scripti
556 3017 609 3060 eos
630 3017 787 3078 aggressus
809 2999 845 3060 ab
860 2999 924 3077 ipsa
938 2999 1142 3062 animaadhuc
1155 3002 1268 3066 ethnica

58 3085 180 3150 adsersus
207 3084 290 3146 idola
312 3083 511 3162 testimonium
533 3083 646 3162 llagitat
680 3090 766 3160 alque
796 3083 871 3146 adeo
892 3082 998 3144 lihrunr
1019 3083 1062 3144 lle
1085 3084 1266 3150 Testimouio

56 3169 158 3233 Animae
179 3168 350 3248 inscripsit.
379 3167 414 3228 ln
435 3185 494 3247 quo
514 3175 601 3247 urget
621 3167 685 3230 illas
708 3166 785 3246 vulgi
800 3185 904 3230 voces:
935 3167 1023 3241 Quod
1036 3168 1118 3234 Dens
1134 3171 1263 3245 tenna

55 3249 83 3310 Si
98 3253 171 3316 Dens
181 3255 339 3326 colasson
355 3251 514 3316 Benedicat
529 3264 557 3314 te
568 3252 667 3326 aaa·
684 3251 765 3314 Deus
781 3253 860 3316 uidet
871 3257 988 3324 onnia:
1005 3253 1263 3330 pescenninum

54 3335 128 3396 Dese
148 3341 251 3402 reddet
273 3347 314 3413 et,
336 3336 417 3400 Deus
440 3342 521 3400 inter
541 3356 598 3400 naa
621 3337 764 3400 tattcatn
785 3337 840 3412 (lle
857 3337 937 3398 'lest
952 3337 1005 3400 du.
1022 3357 1047 3400 c.
1060 3341 1113 3415 2.).
1134 3339 1182 3402 Fit
1192 3341 1265 3404 mihi

54 3419 164 3484 multum
186 3421 349 3486 verisimile
370 3420 429 3483 hoo
449 3421 537 3482 etiam
558 3439 637 3483 anno
658 3421 858 3500 consumptum
880 3421 987 3484 librum
1007 3422 1050 3484 lle
1068 3423 1158 3497 Fato,
1180 3425 1264 3487 cuius

55 3504 235 3583 tegmentum
256 3507 379 3568 unicum
401 3513 489 3578 extat,
512 3514 659 3566 ettamen
680 3505 717 3567 ab
739 3505 805 3584 ipso
820 3506 945 3568 ductore
966 3516 1214 3570 comunemoratur
1235 3508 1265 3568 in

54 3585 228 3652 heecrerha:
245 3590 415 3654 Potestates
427 3593 578 3651 enimuero
587 3601 755 3670 praestent:
770 3591 933 3652 coenredum
945 3609 1000 3652 teos
1016 3593 1143 3670 quidem,
1159 3591 1265 3668 inquit,

53 3673 180 3736 docrinae
202 3675 284 3738 Date
307 3685 337 3736 et
358 3673 503 3736 Diabolus
526 3673 671 3745 aemulam
694 3675 858 3736 scandam
880 3693 1061 3738 commanent
1083 3685 1183 3735 antem
1199 3677 1267 3751 opi-

52 3760 161 3820 nionem
183 3770 211 3822 et
230 3759 426 3839 providentia
446 3768 476 3820 et
497 3758 647 3836 intumet
668 3762 831 3820 necessitas
847 3771 875 3820 et
889 3760 1013 3822 arbitrii
1028 3758 1154 3818 libertae
1188 3753 1267 3816 Nam

53 3838 111 3904 laco
132 3854 164 3905 et
183 3843 361 3925 philosophi
380 3844 582 3920 distinguunt,
605 3853 635 3904 et
655 3861 711 3904 naa
733 3844 894 3906 secandam
912 3844 1004 3923 fidem
1019 3837 1195 3932 deserenda
1209 3857 1265 3902 aaa

52 3927 100 3985 ian
121 3933 261 3990 nonanus
285 3927 374 3990 titulo
397 3927 451 4002 (lle
464 3927 570 3988 Anima
584 3945 609 3989 c.
622 3927 697 4002 tlh).
726 3926 812 4005 Atqui
826 3927 858 3988 iu
872 3926 951 3991 huno
964 3939 1075 3984 anuum
1090 3927 1177 3984 etrum
1191 3924 1264 3987 reii-

52 4007 134 4072 cimus
156 4019 265 4073 statum
287 4011 361 4072 ritae
383 4029 492 4073 novum
501 4010 646 4084 ductoris,
668 4029 727 4088 quo
749 4010 779 4072 in
800 4011 1043 4090 presbyterorum
1064 4005 1197 4070 ordinem
1219 4009 1264 4072 al-

50 4089 142 4156 lectus·
155 4096 209 4168 sit,
244 4095 377 4157 fortassis
400 4095 436 4156 ah
457 4095 617 4174 Agrippino
640 4094 873 4175 Carthaginiensi
896 4091 1046 4171 episcopo.
1089 4090 1163 4154 Eum
1186 4095 1264 4155 euim
1364 4167 1368 4186 Ι

50 4175 129 4239 alium
142 4180 234 4242 luisse
246 4179 284 4240 ah
295 4179 456 4258 Agrippino
471 4179 534 4242 sire
544 4179 672 4258 Agrippa
686 4179 824 4260 episcopo
837 4174 1044 4247 Alexandrino,
1061 4175 1144 4238 cuius
1155 4177 1263 4248 meroi-

50 4261 88 4322 nit
107 4263 162 4324 suh
183 4265 220 4325 hl.
243 4263 362 4325 Aurelio
384 4264 486 4342 imper.
502 4263 648 4326 Eusebius
664 4270 694 4324 et
706 4262 890 4344 Nicephorius
906 4257 962 4320 suh
976 4259 1014 4320 ll.
1025 4260 1174 4322 Antonino
1189 4260 1263 4319 Phi·

48 4343 169 4424 losopho
191 4347 297 4426 imper.
320 4345 462 4421 Zonaras,
490 4348 546 4410 suh
567 4348 717 4410 Antonino
732 4347 809 4410 Vero
831 4345 1041 4423 Urspsrgeusis
1065 4343 1172 4414 abhas,
1196 4342 1264 4403 inde

48 4429 116 4491 mihi
137 4431 265 4504 videtur,
286 4431 366 4510 quod
387 4431 419 4492 tt.
441 4433 602 4512 Cyprianus
623 4432 719 4511 Epist.
735 4435 787 4496 to.
802 4429 839 4492 ad
853 4428 966 4493 Ianuar.
978 4448 1012 4492 ex
1024 4424 1264 4490 antecessoribus

49 4513 107 4574 suis
133 4514 327 4594 Agrippinum
354 4516 446 4578 luisse
476 4516 635 4596 significet,
668 4525 699 4576 et
724 4515 757 4576 tt.
779 4513 960 4590 Augustinus
987 4519 1090 4574 couha
1117 4507 1264 4568 Donatum

82 4615 98 4657 r
101 4627 468 4664 aaaaaaaaaaaaaaaaaaaaaaa
498 4619 562 4664 rom.
574 4619 612 4662 ru.
1048 4605 1064 4654 2
