3144 5236
470 371 605 416 aueroaa
627 371 687 415 mc.
709 373 747 416 ts
770 373 897 418 neuma.
1120 419 1123 428 ,
1237 363 1298 430 tut

100 524 166 586 idem
183 522 223 586 ihi
244 522 348 604 priora
369 520 457 586 rerba
477 521 522 584 sic
535 521 644 601 corrigi
658 521 765 584 voluit:
789 523 914 588 Medeia
929 525 1071 598 altercat,
1093 545 1157 591 aea
1171 545 1299 594 amero

100 609 169 683 tidem
187 605 341 687 lpeloqet
364 624 428 686 cap.
451 609 525 684 at).
569 605 684 668 Nullam
714 607 907 670 nihilominus
936 610 1060 672 hruusoe
1081 611 1299 676 emendationis

99 693 200 754 reddidit
221 692 378 754 rationem.
421 689 570 770 Numquid
591 709 663 769 ergo
685 691 807 769 putavit,
836 692 922 756 sicuti
943 693 1069 768 ridetur,
1093 697 1138 758 sie
1158 695 1298 760 immuta-

100 776 271 840 tisauctoris
299 774 399 837 verbis
428 774 507 836 illius
536 773 717 836 accurratius
747 778 857 840 serrari
887 777 1077 842 antitheses?
1122 780 1182 842 Sed
1213 783 1299 844 nelos

98 861 269 940 premldulrio
291 869 339 922 est
358 857 468 921 veteris
491 859 620 920 auctoris
641 865 754 922 textum
775 860 928 924 levissima
948 863 1116 926 coniectura
1130 863 1299 938 immutare,

97 945 169 1008 multo
194 946 295 1008 miuus
324 951 517 1030 praepostera
544 943 749 1006 immutatione
775 964 899 1008 sensum
928 947 994 1010 eius
1022 947 1053 1010 in
1084 947 1173 1010 alium
1195 949 1298 1010 detor-

97 1047 167 1108 quere
191 1029 278 1108 plane
306 1027 478 1108 oppositum
506 1036 536 1090 et
563 1027 595 1089 in
621 1045 691 1090 eum
718 1047 805 1108 quem
844 1029 998 1110 impugnat
1035 1049 1179 1094 emerem.
1224 1032 1298 1096 Nam

98 1113 285 1187 Tertullianus,
313 1113 356 1174 uti
383 1111 493 1174 affatim
520 1111 677 1192 probatum
707 1121 763 1186 est,
794 1114 982 1193 apertissime
1009 1115 1096 1178 dooet
1116 1115 1223 1178 Filium
1245 1117 1298 1178 uei

97 1199 195 1262 nodulo
216 1205 250 1260 et
269 1198 371 1278 prodas
400 1197 462 1258 sire
483 1214 613 1274 persona
634 1195 724 1258 alium
746 1216 815 1262 esse
836 1217 853 1259 a
875 1198 963 1262 Patre
984 1217 1052 1273 suo,
1079 1200 1133 1262 sed
1155 1217 1246 1262 unum
1269 1209 1300 1263 et

97 1283 201 1344 eundem
222 1281 390 1344 substantia
412 1279 571 1344 etidcirco
594 1281 667 1342 duas
690 1299 759 1343 esse
780 1299 926 1362 personas
948 1283 1115 1356 distinctas,
1137 1301 1230 1346 unum
1251 1292 1298 1346 ta·
1383 1321 1387 1328 ·

97 1383 149 1428 neu
168 1367 270 1430 [teum.
314 1365 473 1444 Utriusque
501 1383 572 1444 ergo
599 1383 747 1444 personae
769 1385 787 1428 a
808 1385 842 1428 se
864 1367 990 1432 invicem
1012 1367 1169 1430 distinctae
1190 1385 1298 1430 nume-

96 1469 147 1512 mm
166 1452 316 1514 alterarum
337 1449 457 1512 lauant.

162 1536 315 1598 Praeterea
337 1533 386 1596 illc
399 1533 506 1613 palam,
528 1533 774 1612 quemadmodum
788 1534 820 1596 iu
835 1535 972 1614 sequenti
986 1535 1109 1598 artinde
1124 1535 1300 1610 videbimus,

97 1637 147 1680 mm
167 1628 223 1682 tota
247 1618 379 1680 Ecclesia
401 1617 542 1680 catholica
563 1617 692 1679 declarat
720 1630 782 1678 tres
804 1636 873 1680 esse
893 1619 923 1681 iu
946 1620 1134 1682 sanctissima
1156 1619 1301 1682 Trinitate

96 1720 227 1780 mucuns.
273 1703 343 1764 lure
371 1701 461 1780 igitur
486 1701 592 1764 merito
615 1701 688 1764 dixit
709 1701 816 1764 Filium
836 1701 891 1764 Dei
912 1703 1033 1767 modulo
1055 1704 1212 1766 alternam
1233 1723 1301 1768 cum

96 1785 165 1850 Patre
183 1807 239 1850 suo
261 1803 422 1850 numerum
442 1787 548 1848 lacere.
591 1785 652 1847 lam
674 1785 753 1848 enim
775 1805 844 1848 eum
865 1787 1012 1850 dicentem
1026 1787 1208 1851 audirimus:
1230 1787 1301 1851 Nota

96 1881 132 1932 eet
153 1874 221 1936 idern
253 1872 347 1936 Pater
375 1880 403 1934 et
430 1870 529 1932 Filiae
557 1870 689 1941 medulo,
719 1869 748 1930 id
782 1879 830 1932 est
856 1890 893 1933 eo
914 1871 1089 1955 prolationis
1111 1873 1212 1944 modo,
1241 1889 1301 1952 quo

96 1953 169 2018 Filios
187 1977 203 2019 a
223 1957 314 2018 Patre
336 1954 466 2034 prodivit
486 1954 579 2027 tidem
600 1954 651 2016 lib.
673 1955 738 2016 adr.
762 1954 846 2016 Prax.
869 1974 932 2036 eap.
948 1957 1003 2032 8.).
1032 1955 1124 2018 Filius
1147 1974 1218 2036 erqo
1234 1973 1301 2018 cum

96 2038 166 2102 latre
190 2059 346 2124 numerum
375 2038 443 2100 lacit
463 2039 625 2110 alternum,
654 2039 684 2100 id
716 2045 763 2100 est
791 2046 915 2120 uterque
936 2039 1026 2102 Pater
1046 2049 1076 2102 et
1097 2039 1188 2108 Filius
1209 2038 1300 2101 alter-

97 2123 169 2186 natim
194 2125 385 2202 vicissimque
412 2123 536 2184 duarum
563 2141 760 2201 personarum
787 2141 944 2186 nummum
965 2124 1085 2186 iaciunt.
1129 2122 1301 2185 Tertulliani

97 2217 176 2272 auum
195 2209 274 2272 hunc
296 2227 365 2270 esse
386 2201 509 2270 sensum
531 2206 627 2284 colligi
648 2207 727 2268 haud
749 2207 849 2287 inepte
870 2216 971 2288 potest
991 2207 1038 2270 his
1062 2207 1126 2272 eius
1149 2209 1180 2268 in
1195 2207 1302 2268 eodem

97 2289 157 2354 libre
177 2294 293 2356 uerbis:
319 2292 412 2356 Pater
434 2291 544 2354 Filium
565 2292 641 2371 fecit
662 2303 692 2354 et
713 2290 836 2354 Patrem
858 2291 967 2355 rrius.
1010 2291 1051 2356 lit
1070 2296 1125 2374 qai
1144 2311 1183 2354 eu
1203 2292 1325 2354 ulter-⁵

96 2387 155 2440 atro
180 2379 266 2458 fiant,
296 2395 315 2440 a
338 2380 503 2456 semetipsis
532 2375 592 2437 sihi
617 2375 691 2456 fieri
716 2375 804 2439 nulle
825 2378 912 2440 modu
932 2389 1075 2457 poemat.
1097 2389 1134 2440 at
1154 2375 1248 2440 Pater
1268 2391 1303 2438 ae

97 2460 144 2522 uli
161 2461 267 2524 Filiam
288 2463 385 2540 sodet
405 2472 435 2523 et
457 2459 553 2522 Filiae
574 2479 607 2522 se
628 2461 687 2522 aidi
707 2458 830 2522 Patrem
853 2504 1021 2522 ......
1044 2459 1163 2524 liabent
1183 2477 1304 2522 nemeae

96 2557 133 2608 ut
150 2545 237 2608 Peter
259 2545 430 2617 filiuserat
451 2541 545 2606 Pater
572 2549 623 2620 eit,
646 2557 675 2608 et
696 2542 793 2606 Filius
816 2541 947 2616 Patrem,
975 2554 1011 2606 ut
1032 2543 1130 2606 Filius
1152 2547 1194 2605 eit
1215 2542 1302 2618 (lhid.

97 2645 148 2707 rap.
169 2635 238 2710 tu).
281 2629 412 2692 ludisne
440 2645 528 2708 quam
554 2628 719 2690 luculenter
746 2627 795 2689 ille
816 2629 920 2690 doceat
940 2628 1058 2690 Patrem
1080 2635 1111 2689 et
1130 2627 1236 2690 Filium
1258 2627 1305 2688 sic

97 2711 160 2776 iuter
183 2735 217 2778 se
244 2714 393 2794 componi,
420 2720 454 2774 ut
473 2711 562 2774 Pater
589 2731 656 2774 cum
678 2711 753 2773 Filio
785 2729 820 2774 ac
847 2712 981 2774 vicissim
1003 2711 1096 2774 Filius
1127 2729 1194 2772 cum
1215 2710 1304 2772 Patra

97 2813 233 2862 omnum
255 2799 401 2862 altemum
422 2795 551 2859 laciarui

167 2884 272 2946 lerum
293 2883 364 2962 quia
384 2881 530 2944 inlinitum
552 2889 599 2942 est
620 2879 697 2940 iuter
719 2878 858 2940 homines
880 2885 911 2940 et
924 2878 1018 2941 Deum
1043 2878 1213 2952 discrimen,
1235 2875 1307 2939 hinc

98 2965 200 3029 niune
222 2967 392 3030 dubitanter
411 2973 561 3028 asseverat
574 2963 679 3025 Filium
693 2962 747 3025 uei
767 2962 857 3024 alium
880 2981 947 3026 esse
968 2981 984 3024 a
1005 2962 1093 3024 Patre
1114 2963 1214 3043 produ
1235 2960 1304 3040 qui·

99 3047 162 3125 dem,
182 3053 232 3115 aad
252 3069 316 3115 nea
336 3063 430 3122 stetu,
451 3051 510 3112 hoc
531 3056 577 3111 est
597 3047 679 3108 illum
701 3066 754 3108 sue
776 3045 966 3125 generatione
989 3064 1059 3108 esse
1081 3045 1172 3110 olium
1194 3046 1304 3125 prodat,

98 3150 141 3196 eeu
165 3136 267 3198 ordine
295 3135 457 3198 secundum
496 3131 583 3209 (lhid.
606 3148 670 3210 cap.
692 3133 747 3208 2.),
780 3137 881 3209 utpote
908 3130 1039 3210 genitaun
1067 3149 1083 3192 a
1109 3130 1218 3204 Patre,
1250 3127 1306 3190 sed

98 3233 149 3279 nou
174 3231 266 3296 stota,
298 3219 329 3282 id
361 3227 407 3281 est
434 3235 496 3280 non
526 3215 690 3278 substantia
718 3221 886 3287 acuatum,
916 3233 991 3295 quae
1012 3233 1070 3277 uua
1092 3214 1253 3294 eademque
1274 3211 1306 3274 in

98 3297 138 3362 illo
157 3305 283 3366 etPatre
307 3322 362 3366 suc
386 3311 443 3364 est.
487 3301 545 3364 Sed
567 3301 615 3362 his
637 3299 716 3362 illius
738 3299 825 3361 dicu's
847 3317 953 3360 noram
974 3310 1055 3362 carte
1074 3299 1170 3361 lucem
1194 3317 1229 3359 ea
1250 3297 1306 3358 da·

99 3383 168 3460 lunt,
189 3407 262 3468 quae
284 3387 321 3448 de
343 3387 476 3448 eiusdem
498 3385 564 3446 Filii
587 3393 617 3445 et
638 3384 765 3463 Spiritus
788 3383 889 3445 Sancti
910 3383 1060 3446 divinitate
1082 3401 1116 3445 ac
1130 3401 1217 3446 sacro
1235 3379 1306 3442 tri-

99 3468 183 3534 nitatis
196 3471 336 3552 mysterio
352 3471 400 3534 ille
415 3469 534 3532 tradidit
549 3477 579 3531 et
593 3487 609 3530 a
623 3469 712 3532 nohis
727 3468 785 3530 iam
800 3467 955 3530 enodanda
971 3467 1211 3548 explanandaque
1225 3471 1306 3527 suut.

578 3687 746 3739 tuticutus
764 3687 806 3737 lll.

101 3777 254 3842 tarnenna
274 3793 424 3840 Tertullianus
441 3793 584 3838 orthodoxam
603 3791 676 3836 adhuc
703 3791 730 3834 de
748 3790 797 3834 Filii
815 3789 855 3833 llel
873 3799 915 3832 neo
934 3800 978 3834 neu
997 3787 1091 3844 Spiritus
1104 3785 1178 3830 Sauetl
1196 3781 1308 3846 diuinitate

135 3857 138 3866 '
306 3873 332 3905 ac
349 3871 414 3904 sacro
433 3859 545 3904 Trinitatis
564 3859 666 3915 mysterio
685 3857 807 3902 doctrinam
826 3855 921 3912 explicet
938 3867 965 3900 ac
982 3856 1086 3908 vindicet,

172 3975 370 4038 Tertullianus
391 3993 453 4036 nou
475 3974 513 4038 iis
535 3982 647 4036 uatum
669 3989 743 4052 quae
764 3970 929 4042 retulimus,
959 3968 1013 4029 sed
1035 3965 1100 4027 aliis
1123 3963 1219 4026 adhuc
1239 3964 1308 4043 plu·
1404 4017 1408 4032 ,

102 4057 172 4120 ribus
202 4061 233 4124 iu
255 4059 330 4122 locis
352 4059 525 4125 catholicam
547 4058 585 4120 de
606 4075 745 4137 suprema
765 4055 832 4118 uitii
853 4054 908 4116 uei
930 4050 1098 4128 Christique
1118 4047 1237 4110 Itourini
1259 4047 1307 4109 di-

103 4139 205 4206 uuate
226 4143 403 4208 seutentiam
425 4151 484 4206 tam
505 4149 713 4205 asseveranter
732 4157 819 4219 quarn
836 4138 995 4221 perspicue
1009 4141 1109 4196 tuetur
1122 4149 1157 4194 ac
1170 4132 1308 4195 vindicat.

104 4223 151 4286 Sed
175 4227 241 4307 qrria
271 4229 305 4290 iu
331 4227 368 4290 iis
398 4226 573 4290 catholicum
601 4243 720 4306 quoque
746 4224 784 4286 de
813 4223 942 4302 Spiritus
970 4217 1070 4281 Sancti
1097 4216 1247 4280 divimuue
1275 4233 1311 4277 ac

104 4311 293 4374 mesinae
314 4311 467 4375 Trinitatis
494 4311 635 4392 mysterio
663 4309 769 4387 dogma
795 4325 857 4369 nou
885 4306 983 4367 minus
1011 4301 1120 4364 diserte
1149 4300 1259 4362 asserit
1280 4307 1312 4361 et

103 4395 244 4470 medicat.
275 4394 344 4458 illud
372 4396 531 4476 separatim
557 4396 589 4457 in
615 4395 674 4456 hoo
694 4389 818 4454 artiurlo
842 4387 1049 4468 exponendum
1071 4403 1140 4448 ease
1160 4385 1309 4446 duximus.

103 4473 218 4542 Primum
240 4479 339 4558 itaque
360 4488 463 4544 contra
483 4480 618 4542 Praxean
631 4473 897 4556 pampanianum,
919 4470 970 4552 qui
992 4471 1119 4532 eundem
1139 4469 1261 4564 Patrem
1280 4474 1312 4528 et

104 4557 195 4626 lilium
214 4563 269 4626 uei
293 4582 360 4627 esse
380 4565 542 4636 annuebat,
564 4562 638 4624 haec
659 4560 695 4622 de
706 4556 860 4622 Trinitatis
882 4556 1035 4638 mysterio,
1058 4554 1154 4618 trihus
1174 4551 1313 4616 videlieet

131 4664 282 4711 laarmararu
297 4675 346 4712 err.
359 4679 397 4713 aa.
411 4679 511 4713 oanan.
541 4665 604 4712 Tem.
615 4663 654 4710 lll.
1075 4654 1107 4706 tt
