3078 5248
266 369 329 433 548
351 385 390 428 1)ss
405 385 478 428 VERA
491 383 605 427 ΔΒΤΔΤΕ
619 381 815 426 4444414144
830 379 1016 426 scaurum
1029 379 1227 426 fflwhhlffl
1243 381 1421 425 orsrurtmo

264 535 445 598 assentimur
471 532 603 604 omnino,
636 532 733 610 iisque
764 531 936 593 adiiciamus
959 530 1018 592 duo
1040 531 1105 604 alia,
1134 549 1209 609 quae
1233 531 1270 592 ad
1296 533 1472 596 confirmare

266 615 892 698 4441144141141444414414411444114114.
935 614 1031 694 dttpue
1058 615 1085 676 is
1114 617 1244 694 primurn
1274 617 1367 678 duxit
1393 617 1426 677 ah
1443 639 1473 683 a

266 705 344 786 quod
367 705 431 782 ipse
454 701 654 782 Tertullianus
674 700 704 760 in
725 699 931 778 Apologetioo,
961 709 991 759 et
1017 700 1143 760 maxime
1170 699 1201 760 14
1223 701 1372 762 universa
1394 701 1472 762 ilhd

263 789 378 869 legibus
399 785 608 866 disputatione,
631 792 676 847 tot
696 784 779 862 signa
802 783 937 857 ediderit,
959 783 1066 862 quibus
1094 783 1228 845 nondum
1251 785 1377 863 legibus
1398 797 1472 848 44414

264 872 449 936 Christianos
473 870 614 932 Severum
635 886 784 949 pugnasse
805 867 923 941 indicat,
948 875 980 928 ut
1000 868 1098 928 nullus
1121 867 1207 947 plane
1230 868 1396 931 dubitandi
1417 871 1472 932 loro

264 956 402 1038 supersit.
446 955 576 1018 dlterum
604 971 640 1014 ex
669 952 745 1014 libro
774 952 811 1013 ad
833 953 974 1032 Martyres
997 955 1035 1026 (e.
1058 956 1118 1027 4.),
1141 951 1171 1012 14
1194 971 1255 1032 quo
1279 972 1492 1016 commemora,

264 1041 464 1106 Tertullianus
494 1037 647 1118 supplicia,
677 1037 784 1117 quibus
806 1035 903 1098 moini
933 1036 1045 1098 amicos
1074 1038 1212 1097 olfecerat
1234 1035 1396 1108 Severus,
1421 1041 1474 1118 qual

262 1129 370 1188 lactum
399 1144 467 1186 esse
495 1143 521 1185 4.
544 1143 574 1202 4.
598 1122 630 1184 C.
646 1122 680 1182 N.
697 1119 817 1183 CXCVI.
838 1130 896 1193 aut,
919 1120 997 1199 quod
1013 1120 1139 1193 mollem,
1163 1119 1302 1182 CllClli.
1329 1125 1474 1184 4441144144

263 1209 447 1274 1144144144
481 1207 606 1268 monuit.
659 1206 791 1268 'l'ertiom
824 1204 881 1284 ipsi
916 1205 1085 1266 obtulerunt
1112 1204 1272 1266 Clementis
1304 1207 1475 1268 Alexandria

261 1293 352 1356 44414
373 1295 496 1366 (Strom.
511 1291 561 1352 lib.
577 1291 615 1352 11.
633 1289 680 1352 ed.
702 1289 805 1351 Colou.
828 1309 857 1368 p.
874 1292 946 1352 414.
962 1287 1019 1365 h),
1041 1288 1149 1368 quibus
1171 1289 1341 1352 confitetur
1364 1293 1422 1353 iarn
1436 1307 1475 1352 tus

262 1377 419 1441 tormentis
455 1374 594 1455 exagitari
626 1373 821 1446 Christianos,
857 1391 924 1434 curn
951 1373 1131 1434 stromatum
1159 1372 1255 1434 libros
1285 1391 1476 1454 componere

262 1463 341 1542 quod
364 1462 433 1524 lecit
453 1463 515 1522 lere
537 1460 652 1531 eodem,
674 1477 732 1538 quo
754 1457 893 1528 diximus,
924 1465 1068 1536 ternpore.
1113 1457 1258 1530 Quartum
1288 1459 1382 1521 dedit
1409 1473 1477 1522 sets.

261 1547 403 1626 inquam
425 1544 596 1625 panssima
624 1541 768 1622 supplicia
795 1560 810 1602 4
833 1541 989 1603 Seillitanis
1010 1541 1183 1622 1144141144
1216 1551 1325 1604 sumta
1355 1545 1477 1606 incidunt

263 1631 385 1694 Claudio
407 1630 513 1691 iterum
538 1627 677 1698 Consule,
699 1625 750 1706 qui
773 1645 839 1687 curn
863 1625 894 1687 C.
915 1625 1030 1686 nuncio
1053 1625 1203 1687 Victorino
1225 1627 1333 1688 fasces
1357 1632 1394 1689 Δ.
1416 1629 1477 1690 itt..

262 1715 293 1778 C.
318 1715 372 1777 CC.
396 1713 505 1787 tenuit;
527 1711 634 1791 quihus
656 1711 782 1790 denique
804 1710 984 1788 argumentis
1000 1709 1107 1788 aliquid
1123 1709 1312 1772 auctoritatis
1338 1713 1478 1774 arbitratu

262 1819 300 1862 ex
321 1801 387 1879 ipso
410 1797 510 1861 Orosii
533 1817 567 1858 44
587 1795 742 1874 Freculphi
764 1794 935 1856 testimonio
958 1796 1107 1855 accedere.
1152 1797 1246 1873 Atque
1269 1815 1336 1858 nos
1360 1817 1423 1858 nou
1443 1819 1478 1859 su-

261 1903 329 1946 anus
351 1883 383 1956 ii,
406 1882 455 1961 qui
477 1882 532 1944 ista
556 1880 674 1959 quidem
701 1879 738 1940 ad
766 1897 830 1940 rem
860 1879 1115 1940 demonstrandam
1145 1897 1205 1939 non
1234 1881 1388 1942 sufficere
1418 1883 1478 1942 arti

261 1977 425 2039 traremur3
459 1985 492 2026 ea
529 1966 608 2026 enirn
638 1963 736 2025 omnia
758 1965 896 2043 putamus
923 1982 986 2024 rern
1015 1972 1094 2024 extra
1123 1981 1242 2024 omnem
1271 1963 1479 2026 dubitatione.

260 2071 383 2132 ponere.
434 2049 547 2112 Placuit
580 2059 693 2121 144444,
722 2067 759 2108 44
787 2047 857 2126 quid
883 2045 1034 2108 videamur
1065 2048 1331 2126 praetermisisse,
1356 2053 1478 2129 quadra

260 2134 579 2214 rem-confirmandam
609 2135 705 2194 lacere
732 2131 949 2210 quodammodo
976 2141 1096 2210 posset,
1125 2131 1183 2192 duo
1206 2131 1261 2193 4114
1284 2133 1425 2196 adiicere
1444 2155 1478 2196 ar·

262 2227 410 2298 gumenta,
432 2235 517 2296 quae,
539 2217 672 2295 quamvis
694 2215 810 2278 minora
832 2235 899 2276 esse
921 2214 1132 2276 dloshemianis
1155 2215 1237 2276 144114
1260 2217 1413 2294 patimur,
1436 2239 1477 2280 ne

260 2311 359 2364 144444
381 2301 502 2362 omnino
524 2299 681 2362 reiicienda
709 2299 776 2362 esse
803 2301 949 2360 videntur.
992 2299 1087 2361 Unum
1118 2308 1165 2361 est
1185 2301 1258 2374 hoc,
1282 2304 1371 2380 quod
1397 2305 1477 2364 delia

261 2386 433 2467 Spartianus
471 2385 507 2446 de
543 2384 689 2446 Caracallo
726 2383 831 2446 dieite:
876 2384 1036 2464 Septenaria
1061 2403 1157 2465 puer,
1195 2403 1262 2446 cam
1303 2387 1478 2450 4411444444

259 2489 349 2534 soona
377 2488 507 2550 puerum
536 2471 571 2532 ol
593 2470 741 2530 ludoicum
763 2468 935 2548 rela'pioaam
962 2472 1087 2546 pronius
1114 2469 1307 2532 4441444144
1333 2475 1476 2534 andrina.

259 2573 353 2636 aeque
372 2564 489 2634 putrem
511 2573 609 2625 soum,
630 2571 724 2633 aeque
742 2563 860 2632 patrem
878 2556 979 2632 porri,
1007 2553 1055 2613 uel
1086 2564 1226 2615 auctores
1247 2556 1422 2617 verberam
1441 2559 1475 2616 dx

260 2645 403 2719 respacis.
443 2637 486 2698 Ex
507 2627 566 2716 quo
587 2637 654 2698 loco
676 2645 807 2722 apparet,
828 2636 908 2714 quod
929 2645 1012 2714 44144
1033 2637 1117 2716 pueri
1140 2637 1226 2699 istius
1248 2656 1310 2698 nou
1338 2641 1409 2720 ipse
1426 2659 1475 2700 444

258 2732 381 2803 4444144
401 2722 551 2784 14141444
573 2720 745 2800 religionem
767 2720 960 2799 castigaverit,
992 2723 1044 2783 sed
1074 2722 1152 2800 qood
1181 2723 1247 2801 ipse
1269 2722 1411 2786 Severus
1431 2745 1474 2803 pu

258 2826 342 2869 erum
369 2807 492 2868 iusserit
518 2806 554 2867 ah
582 2805 647 2866 aliis
663 2804 821 2883 castigari.
865 2805 938 2866 Nam
966 2806 1017 2884 qui
1043 2806 1192 2884 potuisset
1213 2805 1390 2870 Caracallus
1420 2829 1475 2869 sur·

258 2909 381 2953 censere
409 2889 485 2970 patri
507 2890 629 2962 Severo,
650 2889 709 2950 nisi
731 2889 758 2950 is
780 2889 845 2968 ipse
868 2889 926 2951 hoc
945 2890 1092 2952 voluisset
1113 2889 1200 2950 fieri?
1242 2890 1351 2970 ltaque
1380 2893 1477 2970 aliqns

258 2972 824 3054 1414414444444414144114441444,
853 2991 918 3034 cunr
942 2973 1106 3036 Caracallus
1136 2981 1248 3054 septem
1277 2987 1366 3038 esset
1389 2997 1476 3038 anno
1503 2987 1504 2992 ’

256 3075 332 3133 rum,
363 3058 574 3138 ripuguatum
597 3076 663 3119 esse
692 3057 833 3119 adversus
857 3057 1056 3130 Christianos,
1086 3059 1217 3136 quamvis
1246 3076 1327 3119 4444
1364 3061 1477 3122 demna

255 3160 285 3221 p.
308 3141 399 3203 CN.
422 3142 504 3204 CCll.
528 3142 655 3203 Seuerus
683 3141 764 3220 leges
796 3149 898 3202 contra
919 3143 1027 3204 horum
1047 3141 1282 3220 ludaeorumque
1303 3144 1478 3224 religionen

255 3223 365 3285 1414411.
409 3227 445 3285 11
464 3225 623 3305 septimum
645 3243 754 3286 annum
781 3225 841 3303 egit
861 3225 1025 3288 Caracallus
1052 3244 1130 3289 anuo
1158 3245 1174 3288 4
1200 3235 1267 3287 4414
1291 3226 1480 3308 Sospitaton

256 3306 488 3382 nostroCXCV.,
511 3309 590 3386 quod
612 3319 659 3370 est
679 3308 763 3370 facile
785 3310 998 3372 demonstratu.
1027 3310 1142 3372 Norunt
1163 3312 1375 3384 enimomnes,
1401 3333 1478 3374 mor·

176 3461 178 3469 ,
255 3400 338 3452 tuurn
357 3409 425 3452 esse
447 3392 588 3453 Severum
610 3411 635 3453 4.
659 3393 764 3464 CCXL,
788 3393 835 3454 cui
856 3394 1018 3456 succedens
1039 3394 1203 3457 Caracallus
1226 3395 1408 3458 interlectos
1431 3409 1479 3458 est

256 3492 323 3536 curn
354 3492 444 3553 supra
466 3475 512 3535 Vl.
535 3494 629 3538 annos
651 3477 828 3556 4444444411,
859 3495 884 3538 4.
909 3477 1043 3539 uuxvu.
1087 3479 1115 3540 ls
1138 3479 1407 3542 verecumdiam
1433 3501 1478 3542 so-

253 3577 388 3638 promum
411 3558 517 3632 obiret,
539 3578 647 3622 annum
670 3561 804 3641 attigerat
815 3561 936 3635 1111111.;
962 3580 1020 3640 quo
1043 3580 1167 3624 numero
1189 3564 1319 3624 detracto
1346 3583 1480 3628 summae

253 3661 400 3706 annorum
421 3643 496 3716 eius,
518 3644 642 3723 emergit
664 3663 758 3706 annus
781 3643 994 3718 utxxxvru,
1015 3665 1074 3725 quo
1087 3656 1173 3708 natus
1189 3647 1228 3708 sit
1242 3655 1382 3727 oportet;
1407 3651 1481 3710 unda

162 3751 170 3760 ·
253 3727 456 3808 consequitur,
479 3727 657 3790 Caracallum
685 3747 711 3790 4.
736 3728 843 3790 CXCV.
866 3731 1025 3809 septimum
1048 3749 1156 3792 annum
1180 3733 1289 3810 egisse,
1313 3751 1380 3812 quo
1406 3745 1480 3796 tem-

250 3829 325 3891 pore
346 3813 433 3891 longe
453 3811 606 3892 posterius
628 3819 675 3874 est
697 3812 798 3874 Severi
819 3813 957 3876 edictum.
989 3815 1091 3893 Neque
1112 3823 1185 3895 puto
1205 3834 1390 3895 quemquam
1408 3821 1480 3879 iore

252 3897 301 3975 qui
323 3895 410 3958 nohis
433 3905 574 3976 opponat,
594 3897 682 3974 longe
711 3897 855 3958 diversam
883 3917 951 3960 esse
979 3899 1155 3961 christianae
1182 3919 1217 3962 ac
1243 3899 1381 3964 iudaicae
1410 3903 1481 3964 reli-

250 3979 346 4058 gionis
372 3980 518 4042 rationem
546 3997 602 4040 nec
622 3998 715 4058 posse
736 3980 949 4056 demonstrari,
979 3981 1163 4045 Christianos
1192 3984 1286 4045 fuisse
1309 4003 1326 4044 a
1350 3986 1481 4048 deorum

250 4063 412 4124 cultoribus
434 4071 565 4137 vexatos,
588 4063 728 4142 4444144]
750 4064 882 4144 castigati
904 4066 1028 4138 luerint,
1057 4066 1106 4147 qui
1128 4087 1162 4130 se
1183 4067 1315 4130 iudaicae
1336 4071 1480 4149 religion

250 4145 408 4207 addixerat
452 4148 524 4209 Nam
548 4147 598 4227 qui
620 4148 660 4209 114
682 4145 828 4220 sentiunt,
856 4168 910 4210 eos
938 4169 1063 4212 necesse
1085 4161 1131 4213 est
1152 4151 1279 4230 lingere,
1302 4155 1390 4232 quod
1413 4155 1480 4214 441·

249 4245 305 4307 gus
339 4229 425 4290 etiarn
454 4231 637 4294 Christianos
667 4231 724 4293 iam
747 4232 819 4292 satis
848 4251 864 4293 4
892 4235 1008 4296 ludaeis
1036 4235 1205 4298 distinxerit
1230 4234 1278 4308 (41
1307 4236 1370 4299 144
1398 4239 1480 4299 enirn

249 4311 373 4373 dicimus
394 4313 485 4375 istum
508 4316 666 4378 tumultum
687 4315 780 4378 luisse
802 4317 981 4396 excitatum).
1025 4319 1088 4380 Hoc
1116 4339 1186 4381 vero
1212 4318 1380 4382 discrimen
1410 4341 1480 4382 eum

247 4459 274 4494 aa
299 4445 345 4508 ipsi
377 4446 517 4510 eripuerunt
546 4453 670 4512 grauiores
703 4452 831 4502 4444114414
917 4454 941 4503 1.
960 4454 986 4503 14
1004 4454 1053 4505 1114
1071 4455 1182 4505 14144141
1201 4454 1319 4505 Caracalli
1338 4471 1361 4506 c.
1385 4455 1408 4508 l.

247 4513 355 4562 muneris
373 4527 453 4571 coras,
472 4523 497 4564 ot
515 4517 601 4568 1414144
618 4521 641 4569 in
660 4519 781 4569 addendis
799 4519 828 4569 ad
915 4522 930 4570 i.
955 4521 980 4570 1.
998 4521 1098 4572 11144444
1124 4523 1233 4572 Casaiutn
1257 4523 1348 4572 illator.
1371 4524 1481 4573 Roman.

246 4579 298 4630 141.
318 4579 335 4630 1.
354 4579 416 4632 ilias.
434 4581 495 4632 lliat.
512 4581 578 4636 1441.
595 4600 621 4649 p.
638 4585 707 4638 ro2.-
882 4587 1038 4640 1111111111.
1057 4589 1114 4640 adit.
1130 4587 1462 4650 normalitatem
