3122 5250
268 349 338 412 360-
368 365 556 408 urssanrarro
572 365 602 407 m
618 363 668 414 oua
681 362 764 408 serr.
780 361 866 408 rnoa.
882 363 1077 408 rsaruauaar
1089 363 1314 408 monoonrramr
1326 363 1407 408 carr.

269 533 331 580 non
350 515 460 598 putavit
480 515 635 594 ipsumque
655 515 729 594 petit
749 514 944 576 accusationis
967 523 1060 594 caput
1101 514 1285 576 Manifestum
1298 514 1392 594 itaque
1404 515 1462 576 lacit

269 603 352 663 datas
380 601 410 661 in
432 599 613 661 Christianos
640 599 720 678 leges
742 617 810 660 esse
832 599 1031 679 iniquissimas
1052 607 1083 660 et
1102 607 1226 662 statutas
1247 618 1264 660 a
1285 598 1416 678 pessimis
1435 617 1462 660 ae

266 683 504 746 'sceleratissimis
531 683 722 764 principibus.
764 683 865 762 Neque
890 684 988 746 minus
1010 683 1160 746 evidenter
1180 683 1362 746 demonstrat
1379 683 1462 746 bonos

269 771 394 852 piosque
414 765 561 848 principes
583 769 628 830 rel
648 786 795 847 nunquam
818 767 848 829 in
871 768 1055 830 Christianos
1088 767 1228 830 saeviisse
1260 777 1310 830 aut
1330 786 1462 847 nunquam

268 854 456 934 praecepisse
477 853 507 913 in
529 867 585 915 eos·
604 853 718 914 saeviri.
763 852 850 926 Quod
871 853 990 932 quidem
1011 853 1059 914 ille
1079 853 1291 934 imperatorum
1311 852 1460 914 achristia-

267 957 323 1002 nae
343 939 494 1017 religionis
522 937 607 998 initio
636 938 671 998 ad
693 957 779 999 suum
802 957 896 1017 usque
917 946 1034 1018 tempus
1054 937 1136 999 brevi
1158 937 1328 1000 inductione
1349 937 1462 998 ostendit

269 1023 361 1098 (ldem
384 1023 434 1084 lib.
457 1022 478 1082 l.
501 1022 537 1083 ad
558 1021 623 1083 Nat.
645 1040 706 1101 cap.
731 1026 803 1099 to).

353 1107 406 1169 Ubi
436 1107 584 1168 enimvero
612 1107 802 1169 christianum
829 1124 937 1168 nomen
964 1107 995 1166 in
1022 1106 1163 1168 mundum
1191 1106 1354 1186 pervulgari
1380 1105 1462 1184 coepit

268 1191 362 1268 (idem
372 1192 524 1272 Apologet.
537 1210 599 1270 cap.
612 1196 665 1269 5.),
689 1199 751 1252 turn
762 1190 900 1252 Tiberius
922 1191 1092 1269 imperator,
1118 1191 1161 1252 uti
1183 1191 1321 1270 superius
1343 1189 1461 1253 animad-

266 1277 538 1355 vertimus·(Supra
559 1293 620 1356 cap.
638 1278 667 1340 8.
689 1277 749 1337 hrt
765 1281 819 1352 4.).
841 1275 933 1336 voluit
958 1274 1107 1336 Christum
1128 1276 1159 1336 in
1180 1276 1303 1337 deorum
1324 1292 1463 1338 numerum

267 1363 377 1423 reterre
405 1379 439 1422 ae
466 1361 597 1440 quamvis
625 1360 789 1440 prohibitus
819 1360 858 1422 sit
886 1379 902 1420 a
929 1368 1044 1432 senatu,
1073 1359 1103 1421 in
1124 1379 1178 1422 soa
1200 1367 1298 1422 tamon
1319 1358 1463 1441 permansit

267 1445 425 1508 sententia
465 1445 590 1507 Tantum
619 1446 715 1525 itaque
736 1445 828 1516 abest,
858 1453 890 1506 ut
911 1443 1036 1523 aliquam
1057 1442 1154 1506 tulerit
1175 1445 1206 1504 in
1227 1444 1407 1508 Christianos
1425 1443 1461 1504 le·
1489 1482 1491 1490 ›
1528 1499 1529 1514 q

268 1549 343 1611 gem,
366 1530 436 1610 quin
457 1529 555 1609 potius
578 1549 680 1592 eorum
702 1531 936 1599 accusatoribus,
958 1529 1052 1608 inquit
1072 1528 1282 1602 Tertullianus,
1302 1527 1461 1611 periectas,

265 1633 379 1694 poenae
402 1615 536 1676 videlieet
557 1624 585 1676 et
607 1614 751 1694 supplicii,
774 1614 967 1675 comminatus
989 1613 1075 1674 luerit
1101 1613 1235 1687 (Tertull.
1258 1613 1352 1691 ibid).

265 1717 269 1743 2
352 1699 452 1777 Neque
480 1700 567 1760 etiam
588 1699 697 1760 Auctor
717 1707 821 1760 noster
842 1715 968 1777 unquam
990 1698 1114 1758 credidit
1135 1698 1293 1778 quidquam
1315 1719 1332 1759 a
1353 1695 1463 1776 Caligda

265 1794 297 1844 et
320 1783 437 1844 Claudio
472 1783 696 1862 imperatoribus
730 1785 758 1843 in
791 1784 911 1845 eosdem
944 1782 1127 1844 Christianos
1160 1783 1320 1846 deosum.
1362 1781 1461 1844 Etenim
1504 1814 1505 1822 κ

267 1867 374 1928 ibidem
397 1868 516 1928 adiecit:
541 1869 691 1931 Consulite
707 1871 933 1931 commentarios
949 1881 1076 1940 uestros,
1100 1867 1163 1929 illic
1178 1873 1336 1946 reperietis
1346 1871 1462 1948 primun

267 1951 418 2014 Neronem
445 1957 478 2013 in
506 1953 582 2014 banc
609 1964 719 2014 sectam
748 1971 814 2013 enne
839 1957 965 2014 macime
993 1951 1102 2014 Romae
1130 1957 1275 2014 orientem
1298 1953 1462 2016 Caesariana

266 2037 366 2118 qladio
399 2038 545 2114 ferocisse
578 2035 759 2112 (Tertullian.
782 2037 837 2096 loc.
861 2036 931 2110 eit).
974 2036 1036 2096 Nos
1069 2055 1139 2098 vero
1168 2036 1244 2098 inira
1273 2035 1461 2116 exphrabimns

267 2140 320 2182 cur
341 2120 434 2200 purime
453 2121 687 2183 Christianorum
708 2121 875 2200 persecutio
898 2120 934 2180 ab
956 2119 1013 2181 hoc
1034 2122 1211 2200 imperatore
1234 2121 1374 2184 concitata
1393 2119 1461 2180 dica·

265 2214 317 2266 tur
348 2203 513 2280 (dissertat.
534 2205 565 2266 in
587 2205 657 2266 Luc.
682 2205 786 2266 Caecil.
813 2203 863 2264 lib.
893 2205 929 2265 de
949 2205 1034 2266 hlort.
1057 2205 1172 2266 Perseo.
1202 2223 1266 2286 cap.
1290 2209 1319 2270 6.
1340 2207 1398 2266 hrt
1420 2205 1461 2278 1.).

268 2289 467 2361 Quamobrem
496 2289 565 2351 illud
592 2298 705 2351 tantum
735 2288 957 2350 observabimus
987 2288 1161 2368 quibusdam
1188 2289 1284 2352 vistmr
1312 2290 1400 2352 luisse
1423 2286 1461 2348 his

265 2369 365 2434 verbis
386 2377 616 2436 commentarios
637 2386 754 2436 oestrus
777 2372 813 2433 ab
834 2373 959 2435 ductore
980 2382 1082 2435 nostro
1105 2373 1252 2454 designari
1280 2383 1330 2436 aut
1351 2369 1461 2434 Cornelii

268 2457 360 2519 Taciti
381 2458 507 2519 Annales
530 2467 580 2520 aut
599 2459 698 2538 potius
721 2458 898 2536 descriptam
920 2477 936 2518 a
958 2458 1100 2520 Suetonio
1115 2459 1243 2521 Neronis
1264 2461 1360 2521 vitam.
1401 2455 1462 2517 llam

268 2542 335 2604 alibi
357 2542 405 2604 ille
427 2542 499 2604 dixit
529 2542 609 2604 Vitas
634 2544 795 2606 Caesarum
817 2543 953 2622 leqimns:
984 2548 1127 2605 orientem
1148 2545 1238 2624 fidem
1256 2549 1372 2626 primas
1393 2541 1461 2603 llere

266 2632 438 2690 cruentavit
465 2627 645 2703 (Tertullian.
669 2627 718 2688 lib.
741 2627 777 2688 de
799 2627 903 2706 Scorp.
933 2645 994 2706 cap.
1020 2631 1092 2704 15.)
1134 2627 1195 2689 Nea
1217 2646 1339 2708 prorsus
1360 2625 1461 2706 quidem

239 2714 366 2792 ‘inepta
386 2712 500 2774 ridetur
521 2713 594 2774 haec
615 2713 789 2774 coniectura.
821 2711 880 2773 Sed
901 2711 970 2790 quid
992 2712 1122 2791 impedit,
1144 2714 1304 2798 quominus
1326 2726 1460 2774 commen·

267 2798 409 2860 lariorum
439 2797 557 2858 nomine
585 2797 679 2858 adhuc
700 2797 882 2858 denotaverit
903 2815 1007 2857 arcana
1030 2815 1083 2858 seu
1104 2805 1167 2858 aeta
1189 2797 1305 2876 publica
1326 2797 1460 2858 Romano-

267 2899 344 2956 rum,
376 2883 407 2943 in
429 2882 544 2961 quihus.
574 2882 660 2944 sicuti
681 2900 769 2960 supra
791 2880 957 2942 notavimus
984 2881 1093 2960 (Supra
1114 2899 1177 2961 cap.
1200 2884 1233 2945 9.
1255 2882 1316 2943 hrt.
1338 2884 1388 2958 3.),
1418 2895 1460 2938 er·

266 2965 459 3029 traordinaria
481 2968 554 3028 lacta
575 2967 679 3028 litteris
703 2967 872 3045 consignata
895 2965 1151 3027 conservabantur.

352 3052 513 3130 Utcumque
540 3069 589 3112 res
610 3071 643 3113 se
664 3051 778 3124 habeat,
801 3059 880 3112 certe
901 3051 1003 3129 religio
1026 3050 1181 3112 christiana
1205 3051 1264 3113 hae
1284 3051 1403 3119 Nerone,
1422 3054 1460 3122 ty·

267 3155 360 3198 ranno
391 3136 522 3196 omnium
550 3136 733 3214 nequissimo
760 3135 813 3208 vel,
841 3134 1086 3213 quemadmodum
1114 3134 1246 3214 loquitur
1272 3133 1460 3199 tenutam.

157 3237 162 3243 ·
268 3219 325 3281 tali
345 3221 513 3282 dedicatore
536 3219 734 3283 damnationis
756 3232 881 3282 nostrae
904 3224 991 3281 etiam
1011 3220 1165 3299 ploriatnr
1192 3219 1371 3291 (Tertulhan.
1391 3216 1460 3294 lpo-

267 3304 355 3383 loget.
378 3321 439 3382 cap.
463 3308 515 3380 5.).
557 3303 600 3364 hh
622 3305 670 3366 illo
694 3305 838 3384 siquidem
861 3305 994 3364 damnata
1026 3323 1061 3365 eo
1084 3303 1148 3382 ipso
1170 3303 1250 3366 bona
1272 3323 1338 3367 esse
1358 3311 1385 3364 et
1404 3314 1461 3360 vera

266 3387 418 3468 probatur.
462 3387 535 3448 Nam
562 3388 648 3450 sicuti
675 3388 721 3449 ille
749 3390 863 3467 pergit:
904 3388 967 3460 Qni
992 3393 1047 3450 scit
1069 3388 1165 3465 illnm,
1192 3390 1359 3468 inrettqere
1374 3388 1461 3468 potest
1530 3391 1531 3394 ’

266 3475 391 3534 nonnisi
425 3474 539 3552 prande
578 3473 699 3554 aliquod
732 3475 841 3534 boream
868 3492 887 3533 a
915 3473 1035 3535 Nerone
1063 3475 1235 3536 damnatam
1266 3474 1356 3548 (ldem
1381 3466 1459 3540 hid).
1530 3467 1531 3488 ¹

267 3555 326 3618 Sed
348 3556 420 3618 haec
440 3556 527 3637 paulo
549 3557 641 3618 fusius
664 3557 852 3636 prosequitur
873 3557 904 3618 in
926 3557 1039 3625 suoad
1060 3557 1199 3620 Nationes
1221 3558 1310 3619 libro:
1333 3555 1390 3618 Sal
1409 3549 1459 3613 tte-
1530 3627 1531 3636 ἵ

267 3661 352 3713 rone,
374 3641 479 3721 inquit,
503 3643 663 3704 damnatio·
676 3642 814 3715 invaluit,
838 3653 873 3703 nt
894 3646 953 3703 iam
976 3642 1043 3704 ln'aa
1066 3642 1099 3704 da
1117 3660 1252 3722 persona
1269 3636 1458 3725 persentiant

264 3729 448 3809 ponderetis.
476 3727 512 3788 Si
531 3731 599 3806 pins
614 3725 666 3788 ille
677 3730 831 3807 princepe,
853 3731 939 3806 impii
954 3725 1126 3797 Christiani,
1149 3731 1179 3788 si
1190 3731 1299 3797 instas,
1322 3729 1349 3787 si
1362 3731 1457 3790 cartas,
1530 3749 1531 3810 ;

262 3817 376 3876 'inr'asti
395 3821 424 3874 et
445 3815 551 3874 incasti
572 3811 743 3884 Christiani,
767 3816 796 3872 si
815 3829 876 3872 aon
894 3812 985 3873 bostis
999 3811 1148 3892 publicas,
1171 3829 1227 3873 nos
1240 3811 1352 3890 publici
1364 3808 1456 3869 hoster,

266 3897 369 3979 quales
392 3901 484 3959 simas
508 3897 667 3958 damnator
686 3895 738 3956 ille
762 3897 986 3966 demonstravit,
1008 3900 1108 3977 ntique
1128 3895 1255 3967 aemula,
1285 3895 1313 3955 id
1335 3899 1377 3954 est
1396 3903 1456 3982 cons

267 3983 372 4044 trarias
400 3981 538 4061 pessimis
566 3981 627 4042 suis
649 3979 781 4042 moribus
804 3979 927 4042 virtutes
946 3984 1087 4061 puniens.
1131 3980 1170 4041 m
1192 3991 1289 4042 tamen
1307 3976 1458 4059 permanat

266 4070 363 4128 erasis
387 4067 521 4129 omnibns
544 4063 599 4126 hac
619 4065 717 4126 sclam
737 4069 909 4128 institutum
923 4063 1138 4137 Neronianum,
1160 4069 1274 4128 iustam
1288 4065 1411 4141 cantare
1429 4057 1458 4114 ¹⁴²

267 4149 409 4212 dissimile
430 4155 481 4213 sai
499 4154 634 4213 auctoris
656 4149 748 4224 (idem
770 4149 820 4210 lib.
842 4149 865 4209 l.
888 4149 924 4209 ad
946 4148 1062 4211 hation.
1085 4167 1147 4229 cap.
1171 4153 1222 4227 7.).

351 4233 416 4300 Nou
436 4243 572 4314 poterant
592 4235 681 4314 igitur
702 4233 824 4314 gentiles
846 4233 1019 4294 Christianis
1042 4233 1168 4295 obiicere
1189 4252 1223 4294 se
1237 4231 1346 4311 legibus
1360 4225 1393 4288 ab
1406 4223 1454 4284 im·

266 4318 402 4397 piissimo
424 4318 473 4379 illo
495 4329 616 4400 tyranno
637 4319 713 4381 datis
735 4319 890 4398 obstringi.
908 4345 911 4354 ·
926 4317 1022 4380 Prima
1043 4319 1151 4399 quippe
1173 4318 1269 4379 lexin
1291 4331 1342 4377 eos
1362 4311 1457 4400 sanati

267 4401 304 4463 ab
331 4401 390 4476 illo,
418 4404 465 4481 qni
494 4405 583 4467 tantis
610 4413 728 4484 tamque
755 4403 913 4466 horrendis
941 4401 1101 4465 sceleribus
1123 4403 1250 4465 iniamen
1271 4401 1357 4462 vitam
1376 4393 1454 4489 dunt

267 4488 455 4549 manifestum
475 4497 554 4550 certe
575 4489 712 4552 omnibus
734 4489 803 4550 lecit
824 4507 910 4568 quam
925 4495 1037 4552 eastum
1053 4496 1082 4549 et
1095 4488 1235 4550 innocens
1251 4491 1313 4546 erat
1326 4481 1453 4574 Chnsttt·

261 4581 374 4636 'nomm
400 4571 515 4634 vivendi
542 4591 645 4652 genus.
688 4573 799 4636 Deinde
827 4591 896 4636 raro
918 4573 966 4635 ille
987 4573 1133 4636 honorum
1156 4571 1289 4635 amnium
1304 4568 1393 4630 nosos
1412 4573 1453 4618 ιη·
