3114 5240
268 373 328 436 118
362 388 553 433 orsssnrsrre
569 388 600 432 in
615 387 663 439 eu.
679 387 763 432 saar.
779 387 864 431 reos.
880 351 1074 432 recrescunt
1088 385 1315 431 srenoasrrcun
1330 386 1417 431 carr.

264 541 373 602 Beatus
393 539 562 612 Rhenanus,
585 556 710 618 quemm
732 555 822 618 opera
845 537 1134 618 huius'aliorumque
1156 537 1289 600 eiusdem
1309 536 1488 600 Tertulliani

264 625 408 688 libremm
436 623 594 685 editionem
622 621 783 685 ademerit.
832 622 950 684 Primus
977 623 1228 698 Paterniacensis,
1257 623 1288 684 in
1316 623 1488 686 Patamiaci

265 709 457 772 Transiurani
479 707 624 781 coenobii,
649 707 797 769 secundus
819 707 850 768 in
864 707 1082 786 llirsaugiensis
1104 707 1276 770 monasterii
1293 706 1488 770 bibliothecis

265 793 499 857 asservabantur.
548 793 677 872 Uterque
705 799 801 854 autem
829 791 963 871 plurimis
991 791 1154 872 iisdemque
1182 793 1243 854 lere
1273 791 1411 854 omnihus
1439 793 1490 855 sic

265 887 358 942 scatet
379 877 503 950 mendis,
526 885 559 940 ut
580 877 654 938 alter
676 876 712 938 ab
735 875 828 937 altero
850 875 983 938 rideatur
1004 877 1179 956 descriptus.
1208 875 1302 938 hlium
1318 895 1389 938 rere
1404 877 1487 938 Ter-

265 963 380 1026 tulliani
402 963 532 1041 Operum
554 961 684 1024 codicem
707 961 913 1041 sigismundus
935 960 1075 1022 Gelenius
1098 959 1328 1023 vetustissimum
1350 969 1380 1023 et
1401 962 1488 1042 opti-

264 1067 347 1122 mae,
375 1055 408 1108 ut
436 1047 500 1126 ipse
520 1047 577 1120 ait,
605 1054 692 1107 notae
714 1045 843 1108 codicem
865 1053 967 1108 namus
989 1054 1037 1107 est
1057 1064 1093 1108 ex
1114 1045 1296 1108 htasburensi
1319 1046 1488 1108 coenobio:

265 1133 318 1195 sed
341 1131 389 1193 ille
412 1132 484 1193 satis
507 1131 584 1192 clarc
606 1130 693 1191 nobis
715 1147 776 1191 nen
798 1130 963 1204 edissemit,
986 1139 1085 1192 uuum
1106 1130 1156 1191 hic
1175 1129 1382 1210 apologeticus
1404 1149 1488 1194 unus

265 1237 300 1279 ex
323 1215 495 1278 Tertulliani
517 1215 600 1278 libris
622 1215 670 1286 sit,
693 1214 793 1294 quiin
815 1214 872 1276 hec
893 1214 994 1276 codiee
1015 1213 1208 1276 desideratur.
1237 1215 1312 1276 Tres
1328 1223 1487 1295 praeterea

265 1309 363 1364 extant
384 1301 414 1362 in
436 1299 613 1363 bibliotheca
634 1300 771 1362 Vaticana
794 1299 955 1361 eorundem
977 1298 1123 1370 librorum
1144 1299 1278 1373 cedices,
1308 1319 1344 1362 ex
1375 1299 1487 1380 quihus

265 1386 321 1450 sibi
344 1387 380 1447 ah
403 1385 604 1447 illustrissime
627 1383 780 1448 Cardinale
802 1383 908 1446 Sirleto
931 1383 1161 1445 subministratis
1184 1383 1291 1446 Manus
1318 1384 1418 1464 Copus
1434 1384 1488 1446 di·

264 1489 365 1533 rersas
394 1471 430 1532 ab
459 1470 544 1531 editis
573 1469 715 1532 lectiones
748 1468 864 1546 collegit
891 1468 1113 1547 transmisitque
1140 1467 1286 1543 Pamelio,
1316 1469 1365 1548 qui
1387 1469 1424 1532 iis
1446 1470 1489 1532 ad

265 1555 496 1618 concinnandam
519 1573 626 1616 nevam
647 1572 770 1633 operam
792 1553 963 1615 Tertulliani
985 1553 1144 1614 editionem
1166 1571 1239 1615 usus
1262 1561 1316 1614 est.
1347 1553 1404 1616 Sed
1427 1555 1489 1615 tria

265 1641 360 1701 adhuc
381 1639 427 1700 illa
450 1637 566 1700 illerum
589 1639 764 1718 exemplaria
786 1638 844 1716 ipsi
867 1637 1051 1719 suppeditata
1072 1646 1151 1708 sunt,
1174 1645 1204 1698 et
1225 1638 1284 1699 duo
1306 1637 1423 1717 quidem
1446 1657 1487 1700 ex

265 1725 296 1786 S.
318 1723 440 1784 hmandi
468 1741 502 1784 ae
522 1723 647 1785 Barenis
668 1723 874 1797 monasteriis,
903 1723 1023 1785 tertium
1044 1723 1212 1801 hnglicum,
1235 1723 1314 1802 qnod
1334 1739 1424 1802 penes
1448 1741 1487 1784 se

264 1809 391 1870 loannes
414 1803 548 1869 Clemens
562 1807 672 1886 hagios
695 1807 828 1868 habehat
873 1808 981 1868 Verum
1003 1825 1097 1886 neque
1118 1805 1263 1869 Pamelius
1285 1825 1380 1887 neque
1404 1806 1484 1869 alius

144 1965 147 1974 1
265 1892 408 1972 quispiam
430 1891 518 1953 nohis
540 1892 678 1953 indicarit
698 1891 792 1970 qualia
814 1900 974 1971 quantaeve
996 1891 1178 1970 antiquitatis
1199 1909 1234 1953 ee
1254 1893 1324 1954 siut

350 1977 383 2038 ln
413 1983 515 2037 nestra
543 1985 640 2038 autem
663 1975 756 2038 Gallia
784 1975 832 2036 alii
861 1975 1017 2037 cuiuslibet
1044 1977 1147 2038 aetatis
1168 1975 1357 2054 reperiuntur
1376 1975 1487 2038 horum

265 2061 407 2124 librorum
430 2061 622 2140 manuscripti
643 2060 778 2133 cedices,
806 2079 841 2120 ex
868 2060 974 2139 quibus
1001 2060 1101 2139 plures
1122 2060 1210 2123 nohis
1233 2060 1297 2122 aliis
1320 2067 1370 2121 aut
1391 2079 1487 2122 rene-

265 2147 355 2208 randa
377 2145 559 2224 antiquitate,
581 2153 632 2206 aut
653 2145 776 2223 eleganti
799 2145 967 2206 charactere
988 2145 1093 2206 cedere
1114 2145 1259 2207 ridentur.
1287 2145 1332 2206 Ex
1352 2145 1390 2206 iis
1406 2164 1487 2208 unus

265 2231 463 2292 Puteanorum
486 2229 554 2290 olim
578 2230 703 2291 fratrum
723 2238 892 2290 asservatur
914 2229 945 2291 in
966 2229 1045 2309 regis
1067 2231 1162 2291 nostri
1185 2229 1425 2292 christianissimi
1437 2230 1487 2291 bi-

264 2315 420 2376 bliotheca.
463 2314 593 2376 hltemm
613 2333 684 2375 rere
707 2313 828 2375 lacobus
849 2314 1029 2393 Beogarsius
1051 2314 1230 2393 possidebat.
1270 2314 1307 2374 ht
1326 2323 1488 2394 utrimque

266 2407 364 2462 autem
395 2399 566 2464 Desiderius
601 2397 745 2461 llereldus
782 2398 961 2478 singularem
991 2399 1174 2479 hpelogetici
1203 2398 1363 2460 editionem
1391 2401 1486 2461 casti·

267 2485 353 2564 gavit.
1244 2497 1250 2510 ·
1280 2493 1283 2503 ’

350 2567 485 2628 llicelaus
514 2583 584 2628 vero
605 2567 746 2646 Rigaltius
774 2585 834 2628 non
856 2585 961 2645 magna
983 2567 1049 2628 sine
1069 2567 1270 2647 indignatione
1292 2567 1487 2646 conqueritur

266 2651 504 2715 emendatissima
527 2652 657 2731 Opemm
679 2651 849 2713 Terurlliani
869 2652 964 2730 prima
986 2653 1169 2731 genuinaque
1191 2651 1367 2732 exemplaria
1388 2652 1448 2714 iam
1470 2673 1488 2714 a

266 2739 355 2817 longo
384 2745 517 2815 tempore
547 2736 583 2797 ab
612 2736 664 2810 iis,
695 2736 745 2815 qui
765 2735 892 2797 hlricani
921 2736 1009 2797 huius
1037 2737 1191 2816 scriptoris
1213 2736 1357 2799 dictiones
1379 2755 1488 2818 capere

266 2841 327 2884 nen
349 2829 523 2902 potuerunt,
553 2821 597 2882 sic
617 2828 755 2900 corrupta
778 2820 886 2893 luisse,
909 2821 1010 2882 utrix
1029 2821 1088 2882 ulla
1108 2821 1283 2882 restituendi
1304 2821 1365 2882 reri
1387 2829 1487 2886 textus

267 2926 336 2987 spes
356 2905 494 2985 supersit.
539 2905 597 2968 Sed
620 2907 727 2967 latetur
748 2912 846 2966 tamen
869 2924 939 2966 suae
961 2905 1082 2967 editioni
1103 2905 1262 2985 plurimum
1283 2905 1357 2968 lueis
1380 2915 1410 2968 et
1431 2924 1488 2969 or-

266 2991 396 3054 namenti
418 2990 579 3052 accessisse
601 3009 636 3051 ex
657 2991 745 3051 variis
767 2989 954 3063 lectionibus,
976 3009 992 3050 a
1014 2990 1166 3064 llhenano,
1189 2998 1219 3052 et
1233 2990 1298 3052 aliis
1313 2990 1489 3054 melioribus

267 3076 406 3138 aTulrie
435 3095 470 3136 ae
489 3074 573 3136 lunio
602 3073 732 3136 collectis
760 3083 791 3136 et
819 3074 913 3136 editis.
957 3074 1022 3135 llos'
1046 3074 1168 3154 insuper
1195 3075 1334 3138 admonet
1359 3073 1416 3136 sibi
1448 3077 1490 3138 ad

267 3178 387 3221 manum
419 3159 510 3221 luisse
541 3167 736 3221 memoratum
764 3159 896 3220 codicem
923 3158 1120 3221 Puteanorum
1149 3160 1272 3222 fratrum
1301 3170 1330 3222 et
1360 3159 1490 3224 alterum

267 3243 348 3307 Petri
369 3243 495 3316 Pitheci,
517 3243 712 3304 sororiantes
733 3243 843 3305 codicis
858 3243 1013 3306 Fuldensis
1035 3243 1186 3318 lectiones,
1208 3245 1240 3306 in
1253 3245 1328 3307 libre
1344 3243 1489 3308 illustris·

268 3327 335 3390 simi
357 3325 528 3400 hlonchalli,
557 3327 728 3389 Tolosatem
750 3327 978 3408 archiepiscopi,
1007 3347 1042 3389 cx
1064 3330 1262 3409 autographo,
1295 3337 1327 3391 ut
1347 3329 1414 3408 ipsc
1436 3331 1488 3405 ait,

269 3411 441 3489 descriptas.
484 3411 598 3472 llorum
631 3418 730 3476 autem
751 3412 899 3483 codicum,
931 3421 1016 3491 atque
1044 3412 1179 3492 inprimis
1200 3415 1304 3476 berum
1326 3413 1489 3477 lectionum

269 3495 326 3558 sihi
354 3494 512 3557 missarum
531 3495 653 3570 auxilie,
681 3504 792 3558 textum
812 3497 992 3577 hpelegetiei
1013 3499 1085 3562 250.
1108 3499 1138 3559 in
1160 3497 1232 3561 locis
1254 3518 1287 3560 se
1310 3499 1489 3562 emendasse

271 3581 421 3661 gloriatur.
463 3580 501 3641 ht
529 3579 646 3659 penitus
673 3581 763 3643 tacuit
792 3581 874 3644 cuius
902 3587 991 3644 notae
1020 3588 1050 3642 et
1078 3583 1258 3662 antiquitatis
1282 3582 1343 3652 sint
1364 3583 1424 3646 due
1445 3583 1487 3646 illi

270 3665 386 3728 codices
418 3673 447 3726 et
478 3665 547 3726 illud
580 3667 813 3745 autographum,
847 3684 882 3727 ex
914 3682 972 3746 quo
1004 3666 1165 3730 Tuldenses
1197 3669 1338 3730 lectiones
1371 3667 1487 3731 deliba-

161 3811 165 3820 ,
270 3758 316 3813 tae
339 3750 407 3812 sint.

354 3835 415 3897 Nes
437 3851 507 3895 rere
529 3851 590 3894 nen
612 3834 708 3916 selum
729 3834 803 3896 dues
825 3834 891 3896 illes
912 3835 1025 3915 primos
1047 3837 1126 3898 nacti
1138 3841 1249 3899 'sumus
1272 3835 1401 3911 cedices,
1435 3837 1489 3900 sed

271 3921 344 3985 alies
378 3919 465 3981 etiam
496 3917 677 3998 complures,
711 3919 760 3998 qui
787 3919 904 3999 quidem
932 3920 1068 4000 qualesve
1096 3920 1173 3996 sint,
1205 3921 1409 4002 explicandum
1431 3933 1488 3984 est.

270 4003 386 4066 Primus
415 4005 512 4083 itaque
533 4004 713 4077 Puteancus,
743 4005 909 4066 charactere
929 4005 1126 4085 pulcherrime
1148 4007 1225 4068 cirea
1246 4024 1354 4068 annum
1377 4006 1489 4068 Christi

271 4088 333 4149 Chi.
364 4089 528 4166 descriptus
560 4088 749 4168 peritioribus
782 4089 904 4151 ridetur.
947 4090 982 4151 ln
1014 4109 1049 4152 ee
1078 4098 1175 4152 autem
1203 4090 1284 4154 solus
1312 4091 1487 4152 Tertulliani

271 4172 476 4252 Apelegeticus
499 4173 573 4235 liher
595 4173 760 4235 continetur
781 4182 1006 4253 assectatorque
1027 4175 1059 4235 in
1081 4175 1326 4249 christianissimi,
1349 4185 1382 4237 ut
1408 4176 1487 4238 dixi-

271 4275 350 4331 mus,
378 4257 456 4336 regis
478 4257 573 4320 nestri
594 4257 770 4320 bibliotheca
790 4277 913 4321 numero
936 4261 1029 4323 3971.
1050 4267 1185 4336 notatus,
1208 4279 1295 4339 quem
1317 4260 1488 4323 iuusmssi-

272 4359 339 4403 mus
361 4341 451 4402 ahhas
473 4341 616 4405 Tellerius
638 4361 769 4419 summa,
792 4363 853 4423 qua·
870 4342 960 4416 solet,
982 4343 1162 4425 benignitate
1181 4345 1335 4408 nobiscum
1358 4365 1374 4407 a
1396 4345 1487 4408 Nice-

272 4425 320 4488 lae
342 4425 490 4487 Clemente
511 4428 720 4491 communicari
742 4427 898 4508 praecepit

358 4509 509 4574 Secundus
531 4512 627 4588 Petri,
659 4521 692 4576 ut
722 4513 864 4586 diximus,
896 4511 1011 4574 Pitheci
1042 4514 1114 4576 elim
1145 4513 1199 4576 luit
1232 4523 1262 4576 et
1283 4514 1344 4577 llll.
1367 4515 1489 4578 Petrum

271 4596 403 4660 Oratorii
422 4595 491 4658 lesu
512 4597 635 4680 collegio
659 4599 800 4662 Trecensi
822 4599 899 4661 dene
921 4597 1022 4675 datus,
1051 4598 1082 4660 in
1109 4617 1211 4662 conam
1232 4599 1411 4664 bibliotheca
1433 4619 1487 4664 eu-
