3132 5238
270 409 311 469 22
592 423 640 472 ou.
665 421 747 463 serr.
771 421 855 462 raon.
878 419 1072 462 repausarent
1094 418 1159 460 vrri

270 569 499 649 llierapolitano,
526 569 687 643 Rhodone,
717 567 859 641 Miltiade,
892 567 1054 646 Serapione
1087 576 1117 628 ct
1147 563 1312 644 Apollonio,
1347 565 1397 643 qui
1432 565 1470 626 ad

272 673 373 716 versus
406 653 486 716 illum
519 653 637 732 seriptis
669 653 732 716 suis
766 653 966 732 disputarent,
1002 659 1121 712 secutus
1143 648 1251 711 Euseb.
1272 648 1323 710 lib.
1347 649 1379 710 V.
1402 669 1492 728 capp.

271 741 301 803 3.
323 743 353 802 4.
379 741 428 803 14.
453 741 500 802 15.
526 740 574 800 16.
600 741 648 802 tt.
671 739 772 802 et18.
804 755 861 798 nos
893 737 1022 815 (praetor
1049 753 1083 794 ea
1104 751 1179 812 qnae
1200 733 1236 794 ad
1257 733 1307 794 lib.
1330 733 1372 794 lle
1392 733 1490 794 Prae-

270 823 372 900 script.
399 822 520 883 Adsere.
549 821 666 883 Haeret
699 821 914 897 annotavimus)
947 837 1027 893 eam,
1058 817 1101 879 uti
1133 817 1289 897 promissis
1323 817 1490 878 satisfacia-

270 913 346 979 mus,
369 906 399 966 in
421 905 627 984 compendium
647 905 695 966 hic
714 905 902 984 redigendam
929 903 1104 983 putarimus.
1154 901 1251 981 Pagus
1279 901 1396 982 qaudam
1418 921 1492 963 esse

182 1055 186 1068 ,
270 991 376 1051 dicitnr
409 988 440 1050 in
467 989 559 1068 blysia
586 989 746 1069 Phrygiae,
785 1007 859 1066 quae
891 995 1076 1066 nuncupatur
1106 985 1267 1060 dedalum,
1303 985 1353 1047 ubi
1389 987 1490 1046 lerunt

270 1073 415 1153 quendam
429 1073 600 1134 Montanum
621 1073 741 1135 nomine
762 1073 817 1148 (lle
836 1072 972 1134 Praescr.
994 1071 1058 1132 adr.
1074 1070 1162 1132 Haer.
1184 1089 1209 1130 c.
1222 1071 1297 1146 52),
1320 1069 1369 1148 qui
1391 1087 1492 1149 nuper

269 1157 305 1218 ad
327 1157 415 1219 fidem
436 1166 566 1230 venerat,
589 1155 678 1219 Grato
702 1163 763 1219 tum
786 1155 961 1236 proconsule
975 1153 1072 1228 Asiae,
1094 1153 1223 1236 primum
1237 1153 1396 1216 insatiabili
1411 1173 1490 1232 qua·

268 1241 335 1303 dam
357 1240 449 1302 animi
469 1241 626 1320 cupiditate
646 1241 678 1304 in
698 1241 826 1320 primatu
847 1239 1002 1300 ambiendo
1025 1239 1187 1311 incensum,
1211 1239 1299 1300 simul
1320 1246 1406 1318 atque
1421 1239 1491 1298 adi-

268 1335 331 1387 tum
352 1324 469 1386 diabolo
492 1325 529 1386 ad
550 1344 584 1386 se
604 1327 794 1404 patefecerat,
828 1323 935 1403 spiritu
954 1323 1088 1402 quodam
1118 1323 1245 1402 maligno
1278 1323 1432 1400 abreptum
1460 1331 1493 1382 et

269 1409 428 1488 derepente
454 1409 553 1470 furore
579 1418 609 1470 et
634 1408 743 1470 mentis
777 1407 891 1470 insania
928 1407 1102 1486 exagitatum
1139 1406 1309 1486 peregrinas
1345 1407 1491 1484 quasdam

269 1511 357 1554 voces
385 1493 508 1554 fundere
542 1501 572 1553 et
597 1501 699 1554 contra
726 1511 812 1570 quam
845 1490 991 1553 Ecclesiae
1019 1491 1202 1554 consuetudo
1224 1509 1259 1552 ex
1280 1489 1438 1552 traditione
1461 1499 1493 1552 et

269 1576 459 1638 successione
480 1576 682 1655 apostolorum
704 1575 833 1638 derivata
853 1575 1020 1655 postulabat
1041 1576 1217 1654 prophetare
1232 1573 1376 1654 coepisse.
1408 1575 1492 1647 Quas

270 1659 327 1721 etsi
348 1659 526 1721 adulterinas
547 1677 634 1722 voces
656 1660 774 1739 quidam
795 1667 1001 1740 agnoscentes,
1023 1677 1061 1720 ne
1076 1657 1214 1738 deinceps
1229 1659 1269 1720 ita
1283 1658 1417 1738 garriret,
1439 1659 1491 1719 in-

270 1751 435 1821 creparent,
458 1743 534 1805 inter
555 1761 630 1823 quos
653 1743 785 1825 episcopi
805 1743 924 1806 Zoticus
946 1743 1093 1805 Comanae
1114 1743 1176 1804 siae
1199 1743 1362 1816 0strenus,
1386 1751 1415 1802 et
1437 1743 1490 1804 lu-

269 1826 366 1888 lianus
397 1827 552 1906 Apameae,
590 1834 619 1888 et
649 1835 793 1906 martyres
829 1846 946 1906 quoque
975 1827 1063 1889 Gaius
1093 1835 1124 1889 et
1147 1827 1310 1888 Alexander
1340 1845 1406 1888 cum
1439 1825 1491 1888 illo

271 1910 391 1988 eiusque
419 1910 531 1972 hunnis
557 1911 671 1972 vatibus
694 1911 849 1973 blaximilla
878 1920 907 1972 et
927 1911 1074 1984 Priscilla,
1089 1971 1090 1974 ,
1106 1929 1178 1992 quas
1205 1920 1291 1973 antea
1317 1910 1492 1974 meretrices

271 1995 376 2056 codem
397 1995 506 2073 spiritu
526 1994 652 2056 daemon
674 1994 858 2075 impleverat,
889 1995 924 2056 ad
947 2003 1108 2057 extremum
1130 2013 1224 2074 usque
1246 1994 1382 2075 spiritum
1403 2013 1490 2055 com-

271 2078 421 2140 municare
449 2087 633 2153 recusarent,
662 2079 747 2161 pauci
773 2087 871 2142 tamen
893 2097 928 2140 ex
949 2079 1112 2158 Phrygibus
1134 2077 1176 2139 illi
1198 2087 1358 2157 coeperunt
1378 2079 1490 2139 adhae-

271 2181 353 2236 rere,
382 2170 413 2224 et
433 2161 605 2224 Theodotus
627 2163 692 2237 ille,
719 2163 756 2224 de
778 2181 836 2242 quo
858 2181 963 2243 supra,
991 2164 1055 2225 eins
1077 2163 1294 2225 commentitiae
1315 2161 1492 2242 prophetiae

270 2247 354 2325 quasi
375 2247 611 2325 procurationem
633 2247 773 2327 suscepit
804 2247 862 2324 Qui
884 2247 952 2309 inde
974 2247 1004 2308 in
1025 2247 1176 2321 Galatiam,
1198 2247 1325 2308 Pontum
1348 2255 1377 2308 et
1390 2247 1493 2308 Asiam

270 2330 422 2410 progressi
453 2331 541 2392 etiam
561 2331 757 2394 Alexandrum
784 2331 930 2410 quendam
952 2331 1008 2394 sibi
1031 2331 1227 2394 adiunxerant
1248 2331 1380 2394 convivio
1402 2331 1493 2392 lami-

270 2414 381 2476 liariter
401 2433 419 2476 a
439 2415 594 2476 blaximilla
616 2416 710 2496 excipi
731 2415 866 2490 solitum,
895 2415 1073 2478 Alcibiadem
1100 2415 1244 2494 quendam
1273 2424 1303 2477 et
1318 2414 1493 2476 'l'bemisio-

271 2515 355 2571 nem,
384 2498 434 2577 qui
462 2499 535 2561 salso
563 2519 597 2562 se
625 2502 812 2562 consessores
834 2507 864 2561 et
884 2508 1026 2580 martyras
1049 2499 1354 2562 Christiiactitabant
1398 2499 1494 2578 ldque

271 2581 329 2656 (vel
349 2581 382 2643 B.
404 2582 584 2661 Hieronymo
607 2602 673 2647 cnm
695 2583 752 2646 illis
774 2583 990 2662 consentiente)
1015 2582 1071 2646 sub
1093 2584 1218 2663 imperio
1240 2585 1277 2646 ll
1299 2583 1409 2645 Aurelii
1432 2583 1493 2644 im-

270 2665 416 2746 peratoris
438 2667 522 2728 initio
542 2667 731 2746 pontificatus
752 2668 784 2729 S.
803 2667 961 2730 Eleutheri.
1007 2667 1080 2729 Nam
1102 2668 1139 2728 ad
1161 2668 1239 2729 hunc
1260 2687 1296 2730 cx
1317 2667 1418 2728 Galliis
1440 2665 1493 2728 lit-

271 2759 350 2812 teras
372 2749 478 2812 tulerat
497 2750 530 2812 B.
553 2751 703 2826 irenaeus,
725 2771 742 2814 a
762 2752 1008 2831 lugdunensibus
1030 2771 1097 2814 cum
1117 2752 1224 2817 litteris
1247 2749 1279 2812 S.
1306 2751 1393 2813 Attali
1415 2751 1493 2812 alio-

270 2853 394 2913 rumque
414 2843 575 2914 martyrum
595 2845 659 2898 tum
680 2835 775 2898 adhuc
794 2855 912 2900 carcere
933 2835 1141 2898 conclusorum
1171 2837 1203 2897 in
1224 2837 1323 2897 Asiam
1345 2844 1374 2896 et
1394 2829 1493 2915 Phr'y-

271 2918 349 2997 giam
370 2918 490 2994 missus,
512 2919 556 2980 uti
577 2920 717 2983 iudicium
732 2919 879 2982 Ecclesiae
890 2919 1052 2982 Gallicanae
1074 2921 1111 2982 de
1131 2919 1400 3000 pseudoprophetia
1423 2919 1494 2981 illo-

270 3021 336 3064 rnm
361 3020 397 3064 eo
419 3005 573 3081 perferret.
615 3003 697 3067 ldam
718 3005 822 3078 etiam,
844 3023 910 3068 moa
931 3005 1048 3084 quidem
1070 3005 1225 3079 sentmtia,
1247 3005 1400 3067 Romanus
1427 3010 1495 3084 epi-

270 3105 380 3165 scopos
404 3087 522 3149 litteras
541 3093 635 3167 pacis,
656 3089 925 3170 praedecessorum
946 3107 1074 3150 satorum
1095 3093 1276 3152 auctoritate
1298 3093 1404 3160 nisan,
1427 3087 1495 3150 illis

271 3173 425 3230 recusauit
450 3170 506 3242 (Ad
525 3169 677 3233 Praxeam.
699 3191 724 3234 c.
750 3176 801 3249 l.).
844 3173 889 3234 An
915 3173 952 3234 ad
979 3169 1036 3234 hoc
1057 3181 1232 3252 cooperatus
1253 3173 1342 3235 luerit
1361 3172 1494 3234 Praxeas

271 3261 342 3312 tuno
367 3251 463 3313 adhuc
488 3253 665 3327 catholicus,
693 3272 785 3333 penes
813 3267 962 3318 auctorem
990 3257 1063 3318 fides
1086 3266 1160 3319 esto.
1204 3256 1290 3318 Certe
1312 3275 1371 3317 non
1393 3257 1495 3318 solum

271 3333 383 3395 Romae
404 3343 434 3396 et
454 3335 485 3395 in
507 3335 596 3398 Gallis
618 3337 760 3418 episcopi,
782 3341 835 3401 sed
856 3341 943 3401 etiam
965 3341 1015 3418 qui
1035 3341 1135 3402 Asiam
1155 3341 1323 3402 incolebant
1344 3357 1500 3418 saepenu-·
1554 3389 1555 3394 η

271 3435 354 3479 mero
376 3426 408 3479 et
427 3419 528 3481 multis
549 3421 579 3481 in
601 3421 674 3484 locis
695 3423 727 3484 in
748 3442 840 3485 unum
861 3424 1080 3498 convenientes,
1101 3425 1286 3504 prophetiam
1301 3423 1419 3486 illorum
1437 3425 1494 3486 lal-

271 3520 336 3562 sam
358 3501 557 3580 exploranmt
579 3505 780 3568 detestabilem
802 3510 996 3570 ostenderunt
1017 3517 1045 3570 et
1066 3509 1259 3572 hlontanistas
1281 3508 1495 3570 communione

271 3585 433 3665 privarunt.
476 3587 514 3648 lit
539 3607 610 3650 vero
637 3591 793 3654 hlontanus
820 3593 999 3672 insanaeque
1026 3593 1089 3654 eins
1116 3593 1305 3672 prophetides
1338 3593 1367 3652 in
1401 3593 1492 3654 ludao

271 3677 398 3732 mortem
419 3673 586 3750 suspendio
607 3673 793 3749 interierunt,
815 3695 876 3740 non
896 3677 1052 3756 martyri03
1080 3686 1109 3738 et
1129 3677 1291 3740 Alexander
1312 3677 1360 3739 ille
1382 3675 1495 3756 Ephesi

273 3754 310 3817 ab
331 3753 456 3816 Aemilio
468 3755 611 3818 Frontino
625 3760 803 3836 proconsule
815 3769 937 3842 proptor
957 3761 1109 3824 latrocinia
1130 3760 1160 3823 in
1181 3762 1288 3824 iudicio
1311 3761 1495 3823 condemna-

272 3849 335 3912 tus,
362 3857 451 3920 mum
486 3839 559 3901 laiso
592 3859 625 3902 se
659 3851 815 3923 martyrem
847 3845 1074 3924 praetexuisset,
1103 3865 1141 3908 ne
1162 3865 1180 3908 a
1201 3846 1263 3908 suis
1284 3846 1420 3924 quidem,
1444 3845 1496 3924 qni

273 3922 359 3994 latro,
380 3933 517 4004 receptus
538 3934 594 3987 est.
623 3925 755 4005 Denique
776 3925 948 3991 Theodotus
969 3929 1018 3991 ille
1039 3931 1173 3994 sublimis
1194 3930 1225 3991 in
1246 3930 1358 3992 coelum
1380 3947 1396 3988 a
1419 3929 1495 3990 dae·

272 4023 361 4100 mpne
383 4007 487 4083 elatus,
510 4009 642 4072 Simonis
663 4011 740 4092 llagi
765 4012 876 4089 instar,
909 4015 1068 4094 derepente
1102 4033 1244 4095 praeceps
1281 4013 1417 4092 delapsus
1452 4013 1495 4074 ita

272 4105 382 4184 masere
402 4091 491 4154 vitam
513 4094 600 4157 finiit.
630 4093 716 4174 Atqui
738 4095 775 4158 de
796 4098 947 4160 erroribus
970 4097 1110 4173 Montani,
1133 4099 1163 4160 in
1178 4117 1254 4178 qnos
1268 4097 1494 4178 posteaAnctor

272 4171 384 4246 racadu,
406 4174 483 4236 inter
504 4179 652 4256 paradoxa
673 4179 737 4241 eius
759 4180 856 4243 latius.
898 4181 993 4244 Porro
1015 4183 1073 4245 hoc
1093 4202 1171 4245 anno
1193 4191 1260 4244 ante
1280 4181 1426 4244 Kalendas
1441 4182 1492 4242 ln·

271 4255 346 4329 nias,
367 4256 404 4316 ad
425 4275 498 4335 quas
519 4262 678 4343 incipiebat
698 4282 792 4326 annius
807 4266 856 4327 lll.
872 4266 973 4328 Severi
995 4285 1103 4328 censeo
1125 4267 1267 4329 accidisse
1289 4266 1369 4346 quod
1391 4265 1495 4327 scribit

270 4340 397 4402 Auctor:
420 4343 538 4420 Agonas
560 4351 645 4422 istos,
670 4353 856 4412 contentioso
876 4350 1023 4412 solemnio
1044 4362 1073 4412 et
1095 4355 1307 4433 superstitiosa
1329 4354 1495 4412 certamino

272 4425 460 4487 Graecorum
482 4438 510 4489 et
531 4431 711 4512 religionum
733 4443 762 4494 et
783 4434 974 4515 voluptatem
995 4445 1108 4516 quanto
1128 4439 1229 4514 pretio
1242 4435 1325 4504 istud
1338 4435 1496 4498 soeculum

273 4507 412 4579 celebret,
436 4512 527 4572 atione
536 4515 657 4590 Africae
679 4516 796 4598 h'qnnr't.
840 4519 944 4580 Adhuc
968 4517 1177 4600 Carthaginem
1199 4518 1335 4598 singulae
1359 4521 1494 4580 deitates

271 4591 456 4672 gratulando
485 4597 652 4676 inquietant
679 4602 823 4663 donatam
844 4601 967 4682 Pythice
995 4621 1090 4682 ogone
1108 4613 1180 4684 post
1201 4604 1292 4666 stadii
1312 4612 1494 4666 suenone
