3132 5238
270 361 311 426 38
400 405 405 419 ι
489 377 679 422 ulssuarnrro
702 379 740 420 DE
763 377 959 421 TERTULLIANT
980 379 1047 422 vira
1068 381 1105 422 BT
1129 381 1258 424 scurrula

269 531 401 601 iamndia
422 549 561 613 agressus
584 538 639 604 est,
662 538 695 592 ut
716 531 821 592 ceteris
843 531 874 592 in
897 549 931 592 eo
954 538 1125 611 argumento
1141 531 1265 612 palmam
1280 533 1483 613 praeripuisse

268 623 408 684 rideatur.
452 616 529 690 Quid
551 615 630 695 quod
650 614 728 676 baud
750 615 785 676 ab
808 615 864 694 alio
887 615 992 676 melius
1015 616 1143 676 totiusve
1165 635 1251 694 mam
1273 617 1481 679 aTertulliano

268 707 454 787 antiquorum
475 702 593 774 rituum,
616 700 784 780 veterisque
806 699 984 780 disciplinae,
1007 701 1089 763 cuius
1104 701 1276 763 acerrimum
1294 721 1366 764 sese
1390 721 1482 782 prae-

268 793 343 856 stitit
363 789 517 860 uindicem,
540 785 738 864 cognitionem
760 784 877 846 haurire
899 803 999 864 queas.

351 875 430 936 Haeo
450 871 547 933 omnia
567 889 633 931 cum
656 869 865 931 Tertullianum
886 869 1057 932 Latinorum
1073 871 1191 932 Patrum
1213 871 1297 932 facile
1317 871 1484 950 principem

268 958 336 1025 ease
357 959 506 1030 suadeant,
527 957 658 1016 iecerunt
679 953 764 1015 etiam
787 961 820 1016 ut
840 953 944 1015 maiori
960 973 1025 1016 cum
1048 955 1231 1017 accuratione
1252 951 1330 1018 illius
1354 965 1438 1036 gesta
1454 965 1494 1017 et*

267 1047 358 1108 libros
380 1043 434 1104 riri
457 1039 562 1103 eruditi
583 1057 739 1100 recensere
758 1039 869 1100 luerint
890 1040 1003 1119 agressi
1025 1040 1176 1115 hactenus,
1199 1041 1287 1102 acin
1309 1040 1373 1102 dies
1396 1060 1483 1102 oom-

266 1128 494 1193 meutationibus
518 1124 581 1186 suis
603 1123 749 1185 illustrare
769 1131 900 1202 pergant

348 1215 456 1275 Verum
478 1209 523 1270 vel
545 1209 610 1288 ipsa
631 1227 721 1287 super
743 1227 779 1269 eo
801 1204 972 1288 argumento
995 1208 1207 1270 sententiarum
1229 1227 1263 1270 ac
1278 1210 1482 1289 opinationum

266 1298 419 1361 diuersitas
432 1293 532 1374 '(quod
545 1290 623 1354 enim
644 1293 717 1354 alter
739 1311 772 1353 se
793 1293 885 1354 lirmis
908 1291 1069 1353 rationibus
1093 1293 1305 1372 comprobasse
1328 1294 1482 1357 existima-

265 1385 315 1458 rit,
338 1385 368 1444 id
388 1380 490 1462 procul
511 1378 606 1440 valere
628 1377 710 1438 iubet
729 1377 816 1455 alius)
839 1383 885 1439 sat
907 1375 1036 1452 ostendit
1055 1395 1142 1456 quam
1162 1377 1313 1460 inceptum
1332 1379 1412 1441 istud
1428 1399 1478 1441 ar-

264 1470 354 1531 duum
376 1467 425 1542 sit,
448 1464 622 1544 quantisque
644 1480 709 1523 cum
732 1461 946 1524 difficultatibus
969 1460 1164 1523 coniunctum.

348 1552 412 1613 Erit
432 1550 519 1630 igitur
540 1548 617 1628 apud
638 1547 770 1610 eruditos
791 1546 916 1608 lectores
937 1545 1039 1607 reniae
1060 1543 1158 1622 locus,
1189 1545 1214 1608 ai
1244 1548 1314 1610 dum
1336 1548 1479 1610 eeclesia-

265 1638 356 1698 sticae
384 1634 527 1697 historiae
553 1633 641 1693 huius
675 1631 867 1692 vetustissimi
898 1631 1040 1709 temporis
1068 1630 1255 1692 illustrandae
1284 1651 1371 1694 causa
1397 1651 1477 1694 non-

264 1721 342 1782 nulla
369 1737 505 1800 promere
532 1717 641 1790 audeo,
674 1735 748 1796 quae
776 1723 847 1796 post
873 1715 1008 1776 sedulum
1036 1734 1156 1777 examen
1178 1717 1303 1778 certiora
1327 1737 1391 1778 esse
1411 1719 1477 1779 visa

265 1813 344 1871 sunt.
366 1805 477 1865 intem
500 1801 626 1864 obscuro
648 1807 819 1878 argumento
842 1800 985 1879 cespitare
1007 1819 1054 1860 me
1076 1800 1181 1862 alicubi
1204 1802 1352 1881 contingat
1366 1807 1394 1863 et
1408 1802 1474 1863 hal-

263 1889 393 1953 lucinari.
423 1887 487 1948 Hoc
507 1886 543 1947 ab
565 1885 631 1964 ipso
652 1883 751 1946 limine
773 1884 850 1958 illos,
873 1902 947 1962 quos
968 1885 1131 1946 monitores
1161 1894 1312 1966 exoptem,
1335 1887 1476 1966 depreca-

263 1983 328 2048 tus,
351 1973 387 2035 ad
408 1992 471 2035 rem
492 1968 660 2050 aggredior,
684 1988 731 2040 ea,
754 1987 791 2029 ne
813 1967 961 2028 fastidium
983 1969 1122 2047 ingeram.
1144 1969 1246 2031 leuiter
1267 1980 1478 2051 persecuturus

264 2078 339 2140 quae
369 2058 428 2120 iam
455 2065 540 2118 antea
570 2053 683 2116 erudite
711 2061 740 2113 et
767 2052 920 2114 commode
948 2061 1063 2114 exarata
1092 2062 1170 2116 sunt.
1216 2055 1332 2117 Scilicet
1351 2056 1381 2116 id
1402 2057 1478 2118 mihi

263 2144 318 2206 fuit
338 2141 470 2216 consilii,
493 2148 525 2202 ut
546 2159 618 2218 quae
640 2137 762 2200 aliorum
784 2137 961 2216 diligentiam
983 2139 1128 2216 ingerunt,
1152 2140 1320 2219 suppleam,
1349 2161 1381 2202 ea
1403 2161 1477 2203 vero

264 2229 300 2290 ad
326 2227 461 2289 incudem
482 2242 634 2296 revocem,
657 2241 731 2301 quae
752 2223 892 2284 hactenus
915 2234 1016 2283 contra
1037 2223 1178 2286 historiae
1200 2225 1287 2288 iidem
1309 2225 1339 2287 iu
1361 2245 1396 2287 eo
1418 2246 1477 2288 ne-

264 2312 343 2393 gotio
366 2310 474 2390 scripta
495 2309 588 2372 luisse
609 2307 753 2369 ridentur.
1092 2323 1094 2332 ·

786 2509 905 2572 CAPUT
932 2509 955 2570 l.

285 2635 337 2694 Quo
355 2640 510 2684 recensentur
528 2585 668 2681 Tertulliini
686 2643 782 2688 nomen,
806 2632 890 2694 patris,
909 2644 992 2692 genus.
1011 2631 1134 2690 institutio,
1153 2632 1281 2694 ingenium,
1300 2641 1365 2684 aetas
1384 2641 1407 2684 et
1425 2635 1457 2686 ad

669 2699 740 2748 iidem
758 2697 918 2748 Christianam
936 2699 1066 2750 conversio.

345 2817 429 2878 Nullo
451 2816 509 2878 iam
530 2815 690 2877 reluctante
716 2823 832 2877 constat
855 2815 1064 2876 Tertullianum
1086 2815 1194 2879 dictum
1215 2817 1309 2880 luisse
1332 2817 1479 2891 Quintum

262 2902 435 2984 Septimium
457 2901 622 2962 Florentem
645 2900 865 2963 Tertullianum.
899 2900 963 2972 Qua
985 2901 1098 2962 ratione
1124 2911 1184 2962 tum
1207 2922 1224 2963 a
1246 2903 1376 2980 Tertullo
1400 2923 1479 2966 con-

261 2989 335 3062 sule,
358 2994 419 3049 tum
441 2985 647 3065 aTerlylliano
670 2985 890 3059 iurisconsulto,
914 2994 975 3046 tum
997 2985 1190 3050 aTerttdlino
1213 2995 1350 3067 martyre,
1371 2990 1478 3050 naalia

260 3073 318 3133 iam
340 3073 459 3132 alierum
482 3070 660 3143 discrimina,
683 3071 756 3131 satis
778 3070 976 3148 distinguitur.

343 3155 427 3215 Haud
448 3153 546 3215 minus
569 3161 679 3214 eertum
701 3163 748 3215 est
768 3153 979 3216 Tertullianum
1002 3161 1087 3232 gente
1109 3155 1201 3216 luisse
1223 3155 1333 3230 Atrum,
1359 3155 1477 3219 ciuitate

260 3237 539 3317 Carthaginiensem,
560 3245 673 3316 patrem
694 3239 834 3300 habuisse
856 3239 1057 3299 centurionem
1079 3236 1329 3318 proconsularem.
1359 3241 1391 3302 ld
1405 3241 1477 3321 ipse

259 3324 290 3384 in
318 3321 434 3402 scriptis
463 3321 572 3382 indicat
600 3322 635 3382 de
657 3321 748 3382 Pallio
777 3341 838 3401 cap.
864 3327 891 3386 1.
921 3331 950 3383 et
976 3322 1156 3402 apologetici
1178 3341 1240 3404 cap.
1263 3328 1293 3388 9.
1315 3345 1352 3388 ne
1375 3327 1479 3390 solum

259 3409 331 3470 fides
361 3407 400 3467 sit
427 3424 519 3486 penes
541 3405 702 3467 Eusebium
730 3405 760 3466 in
782 3406 943 3479 Chronico,
976 3415 1026 3468 aut
1047 3407 1255 3488 Hieronymum
1283 3411 1313 3471 in
1335 3410 1479 3492 Catalogo

260 3492 441 3571 Scriptorum
463 3489 747 3565 Ecclesiastieorum,
770 3491 805 3553 de
828 3491 1006 3554 Tertulliano
1028 3493 1100 3554 haec
1121 3496 1293 3556 relerentes.

263 3575 268 3586 ’
340 3577 435 3655 Aegre
457 3573 565 3636 dixeris
588 3575 657 3653 quid
678 3576 709 3636 io
731 3575 780 3637 illo
802 3577 999 3656 praestantius
1021 3577 1123 3652 luerit,
1146 3578 1302 3654 institutio,
1325 3599 1361 3642 an
1383 3581 1475 3662 inge-

257 3663 354 3726 nium:
380 3661 462 3735 Qua'd
482 3664 568 3730 eutha,
590 3666 623 3720 ut
644 3660 774 3740 loquitur
798 3661 967 3724 Vincentius
995 3662 1165 3724 Lorinensis
1188 3664 1218 3724 in
1248 3665 1480 3730 Commonitorii

258 3767 321 3829 cap.
343 3750 394 3812 24.
419 3745 473 3808 bue
494 3747 562 3806 uiro
596 3745 721 3816 doctius,
755 3747 825 3827 quid
846 3750 879 3807 iu
901 3747 1009 3808 diuinis
1032 3759 1119 3830 atque
1143 3749 1279 3812 haniaria
1303 3751 1393 3812 relus
1417 3770 1483 3815 ero-

258 3829 438 3896 erciiatius?
480 3827 590 3910 Nempe
619 3847 732 3892 omnem
765 3831 990 3912 philosophiam
1019 3844 1046 3894 et
1078 3845 1201 3896 cunctas
1221 3834 1483 3915 philosophorum

258 3929 362 3989 emtas,
386 3927 526 3978 auctores
549 3915 779 3997 adsertoresque
802 3927 960 3988 sectarum,
986 3935 1141 4000 omnesque
1163 3938 1266 3982 eorrun
1287 3919 1478 3998 discipliuae,

259 4020 373 4063 omnem
402 4000 602 4063 historiarum
629 4016 664 4061 ac
692 4001 862 4063 studiorum
892 4007 1069 4063 varietatem
1102 4008 1182 4064 mira
1209 4005 1336 4085 quadam
1362 4012 1478 4069 meotis

258 4089 421 4165 rapacitate
444 4084 616 4166 complebas
640 4096 692 4146 eat.
716 4084 838 4165 luqeuio
861 4102 932 4147 uero
955 4105 1055 4148 noune
1080 4099 1139 4150 tam
1154 4094 1244 4167 qraui
1257 4108 1292 4151 aa
1306 4089 1483 4156 uehementi

257 4169 407 4240 eaeelluit,
430 4188 466 4230 ue
488 4169 564 4231 hilii
586 4170 644 4232 sihi
662 4187 754 4251 paene
776 4172 815 4233 ad
837 4173 1067 4250 eupuquondum
1085 4178 1293 4254 proposuerit,
1316 4175 1395 4257 quad
1408 4194 1481 4240 aare

256 4267 310 4317 aut
332 4256 466 4315 aeramine
488 4258 647 4335 irruperit,
670 4267 723 4336 aut
742 4257 876 4335 pondere
899 4253 1040 4317 eliserit?

341 4337 390 4398 Vir
416 4337 471 4397 luit
498 4338 653 4400 admodum
682 4339 758 4400 acris
786 4349 815 4401 et
841 4339 1021 4400 vehementis
1044 4340 1172 4420 ingenii,
1203 4351 1291 4422 atque
1312 4344 1385 4406 adeo
1408 4349 1479 4426 qui,

256 4423 326 4485 dum
357 4422 453 4500 legum
485 4428 514 4480 et
540 4423 756 4485 institutionum
783 4423 979 4486 Romanarum
1012 4425 1162 4488 scientiam
1195 4429 1356 4502 excoleret,
1390 4435 1479 4510 quod

256 4506 374 4588 agnovit
394 4504 538 4567 Eusebius
561 4507 634 4569 illst.
657 4509 766 4571 Eccles.
789 4509 839 4570 lib.
855 4509 890 4570 ll.
904 4511 965 4588 cap.
978 4511 1020 4582 2.,
1042 4511 1187 4574 mollioris
1210 4511 1393 4593 eloquentiae
1415 4535 1476 4596 ge·-

253 4613 320 4669 uus,
347 4591 435 4655 rebus
464 4607 550 4668 quam
577 4593 675 4654 verbis
702 4593 794 4674 magis
822 4594 951 4657 intentus
979 4594 1158 4675 deligendis,
1188 4597 1300 4677 iugisse
1323 4593 1472 4668 lineatur.
