3196 5250
318 386 392 456 420..
418 404 610 450 nrssanmrro
626 405 656 449 ns
672 401 824 456 anama
835 403 921 450 mon.
938 373 1365 448 rinnoninnraaonoceneoa
1376 397 1449 442 carr.

319 575 406 619 mare
425 555 625 628 Corinthium,
648 556 726 618 sicat
746 555 797 618 ille
816 555 873 629 ait,
895 562 979 617 motu
999 561 1097 616 terrae
1119 559 1252 632 ereptum
1274 559 1304 613 et
1322 557 1440 631 epotam.
1471 545 1500 607 tt

269 689 273 704 ,
320 641 390 706 buia
416 641 503 721 plene
531 641 690 704 satisfaciet
716 641 774 704 iam
797 641 901 702 citatus
928 638 1054 700 anobis
1076 646 1146 718 post
1165 638 1308 698 Senecam
1329 633 1501 702 cambono,

320 726 371 806 qui
394 726 480 787 docet
507 725 597 788 arbos
619 734 773 805 terrasque
800 725 837 786 ab
859 723 1075 786 exundantibus
1097 721 1181 802 aquis
1210 740 1299 801 posse
1321 719 1397 782 lacile
1416 717 1499 778 absor-

318 810 401 883 beri,
437 828 502 871 cum
534 809 654 890 spiritus
685 829 742 890 per
771 810 883 872 occulta
920 808 1063 870 foramina
1102 806 1223 886 illapsus
1258 815 1364 868 terram
1398 799 1504 863 ronutit

319 894 436 972 (Senec.
465 894 516 956 lib.
548 895 596 956 vt.
623 895 723 956 Natur.
755 894 875 967 Quaest.
898 911 961 972 cap.
985 895 1061 970 lib),
1115 892 1189 952 Tum
1221 891 1330 952 etenim
1359 889 1392 949 lit
1418 886 1501 980 bintus,

318 997 377 1058 quo
414 979 513 1040 omnia
549 979 754 1042 absumuntur.
811 979 998 1058 Quapropter
1039 977 1116 1039 idem
1153 977 1264 1038 Seneca
1304 991 1403 1036 rursus
1434 970 1501 1062 dant:

321 1061 412 1126 Vasta
435 1069 589 1126 concussio
619 1065 694 1126 eluas
722 1057 1003 1144 suppressit-urbes
1025 1062 1148 1124 Helicen
1170 1075 1199 1126 ct
1219 1061 1335 1124 Burirn.
1385 1057 1419 1118 At
1436 1054 1509 1148 liuns

320 1155 350 1210 ot
370 1148 470 1212 Helice
491 1148 593 1210 isthmi
613 1147 857 1227 Relopannesiaci
879 1167 932 1209 seu
955 1146 1098 1208 Corinthii
1120 1146 1210 1208 urbas
1234 1154 1326 1218 erant,
1353 1159 1421 1221 quaa
1439 1153 1502 1215 aqua

318 1233 412 1311 mergi
439 1249 500 1294 aon
532 1241 694 1312 potuerunt
730 1233 800 1312 quio
836 1232 925 1294 simili
952 1249 1022 1292 casu
1048 1249 1130 1312 mitre
1152 1229 1336 1292 Corinthium
1362 1226 1504 1302 absorptum

319 1317 418 1379 linarii.
462 1317 528 1378 Non
549 1325 643 1380 totum
665 1326 763 1380 umen
784 1316 956 1396 absorptum
978 1324 1041 1389 est,
1072 1315 1126 1378 scd
1148 1315 1254 1394 duplex
1277 1312 1372 1376 elicuit
1392 1304 1503 1372 mamdc

319 1421 378 1482 qua
402 1401 538 1464 Ovidius:

417 1521 420 1530 ·
476 1487 592 1568 Quique
614 1490 707 1548 enon's
727 1489 840 1567 qenaini
860 1487 983 1550 distinet
1003 1485 1132 1547 isthmus
1153 1503 1258 1564 aquas.

990 1569 1089 1644 (Ouid.
1111 1569 1206 1648 Epist.
1229 1568 1292 1630 ΧΠ.
1315 1585 1343 1628 v.
1366 1565 1443 1638 tut.)

319 1653 358 1716 Et
376 1655 530 1737 lqucanus:

474 1783 696 1800 .....
743 1738 884 1811 Qualiter
905 1740 1003 1801 undas

476 1824 537 1896 Qui
557 1835 645 1887 secat
660 1834 687 1885 et
707 1828 854 1902 qananuen
874 1822 1002 1902 qrociles
1022 1840 1109 1884 enare
1130 1832 1253 1902 separat
1275 1821 1407 1889 istiusce,
1543 1847 1544 1888 q

470 1907 533 1970 Nec
550 1911 670 1988 patitur
690 1908 832 1986 conferre
853 1909 976 1986 fretum,
1000 1913 1134 1970 si'tsrro
1155 1907 1284 1978 ruem,

471 1992 607 2054 ionicum
628 1993 743 2072 ilcqoeo
764 1993 887 2072 sranqet
905 2011 992 2054 snare
994 2035 1213 2054 .....
1543 2047 1544 2054 ¹

1049 2076 1172 2148 (Lucan.
1193 2075 1243 2136 lib.
1267 2075 1303 2136 11.
1326 2093 1353 2134 r.
1374 2073 1444 2146 99.).
1543 2101 1544 2128 l

350 2157 371 2214 δ
406 2160 549 2224 Omnibus
571 2179 662 2240 porro
684 2179 719 2222 ea
741 2161 859 2240 cognitu
879 2159 967 2239 longe
987 2161 1117 2222 faciliora
1138 2169 1217 2232 sunt,
1240 2177 1317 2238 quae
1340 2153 1507 2220 Tertullianus

319 2245 484 2310 subiunxit:
512 2247 557 2308 Vis
573 2247 725 2308 undarum
740 2246 899 2308 Lucaniam
914 2245 1023 2309 tecuae
1045 2247 1207 2308 abscissam
1227 2249 1261 2306 in
1287 2243 1406 2306 Siciliae
1426 2249 1507 2300 nona

319 2331 467 2411 releqauit
488 2329 670 2402 (Tertullian.
691 2329 843 2409 Apologet.
866 2348 929 2408 cap.
951 2333 1027 2405 40.).
1070 2331 1161 2391 Paullo
1189 2337 1289 2391 autam
1312 2327 1404 2390 insius
1424 2317 1506 2417 abolit

318 2415 410 2476 libro:
433 2415 714 2496 Italiaequaudam
735 2415 816 2478 latua
832 2415 927 2475 Adria
950 2415 1163 2497 Tyrrhenoque
1185 2413 1401 2494 quassantibus
1420 2405 1508 2496 caelu*¹

315 2513 408 2564 tenus
430 2504 630 2579 interceptum
652 2498 796 2579 reliquias
812 2498 944 2560 Siciliam
964 2501 1048 2578 facit,
1071 2517 1138 2562 cum
1160 2510 1224 2563 toto
1244 2499 1303 2562 illu
1315 2497 1406 2578 pluqc
1419 2485 1509 2582 allerisii

322 2589 522 2648 contentiosos
551 2601 715 2665 aequorum
743 2587 839 2646 coitus
868 2589 1004 2662 numetis
1033 2594 1214 2666 retorquens
1237 2602 1352 2646 nooune
1372 2581 1435 2642 uitii
1450 2586 1506 2634 nan

318 2671 432 2739 induit,
455 2687 518 2730 non
540 2673 716 2748 euspuentis
738 2668 918 2746 naufraqia,
947 2669 1000 2731 sed
1021 2671 1196 2732 devorantis
1217 2668 1312 2743 (idem
1333 2666 1383 2727 lib.
1405 2663 1438 2723 (ie
1456 2651 1508 2718 Poll

321 2773 385 2834 cap.
401 2756 456 2831 2.).
485 2751 568 2825 Quae
590 2752 709 2831 quidem
731 2771 747 2812 a
770 2749 968 2830 compluribus
992 2753 1180 2833 geographis,
1202 2753 1304 2832 poetis
1326 2749 1444 2828 aliisque
1461 2757 1509 2832 mt-

318 2839 430 2984 mariale
452 2837 575 2983 prqiditaZ
591 2843 669 2982 sonalat.
714 2836 839 2984 ‘’vig-iq}
857 2847 953 2982 auteq
975 2839 1079 2984 eodeqar
1098 2855 1199 2983 'quem
1226 2837 1315 2917 paulo
1346 2843 1411 2898 ante
1431 2829 1507 2891 citou
1543 2853 1544 2856 ¹

319 2943 388 2986 mus
421 2942 474 2984 oco
517 2941 533 2982 e
577 2939 613 2982 an
643 2941 738 2983 euna
783 2939 1047 2984 rcaraeurecan
1078 2941 1133 2983 n:
1220 2955 1224 2964 ·

472 3052 480 3067 .
526 3051 535 3068 .
579 3052 586 3067 .
631 3007 739 3068 Zancle
760 3024 874 3087 quaque
894 3011 998 3069 iuncta
1020 3008 1118 3086 fuisse

471 3091 591 3153 Dicitur
606 3089 724 3167 ltaliae,
747 3092 839 3153 donec
862 3092 993 3171 confinia
1011 3101 1126 3172 pontus
1543 3139 1544 3144 η

337 3231 340 3236 .
469 3175 602 3237 Abstulit
624 3186 652 3236 et
670 3177 768 3238 media
789 3175 928 3252 tellurem
949 3177 1063 3256 repulit
1083 3178 1174 3240 onio.
1543 3167 1544 3247 i

723 3258 821 3331 (ovid.
843 3259 893 3320 lib.
917 3260 975 3320 XV.
999 3261 1242 3340 batamcumbe.
1268 3261 1333 3324 290
1358 3255 1446 3335 seqq.)
1543 3267 1544 3310 i

404 3343 553 3404 Laudatus
576 3343 663 3404 etiam
685 3361 700 3404 a
723 3342 811 3404 nobis
825 3343 963 3408 Lucanus
986 3346 1088 3406 eadem
1110 3345 1146 3406 de
1168 3352 1229 3406 tota
1245 3343 1346 3406 Sicilia
1369 3359 1422 3401 nec
1440 3324 1508 3395 semul

319 3426 437 3506 qudem
470 3427 574 3489 cecinit
606 3427 727 3499 lbucao.
754 3427 805 3488 lib.
833 3427 870 3488 11.
898 3447 923 3489 v.
953 3432 1015 3494 543
1044 3438 1074 3492 et
1098 3429 1147 3490 lib.
1175 3429 1225 3490 lli.
1255 3448 1284 3490 r.
1308 3429 1350 3492 58
1373 3434 1403 3488 et
1429 3415 1510 3496 soti-l

320 3511 565 3592 quemadmodum
589 3511 725 3590 Virgilius
749 3511 794 3572 bis
817 3511 967 3574 versibus:

471 3595 552 3659 Haec
574 3595 639 3659 iaco
662 3601 695 3658 vi
713 3597 861 3677 quoniam
883 3607 911 3658 et
932 3609 1020 3660 vasta
1042 3598 1186 3660 caucasiae
1208 3603 1312 3669 ruina,

423 3713 429 3729 v
475 3679 602 3745 Tantum
623 3685 692 3746 aeui
712 3681 874 3761 lonqinquo
894 3681 975 3744 ualet
995 3695 1115 3745 mutare
1135 3693 1282 3754 uetustas,

470 3765 646 3828 De'ssiluiase
666 3766 781 3844 serunt,
807 3785 872 3828 curn
890 3771 1035 3848 protinus
1057 3778 1187 3848 utroque
1210 3767 1301 3830 tellus

475 3850 541 3912 lina
559 3851 652 3929 soret,
674 3856 757 3914 uenit
776 3852 870 3912 media
893 3856 926 3912 oi
941 3863 1055 3930 pontus
1078 3864 1107 3914 et
1127 3852 1218 3914 undis

470 3935 651 4015 Hesperium
672 3935 774 3998 Sicula
797 3935 877 3998 luten
899 3936 1032 4006 abscidit,
1056 3955 1189 4016 aruaque
1211 3947 1240 3998 et
1258 3937 1353 3998 urbas

464 4021 586 4082 ·Littore
609 4021 747 4083 deductor
769 4031 898 4098 anqusto
919 4019 1060 4084 interluit
1081 4032 1176 4083 cestu

509 4157 512 4164 .
746 4103 858 4183 (virgil.
880 4103 930 4166 lib.
952 4103 1002 4164 111.
1023 4103 1144 4168 beneid.
1167 4123 1193 4166 r.
1217 4109 1280 4168 414
1303 4113 1335 4165 et
1357 4103 1448 4178 seqq.)

319 4185 422 4248 (litatis
444 4197 541 4250 autem
563 4189 610 4250 bis
632 4187 766 4250 versibus
789 4189 901 4250 Seneca
923 4187 1047 4250 addidit:
1071 4187 1120 4251 Sic
1142 4190 1197 4254 bac
1217 4191 1426 4254 inundatione,
1446 4185 1510 4268 ll&

314 4276 478 4351 poitarum
497 4277 623 4336 memini
644 4273 808 4344 celebrant,
843 4274 879 4336 ab
901 4272 995 4335 ltalia
1014 4273 1117 4337 Sicilia
1139 4279 1250 4336 reiecta
1277 4284 1325 4336 est
1347 4272 1456 4346 (Senec
1474 4257 1510 4319 lll-

319 4353 367 4415 lv,
394 4353 495 4416 Natur.
524 4357 645 4428 Quaest.
674 4377 738 4438 cap.
761 4359 835 4433 ill).
878 4357 993 4421 videsis
1024 4358 1152 4420 Plinium
1185 4357 1270 4436 (Plia.
1302 4357 1354 4421 lib.
1376 4353 1412 4416 li.
1434 4347 1511 4434 ilali-

319 4436 404 4500 nnc
418 4457 481 4518 cap.
505 4441 579 4516 aa),
602 4443 727 4504 sotrum
748 4441 835 4518 (sae
857 4441 907 4504 ru.
923 4442 972 4503 nr.
996 4442 1137 4504 resana.
1161 4452 1192 4505 o
1211 4443 1262 4506 in.
1285 4443 1312 4503 1.
1335 4440 1456 4510 savaro,
1474 4427 1510 4488 8¹·

318 4521 391 4586 lium
411 4522 552 4596 italicum,
575 4526 738 4588 illusorium
761 4535 791 4587 et
812 4525 896 4588 mios.

403 4607 482 4680 Quia
501 4606 608 4686 plural
635 4612 709 4672 Ante
731 4611 889 4673 Saturnum
910 4611 1043 4693 aliosque
1065 4631 1168 4676 omnes
1190 4611 1344 4694 gentilium
1366 4609 1436 4672 daus
1455 4611 1511 4662 etl·
