3122 5250
280 200 343 264 370
371 213 563 261 Dlssfflffllo
579 215 611 258 m
625 215 675 266 ott.
690 213 776 258 flm-
791 211 876 256 mill·
893 211 1089 258 mantum
1101 211 1332 256 natussum
1345 213 1448 258 ΒΕΠ.

280 365 369 430 solito
391 363 605 428 insidiabantur
626 363 756 426 dominis
777 363 852 437 suis,
879 362 986 444 qnibrrs
1007 380 1116 424 nocere
1136 379 1287 443 uunquam
1307 381 1373 426 uon
1396 367 1512 430 conni-

364 535 408 596 ab
424 513 478 596 'his
500 533 590 613 igitur
610 531 747 594 omnibns
769 531 915 613 putidis,
947 531 1044 612 pergit
1064 529 1279 606 Tertullianus,
1314 533 1513 612 obsideatur,

281 621 411 704 quotidie
440 621 619 701 prodimur,
652 621 685 679 ia
711 619 785 698 ipris
810 615 979 698 plata-iatam
1007 617 1137 679 comibus
1164 626 1192 678 et
1215 621 1512 698 emprepotiambss

281 699 1180 853 mulieritatem*
1201 699 1511 852 tiermes

283 877 535 1037 aalma?
555 804 1511 1036 alermi

283 1043 442 1107 Christiani
462 1060 549 1123 agere
569 1047 793 1103 consueverant
1129 1067 1133 1076 ⁴

366 1130 403 1189 At
423 1127 491 1207 quis
510 1143 653 1207 3333333,
674 1125 771 1204 arguit
789 1124 899 1186 humor
918 1131 1024 1186 noster
1044 1123 1179 1198 (Tertull.
1200 1122 1324 1204 apolog.
1345 1124 1415 1189 loc.
1439 1129 1510 1204 cit),

283 1213 386 1276 taliter
413 1215 560 1293 oapimr',
592 1209 663 1272 dum
684 1229 702 1270 a
722 1207 898 1270 Christianis
927 1208 1125 1281 occideretur,
1155 1209 1273 1288 tutasti
1296 1211 1511 1290 mpmeait?

286 1298 361 1372 Quis
386 1307 513 1360 arcuata
533 1295 784 1367 Christianorum,
811 1294 860 1373 qui
882 1292 1076 1384 comedebant
1095 1291 1174 1355 illius
1196 1311 1300 1354 carnes
1322 1303 1355 1355 et
1376 1299 1510 1376 sangui-

283 1400 352 1444 nem
377 1381 531 1453 bibebant,
563 1391 599 1443 stt
625 1383 801 1450 iaomrat,
834 1387 969 1458 unquam
994 1377 1155 1459 metopon·
1176 1389 1204 1440 et
1225 1377 1419 1442 Sirenum
1444 1401 1510 1453 ara,

282 1467 402 1529 minime
423 1465 542 1546 quidem
563 1464 696 1526 abatem
716 1464 811 1526 abdiae·
828 1461 1036 1542 conspicienda
1057 1460 1253 1524 reservarit?
1293 1462 1373 1536 Quis
1401 1466 1460 1528 uel
1480 1473 1511 1529 is

281 1551 431 1614 umoribus
452 1550 555 1631 clipea
575 1548 728 1612 manuadu
749 1546 883 1610 adulterii
905 1548 935 1609 in
957 1546 1062 1610 iisdem
1084 1547 1218 1608 coetibus
1239 1547 1327 1627 paulo
1349 1558 1432 1612 ante
1455 1552 1509 1612 ad-

283 1635 368 1696 missi
394 1639 519 1714 ocrtipia
545 1633 739 1714 deprehendit
765 1630 888 1709 (ibid.)l
917 1632 999 1705 Quae
1021 1631 1140 1712 quidem
1161 1630 1209 1694 illc
1230 1631 1295 1693 aliis
1316 1632 1429 1696 verbis
1453 1637 1508 1698 alia

283 1721 313 1780 in
335 1717 410 1780 libro
433 1717 477 1779 sie
497 1716 635 1798 urgebat:
669 1717 746 1790 Quis
766 1736 900 1798 uuquam
920 1735 1033 1780 semesa
1051 1735 1150 1797 patera
1172 1716 1372 1799 superuenit?
1430 1721 1509 1804 Quia

281 1809 314 1867 r'a
337 1813 493 1866 muratato
512 1821 593 1883 pana
614 1805 740 1880 oeanpia
761 1803 894 1864 autrum
915 1798 1132 1883 deprehendit?
1177 1800 1253 1874 Quis
1280 1802 1423 1866 tenebris
1458 1825 1509 1868 rc·

280 1892 404 1972 pentina
418 1887 530 1950 lamehe
542 1890 674 1968 irruptis
693 1887 846 1948 immunda
865 1885 977 1967 aliqua,
998 1905 1036 1948 ae
1061 1887 1190 1948 amemur
1204 1891 1325 1958 ammata,
1348 1904 1509 1969 recupara-

282 1979 326 2036 ra't
358 1972 450 2046 (ldam
472 1970 522 2032 lib.
545 1971 569 2032 l.
591 1971 628 2031 ad
648 1969 714 2032 Nat
736 1970 793 2031 loc.
816 1968 902 2045 citt?
945 1970 978 2032 ln
998 1970 1189 2049 Apologetico
1217 1979 1315 2032 autem
1336 1971 1373 2031 ad
1400 1973 1507 2055 dupli-

282 2075 345 2119 eem
361 2055 518 2134 Cyclopum
540 2063 570 2116 et
583 2055 754 2117 Sirenarum
775 2052 903 2116 sahulem
923 2055 1064 2134 respexit
1094 2055 1204 2117 Poetae
1219 2055 1298 2116 enim
1312 2062 1371 2116 tam
1387 2060 1508 2135 graeci,

282 2139 528 2220 quemadmodum
549 2138 696 2200 Homerus
724 2139 855 2214 (Homer.
880 2139 988 2219 Odyss.
1010 2139 1083 2200 Vlll.
1105 2148 1177 2220 post
1197 2139 1301 2217 med),
1332 2159 1430 2218 quam
1463 2145 1508 2206 la-

283 2225 347 2296 tini,
368 2224 446 2286 simut
465 2223 605 2303 Virgilius
627 2223 740 2302 (virgil.
762 2221 812 2283 lib.
834 2222 884 2284 111.
906 2224 1026 2286 Aeneid.
1049 2243 1076 2283 v.
1093 2227 1165 2288 617.
1188 2232 1218 2285 et
1239 2229 1325 2303 seul,
1348 2223 1509 2292 linxerunt

282 2309 423 2390 Cyclopes
445 2309 582 2371 homines
603 2307 697 2370 luisse
718 2306 902 2383 monoculus,
929 2308 978 2388 qui
999 2328 1071 2370 suos
1092 2307 1235 2370 roraham
1254 2308 1401 2388 hospitas.
1445 2313 1509 2375 Nec

283 2395 381 2456 miuus
404 2401 474 2455 nota
496 2402 543 2454 est
564 2392 660 2455 tabula
682 2391 869 2465 Sirenarum‚
902 2412 977 2472 quae
1004 2392 1175 2472 pangentes
1198 2402 1300 2454 cannis
1322 2393 1369 2455 sui
1390 2394 1507 2460 dulce-

170 2525 172 2532 .
281 2479 351 2542 dine
372 2478 487 2560 sopitos
509 2477 540 2540 in
561 2496 643 2540 mare
670 2473 846 2540 deiicieharit
873 2477 959 2550 (Ptin.
981 2476 1031 2538 lib.
1054 2477 1089 2539 X.
1111 2477 1210 2540 Natur.
1234 2477 1309 2538 llist.
1332 2496 1395 2557 cap.
1426 2485 1506 2558 49.).

365 2562 562 2626 Tertullianus
590 2563 687 2642 itaque
717 2563 762 2624 sio
788 2570 1023 2642 argumentatur:
1059 2562 1295 2624 Christianorum
1322 2571 1365 2623 tot
1391 2563 1507 2629 hostes

282 2658 366 2712 erant
392 2655 465 2728 quot
485 2647 604 2721 ethnici,
637 2647 747 2720 ludaei,
769 2647 877 2708 milites
900 2655 930 2708 et
951 2647 1115 2720 domestici,
1144 2646 1289 2728 aquibus
1311 2647 1450 2727 quotidie
1473 2653 1508 2714 in

282 2735 345 2797 suis
369 2733 455 2796 eham
478 2733 636 2814 synaxibus
659 2730 870 2795 obsidebantur
892 2731 1200 2812 opprimebanturque.
1238 2731 1269 2793 Si
1291 2749 1361 2811 ergo
1383 2731 1415 2793 in
1441 2735 1505 2798 illis

281 2829 326 2880 tot
348 2825 469 2898 tamque·
486 2818 634 2880 horrenda
656 2817 778 2879 cumina
798 2823 1034 2896 perpetrassent,
1067 2834 1084 2877 3
1106 2825 1150 2878 tot
1170 2816 1305 2877 hostibus
1333 2815 1396 2878 suis
1422 2819 1505 2882 adeo

282 2903 405 2964 intensis
426 2903 606 2982 deprehendi
628 2902 762 2965 facillime
783 2908 928 2981 poterunt
971 2901 1058 2980 htqni
1079 2919 1115 2962 er
1142 2901 1257 2962 infinito
1278 2903 1505 2980 propemodum

283 2987 399 3048 illorum
421 2987 572 3065 hucusque
593 3005 717 3048 numero
746 3005 785 3060 ne
806 3005 883 3047 unns
905 2984 1021 3064 quidem
1044 2985 1163 3046 minima
1186 2985 1307 3047 sceleris
1330 2985 1418 3047 rrllius
1443 3007 1501 3050 re-

283 3070 369 3149 stigia
390 3089 516 3150 unquam
539 3069 666 3148 agnovit.
709 3069 881 3132 l'alsissima
902 3069 990 3148 igitur
1012 3079 1095 3130 erant
1115 3088 1149 3131 ea
1171 3069 1308 3144 crimina,
1337 3088 1412 3149 quae
1437 3073 1501 3135 im-

281 3153 368 3233 probi
390 3154 616 3216 calumniatores
639 3145 812 3216 Christianis
841 3154 1025 3216 oblectabant
1050 3154 1229 3228 (Tertullian.
1253 3153 1302 3215 lih.
1324 3154 1346 3215 1.
1370 3154 1405 3216 ad
1430 3157 1500 3220 Nat.

283 3255 315 3298 aa
339 3283 347 3299 .
374 3241 426 3316 7.).
924 3279 928 3290 ·

317 3255 335 3317 p
366 3321 467 3400 Neque
489 3321 519 3383 hi
541 3319 753 3399 quantumlibet
772 3321 1020 3400 impudentissimi
1048 3322 1184 3384 homines
1205 3322 1385 3402 respondere
1405 3335 1498 3404 pote-

283 3415 350 3468 rant
370 3408 476 3469 horum
498 3405 653 3466 criminum
674 3412 766 3466 testas
788 3423 805 3467 a
827 3405 1001 3468 Christianis
1023 3406 1145 3487 pecunia
1175 3415 1225 3468 aut
1244 3408 1380 3470 mercede
1402 3409 1499 3473 luisse

283 3510 411 3572 unquam
426 3497 591 3569 eomaptos.
620 3489 692 3551 Nam
714 3493 780 3571 puis
803 3490 877 3554 talia
897 3492 1048 3571 socruum,
1072 3491 1112 3553 ait
1126 3491 1333 3567 Tertullianus,
1357 3512 1424 3555 aaut
1445 3500 1497 3558 eir-

284 3581 426 3645 oem'aaet,
456 3575 563 3637 aalaoit
594 3585 649 3638 aut
668 3575 800 3637 uendidit
820 3579 902 3656 r'paoa
924 3577 1049 3638 trabeas
1072 3577 1204 3639 iamnes
1225 3576 1318 3650 (Idem
1339 3578 1496 3658 apologet

285 3681 347 3742 cap.
370 3658 436 3738 7.)l
458 3659 488 3721 id
510 3666 555 3721 cst
575 3658 640 3720 lieri
660 3677 721 3721 non
742 3660 847 3739 potuit,
869 3671 902 3723 ut
922 3661 1056 3724 ethnicus
1078 3661 1182 3740 aliquis
1204 3661 1278 3723 haec
1298 3661 1355 3723 sihi
1378 3664 1494 3742 cognita

285 3745 518 3808 Christianorum
539 3743 659 3806 crimina
681 3751 731 3806 aut
752 3753 858 3824 sponte
886 3764 939 3808 sua
960 3745 1096 3808 celaverit
1123 3755 1182 3820 aut,
1216 3746 1285 3808 dum
1307 3745 1491 3810 Christianos

285 3831 320 3894 ad
348 3830 475 3892 iudicum
503 3828 658 3892 tribunalia
686 3829 835 3905 trahebat,
866 3829 913 3892 illa
941 3831 1036 3909 pretio
1065 3830 1160 3910 atiquo
1189 3831 1352 3893 vendiderit
1374 3840 1405 3894 et
1424 3839 1492 3894 hmo

285 3917 376 3976 lactus
399 3915 438 3978 sit
459 3914 579 3989 omnino
601 3923 710 3977 mutus.
744 3915 808 3977 Alio
831 3923 927 3977 numm
948 3914 978 3976 in
999 3913 1075 3990 libro
1096 3915 1170 3976 haec
1189 3914 1263 3988 aliis,
1285 3915 1352 3978 ride
1373 3935 1412 3980 an
1431 3917 1490 3978 cla-

285 3999 414 4063 rioribus
429 3999 537 4075 verhis,
560 3999 604 4062 sie
624 3999 772 4062 enuntiat:
795 3998 831 4063 Si
847 4003 981 4080 praerato
1002 4004 1199 4080 impetramus
1222 3999 1258 4062 ah
1273 3999 1411 4074 etlmiais,
1432 4002 1490 4064 ari-

285 4082 395 4146 minum
417 4094 587 4148 nostrorum
608 4085 743 4159 testibus,
765 4103 803 4146 ae
826 4083 910 4154 talea,
933 4083 1032 4162 quales
1053 4085 1171 4146 illorum
1193 4101 1294 4146 revera
1316 4085 1438 4160 conscii,
1460 4090 1492 4149 ia

282 4167 435 4250 publicum
457 4171 655 4234 retrahamur
684 4189 718 4232 ac
745 4169 991 4242 condemnemur,
1023 4187 1118 4251 puarc
1139 4188 1156 4230 a
1177 4169 1294 4230 nemine
1315 4171 1443 4234 acursati
1465 4179 1491 4233 et

286 4253 410 4316 convicti
438 4253 658 4336 opprimimur?
701 4253 807 4317 Nauae
831 4271 993 4334 possumus
1032 4253 1179 4333 corruptis
1213 4272 1285 4316 auro
1315 4255 1442 4318 testibus
1465 4265 1491 4318 ct

286 4343 406 4402 omuino
427 4337 464 4400 ad
484 4339 622 4402 iudicium
642 4358 706 4404 aaa
727 4335 870 4402 eatrabii'
915 4337 991 4411 Quia
1013 4343 1090 4402 enirn
1107 4339 1317 4418 proditionum,
1355 4342 1418 4404 sive
1438 4340 1490 4402 dc-

286 4423 475 4488 alarationem
496 4431 525 4486 et
545 4425 761 4488 aestuationem
781 4421 921 4486 horrendi
948 4421 1069 4488 alicuius
1097 4421 1244 4500 criminis,
1277 4427 1344 4488 siae
1373 4429 1493 4492 ammira
