3114 5240
53 244 56 247 '
169 275 175 281 -
252 238 315 301 154
344 250 539 311 nissnnrarro
555 249 585 292 ru
602 249 649 300 on.
666 248 751 292 eser.
768 247 854 302 raon.
870 246 1066 290 rsnruunanr
1079 245 1307 317 arouocsrreurr
1320 246 1409 288 esar.

250 402 373 465 omnino
407 398 493 461 male.
537 367 700 477 Cyprianus
733 393 817 456 vero
834 395 909 456 haec
940 393 1027 456 sicuti
1059 394 1224 474 superiora,
1257 393 1345 472 paulu
1366 402 1475 457 antee

252 486 341 548 uobis
362 489 535 554 memorata,
557 480 621 560 pari
643 479 732 540 modo
754 478 906 540 delibavit:
929 478 1012 540 Deera
1033 490 1104 540 orate
1123 479 1322 558 praedixerat
1343 480 1415 556 sore
1440 491 1476 541 er

157 589 159 593 ’
252 578 393 648 serpente
415 565 535 628 auemlo
558 565 714 626 elmundi
732 563 794 642 fiae
815 566 876 623 iuer
893 565 1037 642 promitto
1063 581 1101 624 ear
1123 565 1206 623 oerar'
1218 571 1303 641 prete
1316 572 1346 622 et
1356 563 1476 643 populo

254 665 283 716 et
313 652 378 715 loeo
408 648 539 712 carltorea
567 648 628 710 aibr'
652 646 795 726 ulleperet
821 645 916 707 multo
943 645 1097 725 fideliores
1125 657 1155 708 et
1174 645 1309 707 melioria
1332 647 1474 727 obsequti,

252 740 305 818 qul
324 734 539 814 indulgentiam
560 732 595 794 de
616 731 725 792 dr'or'rar's
745 730 922 791 muneribus
946 730 1115 799 bortrirerrt,
1137 747 1225 810 prtum
1245 734 1397 808 acceptum
1419 731 1476 792 lar-

252 822 328 888 duer'.
363 819 539 895 contemptis
572 815 778 893 relipa‘orrr'beta,
808 814 1014 893 perdidissent
1046 811 1193 891 (Cypriam.
1223 812 1274 872 lib.
1303 813 1341 873 de
1362 813 1474 875 ldolor.

251 903 341 964 varnc
363 918 429 978 pag.
453 902 527 974 15.)
570 898 608 958 ht
628 905 733 958 neuter
754 895 795 957 ibi
817 896 927 957 indicat
946 913 1022 975 quae
1043 896 1091 957 illa
1113 896 1226 957 luerint
1244 914 1398 958 sacrorum
1418 915 1473 958 ra·

252 996 316 1048 tum
343 982 476 1055 oracula,
506 981 559 1043 sed
580 979 779 1044 Tertullianus
809 978 952 1058 quaedam
978 979 1036 1040 alio
1066 979 1096 1040 in
1118 980 1194 1040 libro
1217 979 1315 1041 citarit
1336 989 1368 1041 et
1387 980 1474 1058 plara

253 1068 424 1149 Cyprianus,
447 1072 534 1143 atque
556 1064 643 1125 etiam
666 1071 771 1142 postea
791 1062 973 1136 Lactantius,
994 1071 1026 1123 ut
1048 1082 1103 1124 suo
1124 1063 1191 1124 loco
1213 1063 1331 1124 anobis
1348 1064 1475 1125 demon-

252 1160 377 1215 stratum
399 1156 444 1211 est
465 1149 559 1224 (ldem
580 1147 630 1209 lib.
654 1147 719 1208 adr.
742 1146 804 1208 lud.
816 1165 879 1225 cap.
905 1149 953 1210 12.
970 1146 1105 1225 Cypriam
1120 1146 1171 1207 lib.
1184 1147 1204 1206 Ι.
1221 1147 1284 1208 adr.
1300 1146 1364 1209 lud.
1378 1151 1411 1224 §-
1425 1153 1475 1211 rt.

252 1254 319 1316 pag.
342 1236 394 1298 23.
417 1233 572 1294 Dissertat.
595 1232 626 1292 in
647 1231 778 1292 Laetant.
800 1248 863 1308 cap.
889 1233 939 1294 lb.
960 1238 1015 1291 art.
1039 1234 1093 1307 1.).

339 1316 513 1380 Christianis
541 1315 640 1394 itaque
661 1322 800 1393 tanquam
819 1318 853 1375 ira
874 1312 1050 1375 ludaeorum
1072 1312 1147 1384 cleu,
1175 1322 1210 1374 ut
1230 1312 1325 1374 adhuc
1344 1313 1478 1392 loquitur

254 1401 463 1473 Tertullianus,
487 1418 526 1461 en
547 1398 679 1461 oleastro
700 1401 813 1466 insitis.
834 1404 921 1475 atque
943 1397 974 1458 in
996 1413 1100 1458 eonem
1113 1396 1211 1458 locum
1225 1397 1368 1463 ennecus.
1390 1415 1476 1458 com·

156 1494 159 1501 ’·
252 1485 351 1547 munis
372 1484 430 1545 illis
452 1485 547 1544 lactus
568 1490 615 1544 est
636 1500 703 1542 oum
724 1480 830 1542 iisdem
851 1480 967 1542 ludaeis
990 1499 1140 1542 sacrarum
1162 1481 1277 1541 Veteris
1292 1480 1476 1541 Testamenti

254 1568 473 1645 Serirrturarum
494 1566 650 1626 thesaurus
667 1564 808 1634 (Tertull.
829 1563 881 1626 lib.
903 1564 940 1624 de
961 1564 1085 1626 Testim.
1106 1564 1202 1625 duim.
1225 1581 1288 1641 cap.
1303 1568 1355 1638 5.).
1383 1564 1476 1625 Prius

248 1653 350 1711 'autem
379 1656 498 1710 sanctus
530 1657 640 1726 martyr
666 1647 797 1712 lustinus
819 1655 1024 1708 asseveranter
1044 1647 1238 1708 nlilrmaverat
1258 1646 1420 1708 docuinam
1442 1648 1477 1707 in

253 1733 346 1794 sacris
367 1731 480 1792 Veteris
503 1730 684 1792 Testamenti
705 1729 864 1809 Scripturis
886 1731 1022 1791 traditam
1046 1731 1195 1809 pertinere
1220 1731 1256 1791 ad
1279 1730 1476 1801 Christianos,

253 1817 291 1877 ed
317 1834 392 1893 quos
419 1832 479 1874 non
508 1813 573 1874 sine
599 1813 697 1874 dirina
718 1812 901 1892 providentia
923 1814 960 1875 ah
982 1814 1117 1893 ipsismet
1137 1813 1256 1876 ludaeis
1279 1814 1476 1875 trarrsmissae

254 1906 325 1961 sunt
341 1897 456 1970 (lustin.
480 1895 601 1957 Cohort.
623 1896 660 1957 ad
683 1896 769 1956 Ceut.
791 1915 857 1974 pag.
883 1901 956 1972 14.)
1045 1913 1049 1920 ·

339 1981 477 2053 Quamvis
505 1987 604 2041 autem
632 1979 747 2040 ludaeis
776 1987 805 2040 et
833 1980 1009 2042 Christianis
1041 1998 1215 2042 communes
1243 1981 1274 2040 bi
1307 1979 1375 2040 libri
1409 1981 1477 2040 laeti

234 2066 324 2140 ,sint
347 2083 408 2125 non
429 2063 497 2124 inde
518 2070 616 2125 tamen
637 2063 771 2141 sequitur
791 2062 829 2123 ab
850 2062 916 2124 istis
939 2063 1032 2141 recipi
1052 2063 1195 2125 debuisse
1216 2082 1320 2125 omnes
1341 2064 1374 2124 in
1395 2063 1479 2144 hisee

252 2147 337 2209 libris
365 2144 564 2226 praescriptos
593 2146 679 2208 ritus.
722 2146 795 2207 Nam
823 2145 924 2224 plures
945 2147 1010 2208 iure
1031 2146 1138 2209 merito
1161 2146 1294 2208 Christus
1316 2146 1478 2225 abrogavit,

254 2230 503 2310 quaemadmodum
531 2229 663 2303 sabbata,
691 2228 754 2290 dies
782 2231 887 2303 laetos,
924 2230 1175 2292 circumcisionem
1209 2239 1239 2292 et
1267 2230 1475 2292 huiuscemodi

253 2333 328 2393 quae
350 2313 514 2374 ramalibus
536 2312 651 2376 ludaeis
672 2313 856 2391 praescripta
875 2315 1002 2375 fuerumt.
1045 2313 1119 2375 Nam
1140 2314 1213 2374 baec
1234 2314 1332 2374 omnia
1353 2313 1479 2374 umbrae

161 2401 163 2411 ’
254 2405 339 2458 erant
368 2404 398 2458 et
428 2397 537 2475 figurae
566 2416 600 2459 ae
616 2398 652 2457 in
674 2398 790 2474 signum
812 2397 889 2470 data,
912 2415 996 2474 quae,
1025 2399 1068 2459 nti
1089 2398 1254 2458 luculenter
1272 2397 1477 2458 Tertullianus

254 2480 310 2542 alio
338 2481 369 2540 in
398 2480 473 2542 libro
502 2480 697 2553 demonstrat,
726 2479 868 2552 veritatis,
896 2479 926 2540 id
954 2489 1003 2540 est
1029 2481 1147 2553 Christi,
1177 2481 1303 2541 adventu
1330 2481 1479 2542 debebant

253 2582 429 2638 evanescere
451 2572 481 2624 et
501 2564 647 2642 antiquari
670 2562 804 2637 (Tertull.
826 2562 877 2624 lib.
899 2563 963 2623 adr.
983 2563 1047 2625 lud.
1071 2583 1153 2643 capp.
1176 2566 1207 2628 3.
1230 2572 1259 2625 et
1280 2567 1333 2640 4.).

275 2711 278 2716 ,
338 2647 503 2709 Christiana
535 2647 632 2726 itaqua
664 2646 779 2724 religio,
813 2647 883 2707 etsi'
901 2656 1043 2725 regnante
1082 2648 1201 2708 Tiberio
1233 2647 1413 2726 imperatore
1445 2648 1479 2708 in

252 2733 394 2793 mundum
416 2730 565 2792 aChristo
587 2731 764 2802 introducta,
788 2730 819 2790 in
839 2729 974 2791 ludaicae
995 2739 1093 2791 tamen
1114 2732 1212 2792 locum
1235 2731 1394 2793 substituta
1429 2732 1479 2792 di·

253 2816 336 2877 vinas
363 2814 441 2879 illins
464 2814 631 2893 Scripturas
661 2813 856 2876 haereditario
884 2814 969 2892 quasi
996 2815 1062 2875 iure
1091 2815 1204 2893 aceepit
1232 2824 1262 2875 et
1290 2814 1358 2885 illis,
1387 2814 1479 2876 sicuti

252 2899 390 2971 dbimns,
413 2898 485 2960 lulla
506 2905 538 2959 et
557 2898 682 2960 subnixa
705 2906 759 2959 est.
804 2897 863 2958 Sed
885 2897 916 2958 id
937 2898 1044 2959 elarius
1067 2899 1164 2960 adbuc
1177 2898 1297 2976 patebit,
1320 2906 1480 2976 postquam

252 3001 337 3043 more
358 2989 461 3042 nostro
484 2982 720 3058 expenderimus,
743 2980 813 3059 quid
836 2982 873 3042 de
894 2981 999 3042 iisdem
1021 2982 1115 3043 sacris
1137 2982 1314 3042 ludaeorum
1337 2999 1391 3042 seu
1417 2983 1478 3042 Ve—

252 3064 324 3125 teris
348 3063 530 3125 Testamenti
552 3065 713 3143 Scriptnris
735 3083 752 3124 a
774 3064 964 3125 Tertulliano·
977 3072 1082 3126 nosne
1105 3072 1259 3126 statuatur.
1344 3118 1349 3122 .

752 3229 919 3280 sustentus
937 3230 967 3279 ll.

252 3330 346 3380 Quando
371 3336 392 3372 et
415 3330 526 3383 morundo
545 3329 666 3374 sacrarum
683 3329 847 3385 Scripturrrmn
866 3332 924 3382 llbri,
950 3332 1056 3376 bebralce
1073 3333 1167 3386 primum
1186 3333 1312 3388 eoueeriptl.
1337 3334 1359 3375 ln
1377 3333 1479 3387 linguaue

250 3407 359 3450 praecum
377 3407 389 3438 u
407 3397 549 3451 septuaginta
561 3396 648 3439 duobus
667 3396 821 3451 interpretibus
839 3399 1039 3449 odoraminum
1058 3399 1265 3449 diremeeltuliu
1283 3400 1479 3451 miletum,

318 3463 445 3507 Ptolemaeo
463 3462 615 3517 Philadelpho,
633 3460 753 3512 Pisistrato,
771 3465 894 3518 horumque
913 3472 935 3508 et
951 3466 1095 3510 Attalicorum
1110 3466 1195 3520 lingum
1213 3465 1361 3519 bibliothecis,
1380 3478 1407 3510 ne
1445 3516 1448 3520 ,

474 3522 476 3529 '
524 3529 551 3572 da
568 3529 678 3572 Demetrio
695 3529 811 3582 Phalereo,
830 3531 1022 3584 grammaticorum
1040 3532 1202 3587 probatissimo.

336 3641 483 3704 observat
516 3642 717 3704 Tertullianus·
740 3643 835 3704 heum
863 3663 883 3704 o
906 3646 1079 3722 prr'rrrordr'o
1108 3645 1227 3705 misisse
1255 3644 1336 3705 riros
1363 3643 1482 3705 iustitia

251 3735 281 3788 et
302 3725 470 3788 hruocentia
493 3726 680 3802 conspicuos,
703 3727 755 3803 qni
775 3726 855 3787 idrus
877 3728 998 3787 unicum
1019 3745 1088 3788 esse
1103 3736 1134 3788 et
1146 3735 1330 3805 agnovenmt
1343 3735 1373 3786 et
1386 3744 1480 3803 prae-

252 3808 420 3869 dicaverunt
442 3807 628 3881 (Tertullinn.
649 3809 803 3887 Apologet.
826 3829 891 3887 cap.
915 3812 995 3885 18).
1015 3810 1054 3870 lli
1075 3818 1173 3871 autem
1195 3810 1341 3871 docebant
1359 3809 1398 3869 ab
1419 3811 1483 3871 boc

248 3890 343 3950 rrnieo
358 3891 421 3952 Deo
443 3900 538 3953 creata
560 3891 669 3962 omnia,
692 3892 729 3953 de
749 3893 840 3953 lmmo
863 3893 1015 3954 homiaem
1030 3894 1198 3965 formatum,
1221 3893 1382 3972 dispositas
1397 3900 1480 3952 tem-

248 3988 356 4050 potum
384 3974 478 4046 ricae,
503 3974 580 4035 edita
606 3973 722 4035 diuinae
742 3975 904 4036 maiestatis
927 3995 1002 4036 suae
1019 3975 1119 4054 signa·
1135 3976 1268 4037 conditas
1289 3993 1406 4036 morum
1430 3975 1480 4034 ri-

249 4062 355 4130 tsoque
375 4064 455 4116 recte
477 4057 606 4135 agendae
628 4056 721 4135 leges,
743 4076 782 4118 aa
797 4059 949 4137 armeta
972 4076 1050 4119 aero·
1068 4077 1169 4121 eorm
1185 4058 1321 4119 homines
1334 4057 1480 4118 advitam

248 4154 372 4197 rursmrr
391 4138 561 4200 excitandos
582 4148 612 4201 et
632 4139 815 4213 iudicandos,
838 4148 872 4202 ut
893 4158 949 4218 pro
970 4140 1082 4212 meritis
1104 4149 1223 4203 aeterua
1245 4148 1295 4201 snt
1315 4156 1411 4218 poena
1427 4149 1481 4200 aut

248 4218 384 4280 lelieitate
415 4220 587 4284 allidantur.
631 4223 669 4283 At
695 4222 739 4284 ibi
764 4223 795 4284 in
818 4223 989 4285 Tertulliani
1019 4232 1101 4284 textu
1130 4224 1204 4284 haee
1225 4223 1349 4301 legimus
1370 4222 1480 4282 rerba-r

253 4301 341 4373 Quae·
370 4303 550 4368 deeuemdo
574 4307 634 4368 eibi
661 4306 837 4387 discipliuae
867 4307 1124 4380 determinaverit,
1152 4324 1229 4386 qaue
1248 4308 1405 4383 ipeoruta'r
1422 4315 1482 4364 eut

249 4385 415 4464 desertum·
435 4401 515 4463 prae
538 4388 660 4466 qudem
677 4389 805 4452 lleraldo
834 4389 914 4451 aden
937 4389 1065 4450 obscura
1093 4397 1289 4468 semiplenae
1310 4387 1376 4448 risa
1395 4396 1481 4460 sunt,
