3132 5238
218 367 260 429 84
444 382 635 426 utssnnrntto
657 377 694 423 DE
717 381 911 425 rennuentem
932 381 997 424 Vm
1019 379 1057 423 ΒΤ
1080 379 1209 423 sentrrts

219 551 312 613 super
338 550 374 594 eo
401 532 612 596 commentario
637 532 770 594 virorum
791 531 976 596 eruditorum
995 531 1174 605 sententiae,
1196 529 1305 610 aliquid
1326 528 1436 592 tnde-

218 618 294 682 ctiue
316 617 472 679 dicendum
493 636 561 680 esse
581 617 717 681 oneror.

303 701 419 764 Putavit
434 701 567 782 Capellae
589 711 693 765 noster
713 702 744 764 in
765 700 902 763 &alneis
922 701 959 764 tt
982 701 1122 780 scriptum
1144 717 1222 762 enno
1243 699 1435 762 CLXXXVII.

218 787 365 849 Batonius
389 787 450 848 vult
479 787 619 866 scenam
653 806 730 850 enno
758 786 904 858 cxcvlt,
931 785 981 866 qui
1016 784 1064 847 eal
1089 801 1186 848 onnus
1213 783 1320 846 CXCV.
1350 801 1439 846 essee

220 872 348 950 vulgaris
370 891 424 941 seu
444 871 647 952 dionysianae.
690 871 798 934 Censet
818 870 965 933 Poetelius
987 871 1128 950 scriptum
1150 887 1228 931 enno
1251 869 1333 930 CCll.
1363 869 1437 930 Sin·

220 957 283 1036 garli
308 957 348 1018 its
376 965 563 1036 manant,
592 966 623 1019 ut
648 957 698 1018 hio
717 956 792 1018 liber
812 975 830 1018 a
851 956 1048 1030 Terttdlinno,
1070 963 1227 1034 salernem
1248 953 1285 1016 ad
1305 953 1440 1016 Montani

220 1041 355 1120 dogmata
378 1041 478 1120 lapsus
500 1049 592 1116 esset,
612 1042 700 1103 luerit
722 1041 858 1121 scriptus.

307 1125 364 1198 Qui
388 1135 559 1205 postremus
586 1125 665 1188 hunc
690 1125 797 1188 librum
824 1125 950 1186 mmimo
978 1123 1128 1186 molimine
1154 1131 1367 1185 commentatus
1389 1129 1439 1184 est

220 1209 402 1273 Christianus
417 1210 530 1290 Lupus,
552 1220 621 1290 post
640 1210 733 1280 libros
754 1211 895 1272 adversus
913 1209 1100 1282 Marcionem,
1123 1217 1208 1288 atque
1230 1207 1304 1270 adeo
1326 1225 1439 1272 euntem

220 1294 329 1357 cetu.
350 1295 381 1356 in
402 1295 496 1357 luceru
518 1295 661 1358 emesam
682 1295 801 1374 quidem
829 1295 983 1356 existimat.
1029 1294 1135 1358 Verum
1166 1293 1244 1355 idem
1273 1311 1289 1353 a
1318 1291 1440 1354 Tertul-

219 1379 298 1440 liano
331 1379 427 1440 adlsuc
458 1380 602 1442 catholico
634 1389 783 1442 eternum
815 1397 882 1441 esse
914 1379 954 1440 ite
976 1379 1084 1440 diserte
1104 1378 1293 1458 pronuntiat:
1333 1377 1440 1450 Quare

222 1463 354 1528 libellum
375 1465 460 1528 ncdt's
484 1465 564 1528 dedit
583 1465 680 1528 antee
702 1465 868 1528 metaneae
886 1469 1088 1545 posteriorem
1111 1463 1198 1535 lilerio
1221 1473 1328 1526 cantra
1349 1461 1440 1524 Mar-

219 1567 343 1612 nonme.

305 1633 374 1698 [lies
402 1652 450 1694 me
477 1633 607 1707 deliciet,
639 1653 743 1696 eorum
771 1635 797 1696 si
826 1633 911 1702 sedan
940 1633 1054 1713 singule
1083 1631 1270 1694 fundamenta
1293 1639 1436 1693 sverm.

221 1716 292 1778 'irie
313 1737 365 1780 ees
387 1726 420 1779 ut
440 1717 485 1779 sia
505 1718 650 1780 sentirent
668 1719 820 1798 malisse
840 1719 987 1792 videntur,
1009 1735 1083 1797 qnae
1106 1726 1204 1778 temen
1226 1735 1313 1796 quam
1332 1732 1437 1796 paam

220 1801 305 1864 firma
327 1802 398 1876 sint,
419 1802 529 1864 indicet
548 1803 650 1864 lector.

306 1886 402 1948 Ument
430 1887 486 1948 luit
511 1886 576 1965 ipsa
602 1887 691 1948 huius
718 1887 819 1965 operas
841 1886 1010 1948 excellentie
1031 1887 1163 1964 mireque
1185 1885 1221 1948 ed
1243 1884 1441 1948 conlutandos

221 1971 386 2032 toneneas
409 1971 527 2032 uelites.
571 1971 650 2032 Haec
673 1973 735 2032 lere
756 1971 912 2050 praecipue
933 1972 989 2032 snit
1009 1971 1221 2032 excaecationis
1243 1971 1274 2032 in
1295 1969 1442 2044 Pemelio,

220 2056 291 2118 dum
313 2056 350 2117 de
372 2055 491 2138 seriptis
503 2055 674 2118 Tertulliani
694 2055 835 2118 indicium
850 2058 960 2130 leuet·
972 2055 1066 2134 origo.
1095 2055 1177 2116 Fecit
1191 2055 1348 2134 elegidaris
1360 2054 1442 2116 Ter·

222 2139 335 2202 tulliani
363 2159 487 2219 opetum
508 2140 650 2220 dignitas,
682 2141 786 2219 utqui
808 2159 842 2202 ea
862 2140 1009 2219 legerent,
1041 2141 1144 2202 eadent
1165 2140 1202 2200 ab
1223 2140 1343 2202 homme
1363 2157 1443 2218 pre·

222 2227 313 2298 leae,
335 2243 423 2304 quem
443 2223 590 2287 Ecclesiae
611 2225 761 2286 hominem
784 2243 844 2286 uon
865 2225 957 2287 luisse
978 2225 1015 2286 ab
1037 2225 1216 2304 Hieronymo
1239 2225 1349 2286 dimum
1371 2241 1442 2286 me·

222 2309 369 2372 minorem
388 2309 531 2382 dolerent,
558 2309 697 2383 menime,
720 2329 754 2371 ec
774 2318 862 2388 prout
883 2327 916 2370 ea
937 2327 999 2370 non
1019 2309 1145 2371 libenter
1165 2309 1443 2372 solemuscreders

222 2413 296 2475 qsree
318 2395 444 2456 monime
465 2395 612 2468 munins,
635 2412 696 2456 non
718 2394 806 2455 modo
829 2394 984 2456 crederent
997 2411 1094 2473 aegre,
1116 2394 1169 2456 sed
1185 2394 1271 2473 pleae
1286 2404 1440 2473 negarent.

306 2477 392 2540 Aliud
424 2480 550 2540 occumit
581 2479 637 2540 illis
670 2488 867 2552 momentum,
901 2479 1011 2541 scilicet
1043 2498 1110 2541 cum
1137 2479 1168 2540 io
1189 2479 1265 2540 libro
1287 2478 1324 2539 de
1344 2479 1442 2541 Prae*

222 2563 384 2643 scriptione
411 2563 632 2625 Haeretirorum
659 2582 721 2641 rap.
745 2567 794 2628 36.
823 2564 907 2642 plura
929 2563 1034 2625 nahas
1054 2564 1090 2625 ed
1112 2563 1313 2626 auctoritatem
1335 2562 1443 2624 Eccle-

220 2649 331 2732 sisrnm
359 2648 587 2727 apostolicarum
615 2647 645 2709 in
675 2648 875 2709 conservande
897 2649 955 2709 lide
976 2667 1010 2710 ee
1032 2648 1136 2710 tradite
1157 2647 1194 2709 ab
1215 2647 1358 2726 apostolis
1380 2648 1443 2710 do·

221 2733 316 2796 ctrina
336 2733 518 2808 vindicanda,
551 2732 699 2794 Romanae
721 2733 798 2794 inter
817 2731 889 2794 elias
910 2751 971 2794 nan
993 2734 1058 2794 sine
1080 2733 1185 2811 elogio·
1198 2733 1275 2795 illius
1297 2733 1443 2794 tundetu-

221 2836 288 2880 rum
317 2818 492 2879 meminerit
522 2817 688 2880 dhorndune
714 2817 783 2896 quid
812 2818 908 2880 visum
932 2827 983 2878 est
1001 2817 1069 2892 illis,
1092 2817 1116 2878 si
1140 2817 1175 2879 eb
1197 2818 1317 2878 homine
1337 2817 1443 2879 schis-

222 2902 329 2965 matico
341 2903 398 2964 hoc
408 2903 551 2981 scripturn
563 2901 704 2964 emissum
716 2903 808 2963 luisse
821 2911 1035 2981 supponerent:
1058 2907 1124 2980 Aac,
1137 2901 1231 2982 inquit
1240 2902 1442 2964 Tertull'nnus

222 3005 285 3068 capt
309 2989 371 3061 36,
399 2991 452 3070 qai
477 2987 559 3049 coles
588 2991 793 3052 uenantum
819 2987 926 3050 malisse
954 3005 1095 3049 eaereers
1123 2992 1156 3048 in
1184 2991 1302 3066 nsyotia
1329 2986 1442 3048 salietis

221 3084 300 3144 tuae,
320 3089 470 3152 pecarre
481 3071 630 3134 Cadmiae
652 3072 845 3152 apostolicas,
868 3073 949 3151 apstd
970 3089 1043 3154 quas
1066 3072 1149 3152 ipsae
1169 3071 1266 3134 adltne
1282 3071 1441 3133 cathedrae

219 3155 433 3236 apostoloram
453 3159 516 3218 seis
538 3155 611 3218 lacis
630 3157 818 3235 praesident,
841 3158 923 3236 aped
944 3175 1018 3237 qaas
1041 3160 1126 3236 ipsae
1145 3155 1333 3218 authenticae
1354 3155 1440 3218 litte-

220 3258 279 3303 rae
309 3257 413 3302 earam
446 3244 629 3309 renitenter,
662 3251 805 3302 sonantes
832 3259 932 3302 uocem
966 3251 995 3302 et
1028 3251 1292 3319 repraesentantes
1329 3240 1443 3318 faciens

220 3328 466 3404 minantesque.
496 3323 640 3386 Preciana
662 3334 709 3386 eet
730 3325 785 3386 tili
804 3325 926 3388 delata.
962 3323 1061 3386 Hales
1097 3325 1283 3388 Corinthum.
1320 3325 1356 3386 Si
1374 3343 1443 3388 non

222 3408 309 3489 lonae
336 3407 619 3484 scantianam,
648 3407 736 3471 dales
758 3408 930 3489 Philippos,
959 3409 1048 3471 ludes
1072 3409 1358 3472 Thessalonicenses.
1403 3410 1447 3472 Si

219 3503 309 3574 potes
337 3496 369 3555 in
390 3493 493 3554 daiam
519 3494 655 3564 tendere,
688 3495 777 3556 tates
799 3493 956 3573 demersat.
1002 3493 1038 3555 Si
1056 3506 1156 3556 anteat
1176 3493 1286 3557 ltaliae
1307 3495 1442 3567 adieees,

222 3577 313 3642 dales
334 3577 466 3648 stantum,
487 3579 569 3640 ande
589 3579 674 3641 noda
694 3597 810 3659 quoqne
831 3583 999 3641 auctoritas
1018 3581 1143 3659 prante
1166 3589 1240 3642 est..
1263 3578 1328 3641 Ista
1349 3597 1444 3660 quana

219 3663 300 3744 felia
320 3661 468 3733 Ecclesia,
497 3665 547 3724 cni
573 3665 667 3724 latest
687 3663 856 3725 doctrinata
877 3663 1011 3744 apostole·
1031 3681 1095 3725 cena
1117 3668 1262 3744 sanceias
1283 3680 1338 3724 sno
1358 3681 1444 3744 pro·

220 3749 380 3828 sedeam,
417 3747 472 3809 sadi
501 3746 615 3809 Petras·
639 3747 811 3810 nomentan
841 3751 981 3828 passiani
1008 3749 1206 3829 adaequatnr,
1240 3748 1292 3810 adi
1321 3747 1443 3812 Paulas

222 3833 348 3896 mannis
370 3836 458 3895 setta
477 3841 654 3903 aorattatnr,
674 3831 729 3894 att
745 3832 903 3913 apostolas
921 3833 1060 3904 laerones,
1080 3845 1276 3916 posteaquam
1290 3836 1323 3894 in
1339 3832 1444 3897 alem

220 3921 341 3996 tanea
362 3919 515 3980 descensus
541 3916 621 3978 sss'in'l
644 3933 756 3996 passm
779 3928 838 3993 est,
865 3921 899 3978 in
920 3917 1050 3979 melnen
1072 3917 1236 3996 rehyatar.
1285 3917 1443 3981 Videon-ss

221 4003 294 4082 qaod
316 4003 467 4078 ai'dr‘cerit,
497 4003 567 4082 qnid
589 4001 746 4072 decessit,
772 4017 840 4062 cnm.
858 4004 1011 4082 Africanis
1033 4021 1148 4083 qaoque
1169 4001 1298 4064 ecclesis
1321 4011 1445 4064 castes-

222 4090 351 4146 marit-
391 4085 423 4146 Si
445 4086 613 4148 Christiano
633 4084 718 4162 Lupo
739 4085 901 4160 acanus,
928 4105 982 4165 per
1003 4086 1158 4148 Romanae
1173 4085 1320 4148 amedee
1341 4086 1442 4149 felici·

224 4177 314 4230 tatem
340 4169 445 4230 &ator
473 4171 593 4232 omnim
621 4169 759 4248 eruduit
776 4169 840 4232 eius
863 4189 1033 4250 supremum
1054 4190 1088 4231 eo
1110 4170 1303 4234 universalem
1322 4171 1443 4250 prime·

141 4243 144 4254 '
186 4247 190 4263 ¹
224 4261 297 4314 tu
341 4251 385 4314 lla
403 4252 454 4314 ille
473 4259 503 4316 tn
525 4253 734 4316 commemoria
756 4253 793 4316 ad
814 4255 872 4318 noe
892 4263 978 4334 ceput
998 4273 1064 4334 pag.
1078 4260 1151 4320 eac.
1174 4271 1209 4320 ea
1229 4255 1287 4338 iste
1310 4256 1443 4335 primnta

224 4337 358 4399 Romano
380 4337 518 4416 episcopo
546 4339 575 4406 iu
598 4339 670 4400 iuris
693 4357 726 4400 ex
750 4339 919 4402 Terndlieni
940 4340 1027 4400 etiam
1049 4339 1186 4402 haeretiei
1209 4359 1242 4402 ec
1263 4340 1299 4401 de
1320 4339 1442 4419 puditi-

221 4422 263 4484 tia
284 4430 313 4484 et
334 4421 479 4484 memus.
495 4422 638 4486 Praxeenr
656 4423 814 4486 manans
833 4425 976 4486 neumenia
997 4425 1094 4487 luisse·
1111 4425 1264 4504 eulligens,
1285 4435 1319 4486 ut
1340 4426 1441 4488 eecle-

219 4507 281 4570 sias
309 4506 436 4586 reliquas
462 4523 516 4585 per
542 4527 595 4570 sua
622 4509 784 4588 dogmatice
813 4501 1014 4574 delinitionlsm
1041 4509 1158 4572 denseta
1183 4509 1371 4588 compelleres
1398 4511 1441 4578 aa

219 4590 278 4656 lace
298 4599 348 4656 sart
368 4591 418 4656 illo
441 4591 576 4671 dogmata
600 4611 785 4682 couoesaere.
