3166 5250
249 369 253 378 ’
271 383 334 448 460
370 399 561 442 nisscnrnrto
576 399 606 440 ru
623 398 670 447 oo.
686 398 769 440 serr.
786 399 871 440 reon.
887 399 1080 442 rsaruncmnt
1094 397 1346 458 nronoesarcuu
1361 397 1447 440 cerr.

274 569 325 612 sns
347 549 478 612 ethnicos
501 549 531 610 iu
552 549 610 610 boc
631 555 661 610 et
680 549 777 628 primo
799 549 835 610 ad
849 548 990 610 Nationes
1012 547 1088 612 libro
1104 550 1150 612 sic
1165 548 1331 630 disputet:
1355 547 1504 628 Diogenes,

272 634 376 716 inquit,
409 638 505 698 nescio
534 635 605 716 guid
626 638 658 694 in
679 633 839 698 Herculem
862 633 952 706 taum
987 633 1096 696 inalio
1118 633 1201 694 libro
1228 634 1311 696 lusit
1345 631 1410 708 (lib.
1432 633 1453 694 l.
1474 635 1503 694 al

272 719 388 780 Notion.
412 738 474 800 cap.
494 723 566 794 tn).
609 717 681 780 Nam
705 719 825 791 tantiam,
849 727 981 796 arguent,
1004 718 1144 798 ponderis
1172 727 1225 780 est
1248 717 1330 782 baec
1352 735 1503 798 argumen-

273 803 354 878 tatio,
387 812 420 864 ut
446 803 540 884 repeti
567 801 730 864 meruerit?
774 801 805 864 Si
828 801 979 864 nesciebat
1002 803 1080 866 enim
1103 801 1322 866 Tertullianus
1347 803 1419 882 quid
1440 803 1503 862 Dio-

273 907 363 968 genes
385 885 454 950 lusit
475 888 506 948 in
528 887 692 961 Herculem,
726 887 794 966 quid
816 886 885 948 inde
901 896 1010 954 ,contra
1031 887 1123 950 salsos
1146 887 1316 968 gentilium
1341 885 1416 950 deos
1438 906 1503 948 con·

272 974 359 1034 licere
381 971 519 1052 poterat?
564 972 638 1044 Quis
668 991 738 1034 vero
766 971 823 1034 iste
845 979 891 1032 est
911 971 1081 1051 Diogenes?
1124 973 1216 1035 Dictu
1242 991 1315 1034 cuna
1341 973 1373 1034 id
1396 971 1503 1034 difficile

273 1057 322 1130 sit,
351 1057 467 1136 quidam
494 1059 683 1137 suspicantur
708 1057 862 1136 legendum
884 1057 1046 1138 Diagoras,
1074 1057 1279 1136 quiquidem
1305 1057 1378 1138 quia
1401 1056 1436 1117 ad
1458 1075 1502 1117 co·

273 1143 418 1222 quendam
446 1160 565 1204 coenam
595 1141 662 1220 igne
690 1141 816 1216 carebat,
844 1139 881 1202 ab
903 1141 1036 1204 Herculis
1060 1141 1227 1204 simulacro
1252 1139 1385 1222 petiisse
1408 1141 1501 1220 perbi-

272 1226 369 1298 hetur,
402 1233 434 1287 ut
466 1244 521 1306 pro
555 1226 668 1288 decimo
702 1225 787 1288 tertio
816 1225 974 1288 certamine
1002 1225 1079 1288 illam
1107 1237 1311 1306 excoqueret.
1361 1225 1421 1286 Sed
1443 1225 1503 1286 huic

274 1308 470 1374 emendationi
493 1311 685 1372 adversantur
708 1329 811 1372 omnes
835 1310 954 1372 omnino
977 1311 1104 1390 codices.
1147 1311 1250 1374 Nobis
1276 1311 1382 1392 itaque
1404 1311 1500 1371 borum

274 1395 436 1458 auctoritati
464 1395 633 1456 cedentibus
663 1395 746 1456 lacile
773 1395 1005 1474 persuadebitur
1024 1395 1060 1457 ab
1083 1395 1133 1458 illo
1154 1395 1334 1476 Diogenem
1358 1395 1499 1474 Cynicum.

275 1481 351 1542 sicut
372 1481 479 1541 ibidem
502 1480 662 1541 Varronem
678 1480 814 1560 Cynicum
837 1479 985 1560 appellari.
1030 1479 1105 1554 Quis
1132 1482 1215 1542 enim
1240 1481 1346 1542 nescit
1368 1489 1499 1560 querutum

226 1581 229 1594 ·
273 1565 303 1626 in
327 1565 446 1627 Luciani
469 1563 596 1643 Dialogis
618 1563 759 1626 Hercules
790 1564 825 1625 ab
853 1565 910 1626 hoc
938 1565 1017 1642 ipso·
1032 1565 1161 1644 Diogene
1185 1565 1306 1646 Cynico
1338 1564 1500 1628 derideatur

276 1649 406 1718 (Lucian.
429 1649 539 1728 Dialog.
562 1649 647 1710 blort.
671 1652 721 1714 56.
744 1668 773 1727 p.
799 1652 868 1714 137.
893 1659 922 1710 et
944 1649 1031 1712 Vitar.
1055 1641 1136 1711 Auct'.
1159 1669 1188 1730 p.
1206 1649 1327 1728 190.)?
1350 1650 1506 1712 Praeterea·

187 1755 191 1768 ·
275 1742 353 1794 extat
384 1734 454 1794 illud
475 1733 597 1796 Ausonii
631 1733 817 1812 epigramma,
849 1753 907 1814 quo
936 1733 1080 1813 Diogenes
1103 1733 1266 1796 Herculem
1303 1743 1407 1796 sectae
1436 1751 1497 1792 suae

275 1826 423 1879 auctorem
445 1817 522 1880 band
545 1818 609 1879 sine
631 1818 696 1879 ioco
719 1819 824 1879 iecisse
842 1818 981 1880 traditur:

426 1936 571 1998 inuentor
590 1941 708 2017 prebens
733 1937 852 2015 Cyreices
876 1956 937 2016 epo.
983 1937 1067 2010 Quae
1090 1941 1170 2000 cutio
1195 1936 1347 2002 isthaec?

490 2021 604 2083 Alcides
626 2022 721 2085 multo
744 2023 855 2084 dicitnr
877 2041 940 2084 esee
959 2025 1060 2102 prior.

425 2105 523 2168 Alcide
545 2107 692 2186 qnondam
713 2107 834 2185 suerum
855 2107 976 2170 doctore
997 2107 1161 2170 sacrandus:

490 2190 577 2252 Nurac
599 2209 650 2269 epo
674 2209 740 2252 eum
764 2191 884 2269 cynices
903 2195 1024 2272 primns
1047 2204 1076 2255 et
1096 2191 1148 2254 ille
1170 2191 1259 2256 deus.

993 2277 1116 2348 (boson.
1138 2274 1326 2356 Epigramm.
1351 2277 1417 2350 26.)

274 2391 310 2452 nt
331 2409 430 2452 nonne
452 2390 521 2452 illud
544 2398 589 2452 est
610 2397 709 2454 nescio
733 2394 811 2472 quid,
836 2393 913 2470 quod
936 2393 1132 2455 Tertullianus
1153 2393 1292 2457 llerurlis
1317 2391 1491 2454 divinitatem

276 2475 312 2537 ab
334 2475 390 2536 boc
402 2475 530 2554 Diogene
552 2475 667 2536 irrisam
690 2475 893 2538 contestatur?
926 2477 958 2538 Si
980 2486 1077 2539 tamen
1099 2497 1165 2540 enm
1188 2479 1224 2540 ad
1249 2479 1342 2540 aliam
1365 2477 1490 2555 aliquam,

178 2583 181 2592 ·
276 2560 440 2621 abaciaco
469 2568 518 2620 aut
546 2560 602 2622 alio
631 2571 831 2634 memoratam,
864 2561 1031 2625 irrisionem
1059 2564 1228 2642 respexisse
1254 2563 1414 2634 ostendas,
1446 2555 1490 2618 tibi

275 2663 336 2705 non
368 2645 584 2706 reluctabimnr.
630 2645 769 2718 Quamvis
798 2665 889 2726 porro
918 2647 989 2708 illud
1017 2653 1115 2710 neseio
1137 2649 1208 2730 quid
1228 2647 1399 2718 vocaverim
1432 2640 1489 2720 quit

277 2737 372 2790 tamen
407 2729 530 2790 ethnicis
561 2729 775 2810 incompertum
809 2749 867 2792 non
900 2739 972 2803 erat,
1004 2731 1073 2792 binc
1102 2733 1243 2794 adversus
1276 2731 1398 2794 illorum
1426 2727 1488 2788 deos

276 2822 354 2876 recte
376 2821 592 2893 argumentatur
614 2815 750 2889 (Dissert.
774 2816 804 2876 in
826 2815 906 2889 Lact.
930 2833 991 2895 cap.
1015 2819 1065 2879 24.
1088 2818 1150 2878 Art.
1172 2822 1226 2894 4.).

360 2915 477 2978 Dubitat
497 2915 620 2978 lorsitan
642 2915 747 2996 aliquis
770 2927 867 2979 annm
889 2917 963 2980 alter
983 2917 1188 2997 philosophus,
1211 2921 1263 2998 qui
1287 2919 1325 2981 ab
1349 2935 1386 2979 eo
1408 2929 1486 2975 roca-

276 3009 324 3062 tur
346 3001 436 3062 Varro
459 3001 592 3081 Cynicus,
615 3002 640 3063 is
663 3003 702 3064 sit
733 2989 1032 3064 cuineQruditionem
1055 3003 1154 3077 tande,
1180 3013 1213 3064 ut
1233 3003 1376 3074 vidimus
1400 2995 1484 3060 laudi·

276 3086 332 3148 bus
355 3084 462 3147 etbnioi
483 3087 631 3148 cumulant
653 3095 753 3166 totque
775 3088 812 3148 de
833 3087 1026 3166 religionibus
1047 3087 1139 3150 libros
1156 3095 1378 3170 composuerat.
1401 3082 1484 3144 Num·

277 3169 345 3247 quid
374 3170 451 3230 enim
479 3170 526 3230 ille
556 3165 643 3232 eliam
672 3172 708 3232 de
736 3172 793 3234 diis
815 3171 905 3233 iocari
927 3191 1018 3233 ausus
1041 3171 1112 3233 esti
1148 3171 1293 3250 Quidni?
1337 3171 1440 3232 Nonne
1459 3163 1483 3221 it

276 3254 412 3314 nonoris
434 3255 527 3316 nostri
549 3256 585 3316 ad
600 3255 740 3318 Nationes
762 3255 846 3316 libris
868 3257 993 3335 legimus
1009 3261 1131 3319 romoni
1144 3257 1218 3336 styli
1228 3258 1382 3338 Diogenes
1399 3252 1482 3312 l'orrt

277 3347 427 3401 incoactos
449 3338 546 3414 loves,
569 3345 631 3402 sioe
660 3339 810 3420 iupiteres
832 3341 1034 3421 (manuscripti
1063 3341 1158 3404 nostri
1189 3343 1308 3404 codices
1325 3327 1482 3421 lupiteioe)

278 3421 432 3483 dicendum
453 3435 505 3494 eet,
528 3428 593 3486 sine
615 3425 760 3504 capitibus
784 3427 897 3488 inducit
918 3425 1102 3496 (Tertullian.
1124 3426 1175 3488 lib.
1190 3427 1213 3487 l.
1236 3429 1273 3489 ad
1289 3426 1406 3488 Notion.
1428 3433 1481 3494 rap·

280 3509 352 3581 tn).
396 3506 433 3567 nt
458 3509 606 3586 quomodo
635 3509 701 3570 sine
729 3507 866 3570 irrisione
888 3517 934 3570 tot
954 3511 1038 3572 loves
1059 3512 1199 3572 inducere
1220 3509 1345 3591 potuit?
1387 3505 1481 3567 Nonne

277 3590 420 3652 blinueius
442 3591 531 3666 Felix,
560 3591 770 3654 'l'ertuDiannm
793 3603 928 3655 nostrum
950 3595 1027 3655 leand
1051 3597 1138 3658 dubie
1160 3604 1293 3670 scottus,
1328 3594 1480 3676 cirtense

278 3687 323 3738 tot
350 3675 432 3740 lonis
461 3690 599 3741 monstro
620 3690 693 3759 quot
713 3675 862 3740 nornine?
904 3673 1020 3741 Videsis
1047 3699 1120 3760 qnae
1149 3680 1179 3742 in
1207 3681 1279 3743 baec
1307 3677 1394 3741 verba
1422 3669 1480 3736 alibi

277 3759 531 3823 animadvertimus
554 3759 718 3838 (Dissertat.
742 3763 772 3823 in
793 3763 899 3824 Minue.
923 3764 1024 3826 Dotav.
1047 3783 1110 3844 cap.
1125 3767 1173 3830 15.
1195 3766 1323 3844 ΑΜ).
1355 3763 1478 3847 Geterm

278 3845 394 3932 quidam
415 3854 517 3926 putant
538 3847 611 3908 baec
631 3867 647 3909 a
670 3847 801 3908 Varrone
822 3848 897 3910 dicta
920 3849 950 3909 in
973 3850 1069 3910 satiris
1092 3849 1270 3930 Menippeis:
1303 3867 1356 3912 cur
1377 3859 1434 3906 non
1453 3853 1477 3896 ΙΙ]

278 3931 342 3991 aliis
364 3931 426 3994 eius
449 3932 485 3993 de
506 3931 690 3994 ethnicorum
711 3933 852 4012 religione
874 3931 967 4007 libris,
989 3951 1114 4012 quornm
1137 3943 1235 3998 tantm
1257 3935 1310 3996 luit
1325 3917 1478 4016 numerus?

279 4015 337 4076 Sed
359 4015 523 4096 ubicunqne
550 4017 586 4078 ab
608 4035 644 4078 eo
667 4017 832 4090 dictasint,
855 4019 923 4079 inde
945 4027 973 4079 et
993 4017 1071 4080 lovis
1094 4028 1123 4080 et
1144 4018 1268 4080 eliorum
1289 4019 1361 4082 laisa
1382 4010 1476 4102 divini-

278 4107 323 4160 tas
345 4089 581 4164 manifestissime
605 4102 838 4182 demonstratur.
882 4103 1061 4164 Persuasum
1084 4121 1155 4165 roro
1178 4103 1248 4165 illud
1270 4105 1342 4165 adeo
1364 4099 1417 4161 luit
1437 4093 1475 4159 its,

279 4182 309 4244 in
342 4184 446 4262 quihus
473 4186 567 4266 aliqua
595 4186 690 4249 adhuc
711 4196 865 4267 supererat
884 4187 1039 4266 probitatis
1062 4197 1091 4249 et
1111 4188 1265 4268 aequitatis
1289 4183 1419 4252 scintilla,
1451 4179 1476 4236 tl

278 4265 416 4352 Liberum
438 4271 564 4346 Patrem,
588 4271 663 4333 sicut
685 4291 772 4352 snpra
796 4273 919 4333 vidimus
942 4273 1050 4352 (Supra
1073 4291 1135 4352 cap.
1161 4276 1209 4337 te.
1232 4276 1293 4334 Art.
1316 4275 1368 4348 9.).
1397 4267 1476 4326 Stil·

254 4335 375 4430 'pidem
406 4361 435 4413 et
462 4355 667 4434 Harpocratem
695 4375 760 4418 com
789 4357 989 4437 Cynocephalo
1018 4377 1072 4418 suo
1101 4358 1218 4438 penitus
1244 4354 1406 4422 reiecerint
1444 4343 1476 4403 bi

278 4453 369 4496 unnm
391 4441 522 4516 prol'ecto
545 4440 666 4502 sublatis
689 4441 752 4504 aliis
774 4442 911 4503 omnibns
939 4441 1019 4504 salsis
1041 4443 1211 4506 numinibus
1234 4441 1326 4506 Deum
1348 4435 1474 4512 omni1t0·

280 4526 387 4582 tentem
410 4521 505 4584 colere
528 4523 680 4588 debebant.
