3092 5234
254 377 317 440 590
338 392 376 436 ns
391 390 464 434 ruer
478 390 592 433 terrra
606 389 642 430 so
656 385 805 432 nocrnme
820 385 1008 430 samarcam
1022 385 1216 430 rennuerunt
1230 385 1417 428 orsenrarro

255 561 348 608 secus·
363 549 419 602 est.
461 539 534 600 Nam
557 538 675 600 tamem
697 537 728 598 in
749 545 875 616 utroque
896 534 973 596 libro
996 535 1076 608 velit,
1097 542 1131 596 ut
1147 534 1278 614 virgime
1302 533 1489 612 obtefflntnr

255 626 332 697 velo,
356 641 416 686 non
443 623 509 700 ipse
537 629 636 684 tamen
664 623 722 683 iste
750 638 914 682 consensus
941 619 1086 680 librorum
1122 637 1157 680 ex
1188 619 1293 680 eadem
1326 619 1489 697 disciplina

186 757 192 764 .
254 709 404 790 prodiisse
430 713 588 784 utrumque
615 706 818 776 demonstrat,
845 703 918 776 sed,
946 700 972 764 si
994 703 1061 780 quis
1083 702 1237 780 utriusque
1258 703 1327 764 loca
1349 711 1489 764 accurate

256 790 421 862 oonurlerit,
443 781 571 868 maguus'
590 790 684 850 erite
706 806 739 850 se
761 785 934 848 Tertulliani
958 785 1124 859 dissensus,
1153 785 1203 864 qni
1230 793 1374 847 nostum
1398 787 1489 846 multo

256 875 349 954 magis
372 891 460 952 quam
481 871 665 944 Hollmanni
683 871 859 934 senteutiam
886 869 1052 931 confirmat.
1096 869 1130 930 ln
1158 869 1235 931 libro
1259 869 1296 930 de
1320 869 1411 948 Virg.
1435 870 1489 928 i'e-

256 959 351 1021 landis
380 957 570 1018 vehementer
602 964 632 1017 et
667 974 703 1018 ex
729 955 796 1034 ipsa
823 953 959 1033 inprimis
987 953 1052 1032 lege
1073 952 1214 1014 Paracleti
1235 953 1491 1014 montanistarum

256 1044 333 1105 hano
353 1040 596 1103 consuetudinem
618 1038 758 1112 defendit,
780 1038 834 1100 sed
856 1039 886 1100 in
908 1045 1014 1098 nostro
1036 1037 1073 1098 de
1088 1037 1230 1100 Oratione
1251 1036 1358 1098 libello
1384 1045 1429 1110 (c.
1444 1041 1490 1100 22

257 1127 359 1206 poe.)
381 1141 443 1186 uon
464 1123 622 1184 tenendam
643 1123 725 1184 iubet
745 1119 1086 1194 bancoonsuetndinem,
1109 1121 1492 1203 legemqaeadeooirer'ai

258 1212 313 1273 bns
341 1225 464 1290 quoque.
483 1211 661 1269 inlicientem
690 1207 906 1275 uelamentum,
940 1205 997 1272 ait,
1030 1211 1177 1267 excusare·
1198 1223 1305 1285 posse3
1346 1205 1490 1282 amasia

157 1329 160 1334 ι
257 1293 410 1374 principiis
431 1290 510 1352 illius
532 1289 741 1370 disputationis
752 1293 789 1362 (e.
806 1293 881 1363 Tb).
904 1293 993 1370 quest·
1004 1288 1155 1350 lacertulos
1171 1289 1415 1351 retraetandum
1432 1307 1491 1350 ease

258 1378 336 1440 illaad
362 1377 441 1458 qnod
461 1379 632 1454 promiscue
660 1376 838 1438 observetur
858 1391 918 1452 per
938 1372 1088 1434 Ecclesiae
1113 1372 1407 1434 commetiebatur
1432 1379 1491 1432 oir-

258 1467 340 1542 gr'nes
363 1478 403 1521 on
424 1477 497 1520 aon.
550 1459 628 1519 Leve
656 1458 744 1536 igitur
766 1465 811 1518 est
831 1455 912 1518 istud
932 1455 988 1516 viri
1009 1456 1089 1517 docti
1117 1460 1337 1534 argumentum,
1368 1457 1491 1534 potum

259 1559 363 1624 satque
383 1543 433 1604 ille
455 1543 564 1602 rectius
586 1541 623 1602 ad
644 1541 848 1604 testimonium
877 1540 1041 1600 sententiae
1064 1559 1136 1601 suae
1159 1539 1248 1600 citare
1269 1557 1337 1617 cap.
1364 1543 1413 1610 6.,
1437 1540 1492 1610 ubi,

259 1631 330 1691 duur
351 1626 537 1705 rogationem
558 1633 690 1703 quartam
713 1624 855 1686 credonis
878 1622 1042 1699 dominicae
1064 1641 1125 1684 non
1149 1623 1268 1702 proprie
1292 1623 1352 1683 sed
1376 1625 1491 1704 tropice

260 1715 297 1775 de
325 1729 407 1773 saera
429 1727 520 1772 coena
542 1728 612 1771 esse
632 1708 848 1786 intelligendam
871 1707 992 1779 dixerat,
1015 1707 1068 1769 sed
1089 1719 1118 1768 et
1138 1711 1216 1788 quic,
1238 1705 1353 1778 adiicit,
1380 1727 1492 1769 com

262 1798 332 1859 liter
353 1797 500 1857 admittar
527 1797 587 1855 isto
608 1811 678 1863 oon,
707 1809 767 1854 noe
795 1795 859 1853 sine
886 1790 1031 1870 religione
1049 1799 1151 1872 polest
1177 1792 1249 1871 pieri
1276 1800 1306 1852 et
1337 1792 1492 1871 spiritalis

261 1877 443 1958 disciplima,
466 1876 517 1938 ubi
540 1877 690 1956 spiritalia
714 1875 874 1955 disciplina
895 1874 1021 1954 aliquam
1043 1875 1092 1936 dat
1106 1873 1305 1935 Montanistiei
1331 1875 1492 1954 scriptoris

262 1962 473 2043 suspicionem,
504 1961 556 2038 qui
586 1959 732 2041 spiritales
760 1978 804 2030 se,
838 1966 954 2019 ceteros
982 1959 1139 2036 psychicos
1174 1958 1376 2038 appellabant.
1439 1960 1492 2020 Sed

259 2047 357 2126 potuit
378 2044 575 2106 Tertullianus
604 2044 660 2105 sub
690 2042 870 2121 spiritalibus
899 2041 986 2103 etiam
1014 2042 1135 2122 quosue
1157 2041 1269 2120 probos
1285 2042 1446 2104 homines
1468 2053 1491 2102 et

143 2167 151 2178 ι
261 2130 447 2192 Christianos
469 2127 643 2206 intelligere,
675 2126 755 2204 quod
781 2126 853 2186 milri
882 2126 975 2203 magis
1004 2126 1100 2204 placet
1120 2135 1287 2204 propterea,
1326 2127 1418 2204 quod
1442 2127 1491 2186 bos

260 2232 321 2274 non
344 2213 384 2272 ita
404 2211 497 2272 molto
519 2221 589 2288 post
609 2210 817 2288 interpretatur
831 2227 884 2288 per
898 2209 1010 2290 fideles,
1034 2227 1145 2288 eosque
1164 2227 1226 2270 non
1242 2209 1440 2271 orthodoxis
1455 2210 1492 2271 rel

261 2295 412 2374 Psychicis
445 2292 579 2372 opponit,
619 2293 671 2354 sed
700 2295 874 2356 notionibus
902 2293 933 2354 b.
956 2312 982 2353 e.
1010 2313 1071 2353 non
1099 2291 1287 2355 credentibus
1316 2293 1353 2354 in
1375 2294 1492 2366 lesum

261 2397 357 2457 neque
389 2395 514 2455 usquam
544 2377 647 2455 reperi
677 2377 888 2438 Tertullianum
920 2376 967 2438 vel
994 2376 1024 2436 in
1051 2377 1126 2455 ipsis
1153 2376 1376 2439 llontanislicis
1412 2379 1491 2440 libris
1529 2371 1530 2382 ’

198 2489 200 2494 ’
263 2461 445 2526 Orthndoxis
480 2479 591 2522 nomen
619 2461 746 2522 fidebam
774 2478 908 2539 negasse.
953 2460 1013 2521 lam
1042 2479 1107 2520 eum
1136 2461 1214 2521 buno
1240 2459 1357 2522 librum
1388 2481 1429 2523 ex
1462 2465 1492 2522 iis

263 2565 332 2608 esse
355 2545 427 2606 satis
450 2553 576 2618 constet,
598 2546 648 2623 qui
671 2544 887 2621 castigatiorem
909 2544 1073 2605 doctrinam
1089 2544 1257 2617 continent,
1280 2563 1492 2626 quemcunque

263 2631 304 2692 illi
325 2630 421 2690 locum
444 2629 474 2689 in
496 2629 664 2690 huiusmodi
686 2627 875 2706 Septimianis
897 2627 1016 2706 scriptis
1039 2629 1166 2701 dederis,
1188 2629 1267 2690 idem
1296 2637 1357 2690 est.
1390 2630 1492 2695 Nobis.

262 2713 370 2794 quibus
392 2733 428 2774 er
448 2732 483 2774 eo
506 2713 583 2774 nulla
606 2731 641 2773 se
663 2711 709 2772 rel
729 2712 801 2772 levis
816 2711 947 2791 suspicio
959 2729 1094 2772 errorum
1111 2711 1362 2774 llontanistarum
1378 2713 1493 2776 obtulit

263 2799 406 2878 optimum
427 2795 543 2858 videtur
563 2815 629 2858 eum
652 2796 682 2856 in
703 2796 808 2875 primis
831 2794 919 2856 buius
945 2795 1062 2874 generis
1084 2796 1237 2858 collocare.

791 2999 819 3072 s.
844 2955 956 3084 xptxv.

347 3131 384 3191 At
415 3130 524 3200 dicere,
555 3147 698 3207 quaenam
731 3129 864 3190 docuina
896 3129 1057 3190 asserenda
1088 3131 1128 3190 sit
1154 3129 1229 3190 libro
1258 3128 1295 3190 de
1323 3129 1492 3210 baptismo,

264 3214 369 3276 maiori
391 3221 524 3273 osteum
547 3213 715 3275 difficultate
737 3213 936 3274 coniunctum,
978 3213 1123 3292 Equidem
1153 3231 1212 3272 non
1238 3213 1359 3290 ignoro,
1391 3235 1493 3276 omnes

265 3297 309 3358 sio
330 3295 450 3368 sentire,
472 3296 555 3374 quasi
578 3297 618 3357 sit
638 3297 727 3358 huius
748 3296 813 3358 libri
837 3287 1019 3379 ὀρθοόοξία
1040 3305 1121 3358 extre
1137 3315 1255 3358 omnem
1276 3296 1493 3360 dubitationem

263 3380 372 3461 posita,
408 3378 521 3452 leviter,
552 3389 586 3441 ut
613 3382 644 3441 in
672 3380 789 3449 ceteris,
819 3387 1001 3459 repugnante
1022 3380 1219 3452 Hctlmann03
1253 3380 1307 3442 scd
1335 3380 1371 3441 in
1400 3401 1439 3444 ea
1466 3403 1492 3442 re

264 3463 396 3526 miranda
419 3463 500 3525 venit
520 3464 680 3525 multorum
702 3465 857 3526 doctorum
885 3465 1040 3526 hominurn
1067 3464 1180 3536 levitas,
1210 3463 1260 3542 qui
1286 3463 1389 3527 libros
1411 3468 1493 3537 alios,
1529 3475 1530 3536 1

264 3565 389 3626 quorum
411 3556 615 3625 argumentum
637 3555 745 3609 certam
767 3547 856 3609 babet
876 3549 1013 3628 puritatis
1028 3549 1282 3626 significationem,
1306 3547 1492 3612 Tertulliano
1529 3543 1530 3594 l

264 3632 459 3694 llontanistae
482 3630 650 3703 tribuerint,
673 3641 703 3691 et
723 3631 782 3692 hoc
802 3639 867 3692 tuto
890 3632 1052 3693 exemerint
1080 3650 1241 3694 enumero
1264 3633 1378 3694 borum
1400 3633 1493 3694 libro·

265 3735 342 3790 rum,
375 3717 460 3778 cuins
494 3724 591 3776 tamen
624 3715 691 3788 loci,
728 3715 753 3775 si
785 3715 831 3776 vel
858 3716 1030 3794 praecipuas
1052 3717 1294 3777 llontanistarum
1322 3715 1355 3776 in
1386 3737 1426 3778 eo
1456 3717 1493 3778 rel
1529 3705 1530 3744 l

267 3801 507 3862 orthodoxorum
538 3799 699 3859 sententias
716 3799 922 3876 requisiveris,
954 3809 1010 3860 tam
1034 3807 1103 3862 sunt
1130 3799 1316 3872 obserarint
1340 3800 1493 3879 inquisitis

266 3885 404 3946 omnibus
441 3883 488 3944 vir
522 3899 580 3961 quo
615 3901 649 3943 se
675 3889 769 3944 venat
795 3883 910 3944 animus
938 3882 1042 3946 videat.
1096 3883 1154 3944 Sed
1184 3892 1225 3955 ut,
1253 3892 1402 3962 quantum
1435 3887 1493 3946 lieri

264 3969 373 4048 possit,
407 3967 538 4038 dicamus
568 3973 675 4039 tamem
698 3983 839 4045 quaenam
871 3967 902 4028 in
928 3967 1005 4027 libro
1027 3975 1133 4028 nostro
1156 3967 1289 4030 doctrirm
1310 3967 1360 4028 rel
1383 3969 1425 4030 ad
1447 3971 1493 4029 ius

267 4052 312 4113 vel
339 4053 376 4113 ad
398 4051 463 4112 illas
484 4049 578 4128 magis
607 4049 743 4111 inclinata
770 4060 887 4129 regnet,
924 4050 1052 4129 primum
1079 4052 1174 4130 placet
1201 4049 1372 4112 examinare
1400 4053 1492 4118 locos,

269 4136 318 4214 qui
347 4136 417 4196 huic
443 4133 519 4196 libro
553 4133 753 4212 suspicionem
781 4133 968 4198 llontanismi
1000 4135 1168 4208 conficiunt,
1206 4135 1312 4196 deinde
1344 4154 1414 4208 eos,
1451 4137 1494 4213 qui

268 4219 388 4279 suntin
411 4218 590 4280 annuariam
618 4229 741 4296 partem,
774 4218 870 4280 rarius
898 4218 975 4289 lieet,
1005 4217 1162 4298 propositi.
1206 4220 1309 4298 Atque,
1337 4227 1374 4280 ut
1395 4222 1494 4282 mitu-

268 4319 336 4362 mus
360 4321 404 4376 oa,
426 4322 501 4382 qnae
522 4301 717 4364 subdubitans
741 4301 849 4364 obiecit
869 4301 1025 4375 Baronius,
1056 4303 1129 4364 satis
1155 4302 1204 4364 illo
1232 4303 1269 4364 ab
1289 4301 1399 4366 suisio
1422 4322 1493 4366 oon

268 4387 377 4446 lautus
400 4387 442 4454 tin
464 4387 527 4450 Vita
550 4386 673 4450 Tertull.
695 4404 724 4467 p.
748 4389 799 4451 29.
823 4389 913 4465 sqq),
932 4386 1130 4448 Hoffmannus
1152 4387 1184 4448 in
1205 4387 1283 4449 illam
1304 4388 1495 4465 superiorem

268 4477 381 4548 partem
404 4470 476 4532 haee
504 4471 610 4532 excitat
635 4479 817 4550 argumenta.
861 4470 993 4534 Primum
1021 4471 1099 4549 quod
1127 4469 1157 4532 in
1185 4470 1260 4534 libro
1284 4469 1320 4532 de
1341 4471 1494 4550 baptismo

269 4551 468 4616 Tertullianus
497 4555 581 4616 dictis
614 4563 713 4616 utetur
741 4555 885 4616 similibus
914 4573 1026 4628 eorum,
1064 4573 1139 4636 quae
1167 4556 1198 4616 in
1226 4575 1261 4618 eo
1291 4555 1327 4616 de
1351 4555 1495 4620 l'udiu'tia
