3166 5250
495 406 628 452 nueroas
649 407 708 453 arc.
730 408 768 453 aa
789 407 917 453 noune.
1251 394 1313 459 lto

97 563 223 638 poterat,
245 565 304 629 aut,
326 564 359 618 ut
380 556 446 635 ipse
468 556 666 622 Tertullianus
687 577 742 621 eos
764 559 967 639 compellando
987 559 1132 639 loquitur:
1167 561 1238 624 coe
1259 561 1317 624 alii

97 643 174 704 altos
198 641 305 714 colitis,
328 645 429 721 atiqau
451 661 609 724 guorcon
631 644 737 716 colitis,
762 645 924 726 offenditis.
968 643 1120 708 Proelvo
1142 649 1233 708 coms
1248 650 1312 709 sias

96 727 225 788 alteram
249 725 428 788 contoioels'o
449 746 511 791 oon
529 739 630 807 potest
647 731 813 809 procedere
834 727 1017 802 (Tertullian.
1040 728 1105 791 loco
1128 728 1199 806 cit).

182 810 307 883 Quidam
330 819 437 892 autema
449 819 553 890 putant
571 813 765 892 Augustinum
787 812 824 876 ad
845 813 917 876 haee
937 811 1025 874 rerba
1047 813 1228 893 respexisse,
1260 815 1312 876 ubi
1389 887 1392 896 .

96 902 187 956 tuum
210 894 288 956 illam
310 896 593 973 argumentationem
615 898 762 977 improbat
784 898 885 977 sicque
906 897 1027 961 refellit:
1061 898 1130 960 Nou
1152 900 1217 961 dico
1233 901 1312 979 guod

93 981 226 1059 socetios
254 983 298 1041 oo't
329 977 532 1043 Tertadloous
568 983 706 1061 fortasse
738 1002 826 1063 mom
847 987 966 1045 omaus:
1003 982 1039 1045 Si
1068 985 1112 1046 dii
1141 983 1312 1064 sele'gosntor

95 1076 131 1127 act
153 1063 243 1137 bulbi,
265 1069 367 1146 otique
391 1069 483 1128 ceteri
502 1067 628 1146 reprobi
646 1069 831 1132 iudicantur.
864 1064 935 1129 llloo
950 1067 1005 1140 boc
1019 1068 1093 1130 dieo.
1127 1066 1212 1130 Video
1234 1072 1312 1130 caios

93 1152 184 1210 etium
206 1168 245 1211 ear
265 1149 382 1214 selectis
404 1149 490 1228 seligi
509 1149 627 1231 aliquos
648 1155 687 1214 od
701 1153 823 1234 aliquod
835 1157 934 1215 molas
950 1163 979 1214 et
991 1157 1209 1232 praestantius,
1233 1157 1312 1215 sicot

89 1236 126 1295 e'n
141 1234 259 1306 militia,
283 1253 349 1296 uem
369 1239 491 1297 tirones
509 1234 596 1298 electi
614 1238 742 1315 suerint,
764 1255 803 1299 aas
824 1237 870 1299 bs's
885 1255 999 1318 propre
1012 1237 1167 1317 eligantur
1181 1238 1221 1299 od
1235 1256 1310 1318 opus

90 1316 219 1400 clr'guod
243 1323 341 1381 motus
370 1337 526 1381 omarum
528 1364 637 1382 .....
660 1320 729 1384 Neo
752 1341 827 1402 opos
850 1332 893 1384 est
914 1321 1011 1382 multo
1027 1341 1222 1401 percurrere,
1246 1342 1312 1385 acm

92 1421 146 1464 res
168 1407 201 1464 irs
222 1417 329 1484 aperto
353 1407 402 1465 sit.
449 1404 651 1477 Quamobrem
677 1425 742 1468 oon
760 1425 800 1468 ec
822 1406 876 1468 boc
898 1407 975 1486 guod
996 1407 1040 1468 dii
1058 1422 1098 1468 aa
1117 1407 1221 1470 multis
1243 1411 1311 1488 gare·-

91 1488 164 1550 dum
184 1488 288 1550 selecti
307 1498 389 1559 sont,
412 1488 461 1550 oel
481 1493 508 1551 is
536 1493 589 1571 psi
613 1495 746 1572 scripsit,
768 1490 817 1552 oel
838 1507 944 1553 eorem
965 1489 1110 1568 cultores,
1132 1491 1181 1553 oel
1196 1492 1313 1571 diiipst‘

53 1631 56 1638 .
92 1575 292 1652 vituperandi
311 1586 400 1649 saort:
423 1574 476 1642 sed
496 1576 713 1638 advertendum
731 1580 835 1656 potetas
849 1579 971 1657 gomont
985 1580 1039 1638 isti
1050 1580 1114 1637 slot
1128 1587 1156 1637 et
1171 1576 1210 1637 od
1222 1595 1311 1658 parom
1389 1589 1393 1598 ⁴

91 1675 159 1718 ren
180 1656 284 1719 selecti
304 1659 466 1721 uideantur
487 1658 618 1738 (August.
641 1659 691 1720 lib.
708 1659 768 1720 vll.
791 1659 828 1720 de
851 1659 937 1734 croit.
958 1659 1011 1721 uei
1033 1677 1096 1738 cap.
1121 1662 1172 1735 1.).
1202 1660 1310 1722 Verani

91 1741 269 1820 responderi
292 1742 415 1804 forsitan
436 1743 546 1821 poterit
567 1743 607 1804 ibi
622 1744 818 1822 Augustiuum
838 1743 875 1804 de
897 1743 954 1806 diis
975 1743 1159 1806 ethnicorum
1181 1744 1310 1820 selectis,

92 1825 307 1888 Tertullianum
329 1845 399 1887 vero
423 1827 459 1888 de
481 1828 679 1905 quorumlibet
700 1828 822 1890 deorum
844 1827 1008 1890 simulacris
1020 1828 1108 1891 citato
1123 1829 1188 1890 loco
1203 1829 1310 1928 dispu-

94 1919 171 1971 tare.
215 1911 273 1972 Sed
294 1909 434 1972 obiicient
455 1911 503 1972 alii
526 1912 675 1986 ethnicos,
698 1913 773 1974 sicut
794 1913 939 1986 diximus,
968 1911 1130 1975 credidisse
1152 1913 1224 1976 haee
1244 1933 1311 1994 apsa

93 1993 251 2056 simulacra
272 2013 343 2056 suos
366 2013 434 2056 esse
456 1996 539 2058 deos.
583 1996 626 2056 Ad
648 1998 721 2059 haec
742 2016 827 2072 vero,
860 1997 992 2077 quamvis
1022 1997 1059 2060 de
1088 1998 1219 2077 utrisque
1249 2018 1310 2062 non

95 2079 202 2140 eodem
225 2099 341 2159 semper
362 2080 451 2142 modo
474 2081 676 2160 loquerentur,
699 2101 760 2144 non
782 2082 908 2144 minoris
930 2091 1029 2144 umen
1051 2083 1171 2144 roboris
1194 2083 1310 2146 uidetur

92 2164 251 2242 Augustini
279 2165 309 2224 in
338 2163 548 2228 Tertullianum
576 2167 801 2245 argumentatio.
845 2166 953 2231 Verum
986 2167 1086 2246 negari
1117 2185 1179 2229 non
1210 2175 1312 2247 potest

89 2249 181 2326 longe
203 2248 299 2310 maius
321 2268 390 2311 esse
413 2250 490 2312 illius
512 2252 646 2330 pondus,
680 2251 706 2312 si
726 2252 907 2330 Augustinus
929 2251 966 2312 ad
994 2270 1028 2314 ea
1049 2252 1215 2331 respexerit
1235 2270 1310 2332 quae

89 2334 203 2394 Auctor
231 2343 334 2395 noster
361 2334 497 2397 inlibris
519 2335 555 2397 ad
577 2335 718 2397 Nationes
745 2345 848 2398 contm
869 2335 1010 2400 Varronis
1037 2336 1074 2397 de
1096 2336 1232 2415 ipsismet
1252 2335 1309 2400 diis

90 2418 213 2480 selectis
234 2420 409 2481 sententiam
429 2420 526 2481 fusius
549 2419 708 2501 disputavit
735 2420 868 2496 (Tertull.
891 2420 940 2482 lib.
962 2419 999 2481 ll.
1022 2420 1058 2482 ad
1080 2421 1145 2482 Nat.
1168 2439 1231 2501 cap.
1253 2423 1309 2500 9.),
1412 2413 1416 2420 ’

89 2511 180 2582 atque
202 2504 238 2564 ad
260 2503 335 2565 haec
354 2504 541 2583 potissimum
557 2505 622 2566 eius
635 2505 738 2566 verba:
762 2505 797 2566 Si
818 2517 914 2568 certos
936 2505 1044 2566 ethnici
1066 2506 1139 2568 deos
1154 2506 1309 2578 bobeborot,

92 2593 230 2650 contenti
249 2607 314 2651 esse
336 2589 503 2653 debuerunt
530 2608 584 2651 uec
605 2590 714 2653 electos
737 2590 920 2652 desiderare.
965 2589 1002 2651 ln
1024 2609 1081 2672 guo
1103 2591 1310 2654 ettoocs'rrels'-

89 2677 171 2753 ptest
190 2672 466 2754 deprebeoduotur.
496 2673 533 2736 Sa·
553 2679 629 2736 eobo
652 2675 701 2745 dii,
723 2685 758 2736 act
780 2674 884 2746 uoltu,
906 2674 1084 2754 seliguntur,
1107 2678 1160 2755 poi
1177 2693 1240 2738 non
1260 2693 1310 2736 se-

90 2757 247 2838 ls'guutsrr,
282 2759 407 2837 reprobi
429 2761 677 2838 pronuntiantur
705 2758 831 2835 (ibid).
857 2756 1013 2820 Nonnullis
1041 2765 1138 2819 autem
1168 2758 1208 2820 ita
1237 2776 1308 2838 per·
1426 2800 1429 2809 ,

91 2861 215 2904 suasum
239 2841 293 2904 luit
314 2843 392 2904 hunc
413 2842 509 2904 locum
532 2842 568 2904 ab
589 2841 752 2920 Augustino
775 2842 881 2913 notari,
914 2850 947 2904 ut
968 2861 1035 2904 eum
1069 2843 1163 2904 secuti
1194 2843 1225 2903 in
1253 2843 1310 2905 hoc

91 2934 174 2988 textu
196 2945 250 3006 pro
273 2927 362 3004 verbo
385 2926 478 2988 vultis
501 2945 610 2988 nomen
632 2927 716 2990 bulbi
735 2926 873 2988 audacter
893 2926 1091 3006 reposuerint.

22 3022 28 3034 ¹
179 3010 288 3072 Contra
310 3018 407 3072 tamma
429 3011 550 3074 instabit
570 3011 674 3091 aliquis
696 3010 917 3085 Tertullianum,
940 3010 995 3073 etsi
1016 3011 1047 3072 in
1061 3010 1250 3090 Apologetico
1272 3011 1309 3073 de

93 3094 219 3156 deorum
242 3095 406 3157 simulacris
428 3093 566 3166 disserat,
590 3115 626 3157 ex
641 3095 698 3158 illis
714 3095 917 3169 nibilominus,
940 3114 1014 3174 quae
1029 3095 1137 3157 ethnici
1153 3095 1224 3157 deos
1240 3113 1309 3158 esse

93 3177 450 3258 opinabantur,'eandem
473 3180 559 3259 atque
582 3179 612 3241 in
633 3180 711 3242 libro
733 3180 769 3242 ad
791 3179 932 3242 Nationes
954 3179 992 3242 de
1015 3179 1071 3242 diis
1093 3180 1168 3259 ipsis
1190 3180 1308 3243 selectis

93 3263 172 3325 hanc
190 3263 324 3326 intulisse
346 3264 581 3326 conclusionem:
610 3264 715 3329 Status
738 3268 786 3329 dei
806 3267 946 3347 culosque
966 3268 1000 3327 a's
1021 3276 1144 3328 senatos
1167 3271 1309 3329 cestim
1398 3271 1402 3282 '

93 3353 177 3411 tiore
208 3351 366 3429 pendebat.
425 3349 506 3412 ileos
536 3369 598 3413 oon
632 3361 699 3412 erat
732 3369 818 3432 puers
849 3350 935 3413 boeto
969 3349 1124 3414 consultus
1161 3348 1310 3415 aoloe’sset
1410 3367 1413 3376 ·

92 3433 187 3506 (idem
209 3433 360 3514 Apologet.
384 3451 446 3513 cap.
472 3436 545 3512 13.)
588 3436 697 3497 Verum
726 3435 752 3496 is
775 3434 1006 3497 animadvertere
1033 3432 1121 3495 debet
1141 3434 1189 3496 lris
1211 3435 1309 3498 verbis

90 3536 153 3578 non
175 3518 310 3580 denotari
333 3520 406 3580 deos
428 3518 571 3592 selectos,
605 3519 657 3580 sed
679 3519 850 3600 quorumvis
878 3519 1002 3581 deorum
1029 3518 1200 3593 simulacra,
1234 3539 1310 3600 quae

91 3603 212 3678 ethnici,
237 3604 278 3665 uti
294 3603 342 3665 ille
358 3603 466 3666 ibidem
481 3604 597 3677 adiecit,
619 3622 674 3684 pro
688 3605 772 3666 libito
793 3605 958 3684 pignerare,
981 3604 1118 3676 vendere,
1141 3605 1308 3678 immutare,

89 3689 226 3767 frangere
254 3695 401 3767 poterant
443 3688 481 3749 At
508 3688 538 3749 id
566 3687 630 3750 sine
658 3689 775 3750 illorum
802 3688 913 3768 probro
942 3697 972 3749 et
998 3687 1142 3750 dedecore
1169 3687 1311 3768 nequibat

90 3771 156 3832 beri
193 3780 281 3852 atque
314 3782 382 3834 tunc
413 3773 539 3835 maxime
572 3771 689 3851 quando
722 3791 782 3834 uno
822 3773 981 3853 reprobato
1005 3772 1098 3833 aliud
1137 3771 1308 3850 eligebatur.
1360 3795 1363 3802 ·

91 3855 199 3918 Nonne
221 3857 309 3918 etiam
331 3857 386 3920 dici
408 3864 508 3936 potest
529 3857 692 3934 argumenti
714 3857 783 3918 inde
805 3856 1016 3920 axTertulliano
1039 3855 1118 3917 ducti
1139 3855 1198 3916 vim
1219 3855 1251 3916 in
1272 3873 1308 3916 eo

13 4001 14 4012 ,
92 3941 222 4019 positam
246 3959 321 4016 esse,
345 3943 433 4022 quod,
457 3941 624 4021 quicunque
647 3939 688 4002 dli
709 3941 869 4019 linguntur,
897 3941 917 4002 ii
939 3949 990 4004 aut
1010 3939 1230 4019 omnipotentes
1242 3955 1309 4001 esse

13 4019 14 4024 ’
94 4023 204 4086 debent
224 4034 275 4086 aut
295 4027 365 4088 nulli
388 4021 431 4088 dii
450 4034 529 4088 sunt.
558 4025 596 4086 At
614 4044 674 4087 non
699 4026 776 4087 inter
796 4025 897 4106 plures
913 4025 1141 4105 omnipotentes,
1165 4023 1217 4084 sed
1232 4023 1310 4086 bene

95 4107 214 4187 quidem
237 4109 313 4172 inter
334 4111 446 4174 tirones
469 4119 499 4172 et
519 4110 628 4173 milites
650 4129 727 4172 unus
749 4102 871 4172 validior
891 4111 992 4189 potius
1021 4127 1108 4189 quam
1134 4107 1207 4171 alter
1237 4117 1309 4188 pot·

94 4202 142 4255 est
163 4194 258 4274 seligi.

180 4279 317 4341 Ceterum
344 4280 370 4344 si
398 4288 459 4342 tota
485 4280 558 4341 haec
585 4279 797 4360 argumentatio
825 4279 940 4340 infirma
966 4277 1053 4358 plane
1079 4277 1132 4340 tibi
1163 4277 1308 4354 videatur,

92 4363 178 4428 adam
200 4364 239 4427 ab
260 4364 311 4426 illo
332 4365 441 4447 accipe,
464 4383 550 4445 quam
571 4364 766 4444 proculdubio
789 4363 910 4425 maioris
931 4353 1081 4443 ‘ponderis
1104 4381 1172 4426 esse
1192 4363 1306 4426 lotebe-

93 4448 145 4511 ris.
190 4449 329 4523 Constat,
363 4449 473 4530 inquit,
496 4449 594 4528 omnia
615 4449 767 4530 gentilium
788 4447 957 4522 simulacra,
986 4447 1032 4508 rel
1052 4448 1131 4528 quod
1152 4447 1229 4532 idern
1252 4456 1308 4522 est,

96 4549 198 4598 omnes
230 4535 350 4598 illorum
382 4535 455 4598 deos
487 4541 537 4595 aot
568 4534 747 4597 domesticos
779 4541 810 4594 et
840 4532 969 4612 privatos
1001 4540 1052 4594 aut
1078 4551 1251 4608 communes
1280 4539 1311 4594 et

93 4617 228 4695 publicos
249 4620 354 4684 luisse.
380 4619 475 4684 Primi
495 4627 592 4684 eutem
612 4618 690 4683 lares
712 4625 741 4682 et
760 4625 882 4700 penates
903 4615 1090 4695 vocabamur,
1112 4637 1189 4700 quos
1211 4635 1308 4682 unas-
