3020 5230
303 373 366 438 658
431 385 623 430 nrsssnmrro
639 386 677 428 ns
688 385 777 454 'rums
790 387 828 430 sr
844 385 903 429 mc.
919 385 1029 430 inacus
1043 385 1160 430 meson.
1177 387 1364 431 rmrnmum

853 539 883 613 s.
908 535 972 598 xn.

382 656 448 716 lam
477 673 571 715 norae
598 653 641 714 rei
668 651 743 714 alius
773 661 910 749 superest
937 651 1122 726 observatio,
1150 671 1222 730 quae
1247 672 1308 713 non
1329 657 1462 732 pamniam

303 741 340 804 ad
369 739 569 802 illustrandam
596 739 684 800 huius
707 737 888 816 suspicionis
911 736 1067 798 rationem.
1112 737 1168 797 lsta
1191 739 1270 798 enim
1292 737 1406 810 lrenaei,
1425 759 1462 818 que

304 834 374 888 sunt
395 823 507 884 nostris
529 823 560 884 in
582 821 736 892 manibus,
759 821 884 901 scripta,
904 821 936 882 si
958 829 1166 900 comparantur
1194 841 1261 881 cnm
1285 821 1330 883 bis
1350 823 1462 883 Tenus

303 909 415 982 nostri,
444 907 567 969 mirifice
595 907 783 968 conveniunt.
833 906 949 967 Scimus
978 913 1076 966 autem
1104 905 1316 967 Tertullianum
1342 908 1462 968 istumrs.

302 993 419 1056 illorum
447 993 589 1072 primum,
624 991 674 1070 qui
696 989 946 1052 lrenaeinomen
969 990 1094 1050 recitant
1115 991 1191 1049 inter
1213 991 1383 1070 scriptores3
1404 1011 1461 1066 nem-

303 1077 436 1139 omnium
468 1076 668 1137 doctrinarum
701 1074 938 1136 curiosissimum
975 1073 1189 1152 exploratorem
1222 1074 1337 1135 dicebat
1367 1075 1461 1136 lrenarn

303 1171 407 1224 noster
429 1160 626 1222 Tertullianus
650 1163 726 1239 lpag.
743 1161 815 1222 238.
835 1179 863 1220 n.
880 1159 957 1234 dl).
1003 1157 1036 1218 Si
1065 1177 1133 1218 vero
1157 1157 1204 1218 ille
1227 1159 1363 1220 lrenaeus
1382 1159 1460 1236 lugdu

304 1245 423 1325 scripsit
445 1245 518 1306 istos
541 1243 633 1306 libros
656 1244 797 1306 adversus
820 1242 970 1315 haereses,
994 1241 1143 1320 quomodo
1165 1241 1361 1304 Tertullianus
1380 1243 1462 1303 istciu

305 1339 437 1409 tempore
459 1330 515 1391 hos
537 1329 631 1389 libros
654 1328 748 1389 oculis
771 1336 800 1388 et
822 1327 957 1389 manibus
981 1327 1132 1406 usurpavit
1152 1325 1241 1388 suis?
1265 1329 1332 1400 ouo
1347 1329 1458 1388 antonin

204 1469 210 1480 .
304 1415 347 1475 sic
374 1413 443 1474 lecit
464 1413 678 1485 Tertullianus,
708 1421 738 1473 ut
766 1431 801 1473 ex
823 1431 928 1492 graeco
957 1410 1006 1470 illo
1030 1419 1110 1472 textu
1132 1410 1246 1472 lrenaei
1271 1412 1417 1490 sublegeret
1432 1431 1459 1468 su

305 1507 334 1560 et
361 1498 448 1559 latine
478 1505 640 1577 repeteret,
670 1515 744 1576 quae
771 1495 819 1557 ille
847 1495 975 1558 creditur
1007 1495 1163 1573 scripsisse
1191 1495 1322 1574 graece?
1365 1497 1458 1574 ltques

304 1582 439 1662 quidem,
469 1590 560 1643 utne
583 1579 775 1643 nominaverit
797 1581 915 1659 quidem
937 1580 1107 1652 Irenaeum,
1130 1597 1216 1658 quem
1241 1591 1339 1642 tannen
1359 1581 1459 1640 laticen-

304 1665 474 1729 scribcbat?
518 1667 648 1727 Viderint
675 1666 816 1738 lectores,
846 1665 916 1744 quid
943 1664 1128 1724 statuendum
1159 1673 1265 1742 putent
1288 1664 1324 1726 de
1345 1665 1452 1726 istarum

304 1751 393 1812 nobis
422 1759 501 1811 certe
533 1769 593 1810 non
622 1749 737 1810 videtur
763 1758 899 1829 monstro
928 1767 1039 1809 carere.
1090 1747 1230 1826 Eligimus
1257 1760 1355 1810 autem
1382 1750 1455 1808 istan

305 1853 391 1914 quarn
413 1835 537 1914 agimus,
560 1835 744 1896 documenta.

328 2037 490 2088 Tertullianus
508 2040 621 2088 aduersus
639 2037 754 2087 Valentia.
774 2053 827 2101 cap.
846 2038 870 2088 l.
940 2035 1054 2086 lrenacnr
1079 2043 1162 2084 contra
1183 2037 1305 2085 Haereses
1331 2037 1367 2086 lib.
1382 2036 1396 2084 l.
1413 2050 1436 2096 ru

586 2097 593 2114 ’
1108 2107 1130 2165 ρ’.
1149 2103 1173 2150 5.
1192 2105 1231 2152 ed.
1251 2103 1362 2154 Massuct

347 2203 408 2264 lllic
425 2205 511 2266 etiam
528 2205 795 2266 Valentinianorum
812 2204 890 2266 Deus
984 2205 1134 2284 Λέγουσι
1149 2197 1210 2305 χάρ
1230 2225 1308 2268 τινα
1323 2196 1396 2268 εἶναι
1407 2191 1448 2264 bl

306 2287 341 2349 ad
364 2305 494 2348 summas
520 2290 651 2365 tegulas·
672 2289 792 2361 habitat,
814 2289 893 2350 bunc
943 2281 1056 2369 ράτοις
1071 2286 1125 2349 καὶ
1140 2279 1457 2368 ακατσνομάστσιςὶι.·

306 2371 569 2433 substantialiterb
586 2373 704 2452 quidem
720 2369 826 2436 αἰῶνα
840 2374 892 2436 τέ·
942 2391 1041 2451 μασι,
1072 2369 1195 2434 τέλειον
1227 2369 1336 2436 αἰῶνα
1362 2367 1451 2452 nguine

306 2453 394 2520 λεισν
408 2456 568 2535 appelleon
581 2458 807 2557 personalitcr‘
823 2475 892 2518 vero
943 2455 1059 2518 τοῦτον
1087 2453 1122 2518 δὲ
1147 2455 1200 2518 καὶ
1220 2505 1228 2518 .
1247 2504 1254 2518 .
1273 2505 1281 2519 .
1300 2505 1307 2519 .
1331 2451 1449 2538 agoada

305 2535 473 2628 πρσάρχιχν
499 2549 529 2602 et
555 2563 613 2623 την
644 2533 772 2624 ἀρχὴν,
805 2541 892 2602 edam
943 2539 997 2628 καὶ
1017 2535 1128 2602 Βαθὺν
1149 2538 1310 2604 καλοῦσιν
1332 2531 1456 2620 miae

306 2624 440 2704 Bythios,
462 2626 541 2703 quod
563 2625 592 2686 iu
615 2626 791 2686 sublimibus
806 2625 892 2686 habi·
942 2643 1043 2703 χονσα
1059 2615 1090 2686 d'
1102 2615 1200 2686 aiudv
1218 2617 1382 2708 ἆχώρριον
1396 2623 1457 2684 καὶο-

307 2711 396 2771 tanti·
425 2709 546 2770 minime
575 2710 763 2787 congruebat.
804 2709 893 2769 luna·
944 2728 1060 2814 ρατσν,
1083 2698 1192 2772 ἀΐδιόν
1213 2732 1250 2772 τε
1271 2711 1328 2773 καὶ
1348 2703 1443 2792 dybur

306 2793 394 2865 tum‘,
414 2794 771 2864 immensuminlmitum,
788 2793 893 2854 invisi·
946 2815 979 2856 εν
1000 2785 1095 2876 ἡσυχί
1137 2793 1190 2856 καὶ
1214 2785 1337 2878 ἠρεμίᾳ
1356 2791 1457 2872 solipr

304 2877 412 2951 bilem,
441 2886 652 2956 aeternumque
677 2878 820 2938 deliniunt
840 2886 894 2938 etc.
945 2880 1076 2958 γονέναι
1095 2815 1129 2939 iv
1150 2869 1308 2960 ἀπείροις
1334 2875 1413 2941 alcior
1427 2895 1457 2951 p·

305 2963 355 3024 Sic
368 2961 465 3041 itaque
476 2961 586 3040 Bythos
601 2962 657 3023 iste
669 2963 797 3042 infinitis
809 2974 894 3026 retro
946 2984 1019 3024 νων.
1065 2957 1288 3042 συνυπάρχειν
1314 2955 1345 3026 δ’
1362 2954 1425 3041 uini
1439 2981 1456 3014 e

305 3051 396 3117 oecis,
413 3046 443 3106 in
455 3045 579 3106 maxima
591 3055 621 3108 et
632 3046 776 3108 altissima
787 3051 893 3126 porteto,
942 3037 1094 3122 Ἐννοίαν,
1111 3041 1149 3144 ἣν
1165 3041 1204 3128 δὴ
1220 3047 1277 3112 καὶ
1291 3043 1389 3126 Χάριν
1397 3042 1457 3106 ιαὶῖΔ

306 3131 335 3214 in
362 3135 426 3191 ocio
449 3129 591 3210 plurimo,
621 3131 767 3209 placidae,
789 3138 846 3190 etc.
865 3141 896 3193 et
943 3125 1002 3212 χὴν
1025 3121 1232 3210 ὀνομαζουσι.
1264 3133 1320 3196 καὶ
1336 3127 1451 3210 irrepti-

303 3223 405 3275 tamen
426 3233 511 3293 quem
524 3215 622 3277 solum
636 3217 758 3287 colunt,
782 3215 852 3275 dant
867 3215 893 3276 ei
944 3235 1029 3278 ποτε
1058 3205 1120 3298 ἀφ’
1149 3211 1270 3278 ἑαυτοῦ
1298 3213 1451 3300 apotolica

305 3298 475 3367 secundom,
490 3298 597 3377 inipso
613 3309 718 3361 etcum
731 3299 893 3380 ipsoper-
944 3294 1001 3361 τὸν
1030 3294 1146 3362 Βαθὺν
1180 3300 1303 3364 τοῦτον
1339 3293 1417 3382 ἀρχὴν
1435 3315 1447 3352 u

306 3394 440 3453 secuml,
456 3381 718 3461 Ennoeam,.quam
734 3393 764 3444 et
781 3385 894 3446 Charin
944 3379 1087 3447 πάντων.
1127 3383 1180 3446 καὶ
1210 3381 1368 3485 καθάπερ
1392 3382 1450 3454 call*

306 3471 337 3524 et
351 3463 442 3543 Sigen
453 3465 575 3544 insuper
587 3467 750 3528 nominant.
772 3467 808 3528 Et
818 3469 893 3530 lorte
944 3463 1002 3550 τὴν
1017 3464 1184 3552 προβολὴν
1199 3465 1324 3554 ταύτην
1339 3467 1383 3552 (ἣν
1395 3465 1462 3544 spol·¹

305 3547 447 3610 accedunt
472 3549 502 3609 in
531 3550 579 3610 illa
605 3551 893 3614 commendatissima
945 3548 1068 3615 λέσθαι
1083 3548 1255 3637 ἔνενσήθοχ)
1281 3553 1335 3618 καὶ
1350 3545 1462 3632 rcdiobl

305 3636 409 3714 χαίρει,
431 3631 551 3695 movere
575 3652 641 3694 eum
663 3635 700 3695 de
715 3637 893 3714 proterendo
946 3627 991 3710 ὡς
1012 3631 1045 3698 ἐν
1065 3632 1186 3720 μήτρᾳ,
1215 3638 1257 3721 τῆ
1281 3633 1462 3720 συνοπαρχοζῗ

259 3732 262 3740 ·
305 3717 422 3778 tandem
449 3721 535 3779 initio
562 3735 660 3779 rerum
686 3725 893 3800 oremeta'pro.
946 3715 1051 3802 ἑαυτῷ
1067 3721 1156 3804 Σιγῇ.
1179 3702 1303 3806 rodano
1320 3714 1455 3786 rebbla·

303 3799 369 3861 lloc
394 3801 476 3862 uice¹¹
501 3805 620 3863 caninis
644 3803 675 3864 in
702 3803 786 3881 Siges
822 3822 896 3866 suae
944 3806 1043 3888 μένην
1054 3801 1093 3867 τὸ
1105 3808 1238 3888 σπέρμα
1249 3808 1358 3882 τοῦτο,
1369 3803 1410 3866 καὶ
1420 3797 1455 3874 {71¹

303 3884 384 3946 velut
411 3885 442 3946 in
470 3884 646 3962 genitalibus
677 3888 778 3948 vulvae
806 3887 896 3948 locisi
943 3907 1029 3968 μονα
1043 3892 1216 3973 γενομένην
1230 3878 1450 3976 ἀποκυήσασα

306 3969 444 4031 collocat.
485 3968 613 4047 Suscipit
639 3971 686 4032 illa
716 3972 833 4044 statim,
864 3979 893 4032 et

303 4068 468 4132 praegnans
484 4053 619 4126 allicitur,
641 4063 669 4115 et
683 4055 770 4133 parit,
793 4055 893 4134 utique

298 4242 303 4252 ⁴
340 4266 361 4301 ι.
380 4253 466 4303 Pamin
486 4256 724 4306 commode'iocatar
741 4257 764 4306 ia
783 4257 892 4306 reseris.
944 4257 1021 4307 simos
1047 4247 1165 4319 ὕψιστος
1188 4259 1234 4308 dici
1264 4267 1366 4324 poterat,
1389 4247 1454 4309 etii*

159 4341 163 4346 -
270 4362 275 4368 ,
339 4315 362 4365 b.
382 4311 530 4373 οὒσισὶδοις.
943 4326 1104 4388 profunditas.

339 4399 359 4434 c.
377 4375 583 4446 inauratorum
601 4390 764 4440 Tertullianus
783 4389 840 4440 dicit
849 4405 891 4442 ex·
977 4393 993 4441 l.
1013 4384 1169 4456 ἀγέννητον.
1192 4393 1240 4442 alio
1259 4395 1346 4444 ordine
1362 4393 1400 4439 bic.
1434 4439 1453 4451 ,.

309 4449 429 4514 plicatius,
449 4465 534 4518 nempe
553 4459 605 4520 ipse
622 4458 659 4506 eui
678 4459 804 4522 interpres.
826 4513 829 4520 ι
976 4473 998 4520 g.
1013 4452 1444 4526 Estexplicatiorodouvtmdglw‘s'

243 4573 252 4586 .
343 4519 365 4566 d.
384 4519 462 4568 detine
481 4519 889 4586 igiturintelligebantbocnomen.
974 4527 998 4574 b.
1016 4525 1142 4592 καθαπερ
1161 4523 1279 4595 σπέρμα.

339 4599 360 4634 e.
380 4585 462 4650 laeptc
481 4587 580 4638 locator.
611 4589 702 4640 Eodem
721 4593 800 4641 omine
819 4591 888 4663 ultis·
975 4593 991 4642 i.
1007 4585 1109 4659 μήτρα.
