3196 5250
264 357 329 432 4'28
365 383 557 428 nrssenrtruo
573 384 604 426 nc
619 383 667 435 cn.
683 383 768 428 exer.
783 383 869 427 reon.
884 383 1079 428 rmruetttnx
1092 383 1320 428 trocoasrrcox
1334 383 1420 428 eurr.

206 565 210 574 ⁴
268 545 406 616 unquam
433 541 628 614 praepostere
656 533 752 598 addita
779 533 810 595 in
838 553 893 596 sua
915 533 1045 596 editione
1071 542 1175 597 centn
1196 533 1329 596 codimm
1351 535 1484 598 emnium

268 621 331 682 sive
363 621 510 682 editorum
541 619 604 680 sive
636 619 905 698 manuscriptorum
933 619 1021 680 tidem
1048 618 1167 700 penitus
1195 619 1325 682 abstulit
1376 619 1484 682 Verum

267 704 353 784 quid,
387 703 491 765 amabo
520 711 564 775 te,
598 703 749 783 prohibuit
775 704 934 782 quominus
957 703 1156 766 Tertullianus
1174 705 1325 768 'aduersus
1346 704 1482 768 ethninos

267 789 444 868 disputando
467 787 569 850 eadem
591 787 680 850 rerba
708 787 815 868 quibam
842 788 941 850 thesin
963 805 1046 850 suam
1068 788 1226 868 proposuit
1246 797 1317 868 post
1330 789 1482 852 allatasad

267 893 331 936 eam
353 872 534 953 probandam
555 872 686 936 ratioms
708 873 816 934 iterum
837 871 1009 953 repeteret?

349 959 388 1020 tt
407 958 495 1031 haec,
528 955 643 1036 inquiet
663 957 787 1037 aliquis,
820 958 893 1018 mati
914 975 976 1019 non
999 967 1069 1019 sunt
1089 957 1248 1030 momenti,
1281 958 1381 1038 quami
1404 959 1483 1019 scire

266 1045 391 1106 interest
412 1043 489 1106 uttde
510 1041 559 1103 ille
581 1041 726 1104 conticere
747 1042 878 1122 potuerit
899 1042 972 1103 deos
995 1041 1157 1121 gentilium,
1179 1042 1286 1122 siquis
1302 1043 1333 1104 in
1348 1042 1393 1103 eis
1409 1045 1482 1120 grati

154 1143 159 1158 “
266 1136 298 1191 et
317 1128 402 1208 aequi
423 1127 513 1188 animi
536 1145 643 1188 sensus
664 1126 785 1202 luisset,
820 1125 961 1188 debuisse
982 1125 1048 1188 illos
1070 1125 1101 1188 in
1123 1125 1248 1206 publicis
1271 1127 1483 1190 calamitatibus

265 1230 458 1274 secerneres
480 1210 663 1273 Christianis.
705 1212 766 1273 Sed
788 1210 818 1271 id
840 1211 908 1272 inde
929 1210 965 1272 ab
987 1228 1023 1272 eo
1045 1219 1125 1272 recte
1146 1211 1301 1290 colligitur,
1324 1211 1392 1292 quia
1415 1212 1482 1273 eth-

201 1353 205 1362 .
264 1297 340 1358 nicis
363 1296 441 1358 nulla
462 1296 548 1376 plane
570 1304 649 1357 certa
670 1295 746 1358 ratio
769 1295 952 1375 suppetebat,
975 1315 1030 1376 qua
1054 1313 1173 1375 sperare
1194 1303 1321 1378 possent
1341 1297 1417 1370 lore,
1439 1305 1481 1365 nt

265 1391 422 1463 postquam
450 1400 485 1442 ex
512 1381 568 1441 hac
594 1379 652 1441 uita
680 1380 893 1452 excessissent,
928 1388 1059 1442 aetenam
1086 1399 1102 1441 a
1130 1379 1188 1441 diis
1217 1380 1298 1451 suis,
1332 1381 1382 1460 qui
1411 1381 1483 1444 nulli

266 1475 365 1538 mant,
398 1466 565 1546 acciperent
585 1465 726 1527 virtutum
754 1483 875 1526 suanum
897 1465 1072 1526 mercedem.
1117 1464 1276 1526 Christiani
1297 1483 1368 1526 uero
1390 1465 1481 1538 illam,

266 1560 301 1614 ut
327 1551 472 1624 diximus,
507 1549 543 1611 ab
571 1550 772 1630 omnipotente
800 1549 862 1610 lieo
892 1568 948 1610 suc
975 1549 1139 1612 certissime
1167 1549 1367 1629 expectabant.
1417 1549 1483 1612 Non

265 1636 412 1698 debebant
433 1635 521 1714 igitur
542 1635 649 1697 ethnici
671 1635 728 1694 hos
751 1634 825 1695 deos
847 1634 953 1706 colere,
977 1634 1003 1695 si
1025 1651 1201 1713 persuasum
1223 1634 1370 1696 habebant
1390 1653 1424 1696 se
1445 1636 1481 1696 ab

264 1721 323 1783 illis
351 1721 389 1781 oh
412 1720 596 1782 Christianos
621 1719 747 1799 publicis
776 1718 986 1780 calamitatibus
1012 1718 1136 1804 vexari„
1164 1718 1197 1780 Si
1219 1719 1297 1780 enim
1319 1719 1482 1782 arboribus

263 1807 339 1877 sois,
361 1805 411 1885 qui
434 1805 558 1866 alierum
581 1823 669 1866 causa
690 1803 822 1884 publicas
844 1803 1023 1865 calamitates
1043 1803 1074 1864 in
1096 1803 1150 1864 hac
1170 1803 1229 1866 rita
1249 1803 1383 1884 perpessi
1400 1813 1481 1876 sunt,

254 1889 338 1970 ,uiuit
364 1897 586 1969 postmortem
614 1890 748 1949 conferre
775 1888 908 1967 possint,
941 1887 1047 1966 ingrati
1074 1906 1200 1967 prorsus
1228 1897 1260 1950 et
1279 1888 1379 1950 iniusti
1402 1899 1481 1962 sunt,

264 1984 316 2038 aut
336 1983 415 2036 certe
436 1973 544 2036 infirmi
566 1993 600 2035 ac
619 1973 746 2053 preinde
767 1971 925 2034 divinitatis
946 1990 1071 2051 prorsus
1093 1981 1240 2052 expertes,
1283 1973 1482 2036 'lenullianus

131 2119 137 2130 ,
264 2059 362 2139 itaque
383 2067 463 2120 recte
484 2058 632 2120 concludit
653 2058 759 2118 horum
780 2057 904 2118 deorum
925 2056 1070 2128 cultores,
1103 2057 1224 2119 minime
1245 2077 1314 2119 vero
1337 2057 1481 2120 Christia-

264 2163 331 2216 nos,
353 2143 534 2223 publicarum
557 2143 752 2205 calamitatum
774 2160 843 2202 csse
863 2150 1011 2203 sumeres.
1054 2141 1152 2204 Palam
1174 2161 1244 2203 rere
1266 2161 1321 2204 nos
1343 2141 1414 2204 alibi
1434 2145 1480 2204 le-

264 2227 359 2290 cimus
380 2229 514 2298 (Dissert.
537 2228 569 2288 in
589 2227 700 2289 mab.
721 2245 785 2306 cap.
809 2229 838 2290 6.
860 2224 921 2287 hrt.
944 2230 964 2288 4
987 2234 1017 2286 et
1037 2231 1132 2305 seqq.)
1154 2226 1303 2305 quomode
1325 2227 1399 2289 baec
1420 2229 1480 2290 cai·

262 2312 384 2374 minatio
407 2321 466 2374 hm
488 2331 586 2391 saepe,
609 2329 695 2392 quam
717 2310 830 2372 insulse
852 2309 889 2371 ab
906 2309 1035 2371 ethnicis
1050 2311 1185 2389 repetita,
1208 2311 1244 2373 ab
1258 2311 1389 2372 Arnobio
1406 2331 1480 2374 con·

264 2399 354 2460 inlata
381 2391 483 2470 luerit,
515 2416 551 2458 ac
577 2395 726 2476 quemodo
754 2394 899 2456 llinucius
921 2394 1002 2455 Felix
1029 2403 1060 2454 et
1080 2395 1247 2458 Lactantius
1274 2396 1480 2458 demonstrent

197 2525 202 2540 .
264 2482 409 2544 imbecilla
435 2482 520 2561 plane
548 2489 579 2542 et
605 2481 697 2542 iutilia
726 2498 794 2541 esse
824 2479 941 2540 illorum
970 2489 1155 2558 mgumenta,
1188 2480 1237 2560 qui
1259 2480 1329 2542 inde
1351 2481 1481 2542 divinam

262 2567 477 2646 prouidentiam
499 2566 683 2628 hahelactare
705 2564 802 2626 eonati
823 2571 894 2624 eunt
915 2563 1051 2635 (Dissert.
1068 2563 1098 2624 in
1119 2565 1227 2626 llinuc
1243 2584 1307 2645 cap.
1324 2567 1355 2629 6.
1369 2567 1431 2627 hrt.
1448 2569 1479 2630 3.

263 2660 295 2714 et
316 2651 346 2712 in
367 2651 499 2713 bactant„
522 2670 584 2730 cap.
604 2655 652 2713 ll.
668 2651 731 2710 hrt.
746 2651 799 2724 3.).
819 2669 823 2687 ’
844 2649 902 2710 Sed
925 2648 982 2708 iam
1004 2648 1041 2710 ad
1062 2648 1197 2710 nltimam
1219 2651 1381 2712 eorundem
1404 2669 1479 2730 gen—

264 2737 358 2799 tilium
385 2745 487 2798 cenea
508 2735 683 2798 christianae
705 2733 857 2812 religionis
884 2733 1036 2794 amntem
1063 2743 1267 2814 argumentum
1293 2735 1477 2798 accedamus.

752 2969 872 3032 ChPU'l'
894 2967 994 3032 xxti.

263 3093 339 3152 oram
358 3092 462 3142 absurde
479 3091 567 3140 ethuici
586 3081 796 3154 conquerebantur
813 3089 961 3139 christianos
980 3087 1127 3152 reipublicae
1144 3101 1200 3138 ease
1222 3089 1319 3139 iaahles
1344 3099 1416 3154 atque
1439 3089 1480 3140 id-

653 3207 656 3214 ,
730 3159 794 3208 cirac
811 3156 1013 3208 exterminandos.

770 3375 936 3427 nnrtcutus
955 3375 972 3426 l.

264 3479 378 3532 Quomodo
388 3478 536 3522 Tertullianus
553 3479 679 3533 probauerit
695 3478 831 3523 Christianos
849 3491 893 3522 noo
912 3479 980 3523 luisse
998 3479 1156 3530 brachmanas,
1175 3491 1218 3522 nec
1234 3479 1339 3524 ludorum
1355 3491 1478 3536 nmooac-

503 3543 596 3602 pbistas,
615 3558 657 3589 nec
675 3545 794 3598 silvicolas,
813 3545 853 3590 aad
870 3545 1006 3603 reipublicae
1025 3547 1142 3604 plurimum
1160 3545 1233 3590 utiles.

346 3661 463 3724 Ethnici
491 3662 603 3724 ntdlum
625 3679 685 3724 non
712 3669 864 3724 mouentes
892 3661 923 3722 in
944 3662 1126 3724 Christianos
1153 3661 1280 3741 lapidem
1300 3661 1397 3723 adhuc
1417 3661 1477 3724 ob·

261 3747 408 3812 iactabant
433 3747 502 3808 illos
531 3747 708 3826 reipublicae
735 3764 861 3825 prorsus
890 3765 957 3808 esse
984 3747 1103 3808 inutiles
1131 3765 1227 3826 eoque
1253 3746 1319 3808 acle
1353 3747 1477 3808 nemine

261 3834 380 3913 pertitam
403 3832 651 3894 exterminandos.
695 3831 754 3892 Sed
776 3832 817 3902 hi,
845 3831 940 3910 inquit
961 3831 1170 3905 Tertullianus,
1191 3851 1284 3913 nequa
1306 3831 1477 3892 Brocho-

261 3937 319 3981 aaa
349 3929 404 3980 oet
437 3918 583 3979 latonas
608 3916 883 3997 monopteroe,
916 3915 1070 3978 situnne
1103 3927 1132 3978 et
1160 3915 1265 3978 mles
1293 3920 1373 3978 cim
1400 3927 1477 3978 aaut

260 4003 443 4072 (Terttdlian.
466 4001 618 4081 Apologet.
639 4019 703 4080 cap.
725 4004 801 4078 db).
845 4000 903 4062 Sed
925 3999 1054 4078 quinam,
1076 3999 1188 4079 inquiet
1209 4001 1336 4062 sortasse
1357 4000 1476 4080 aliquis,

260 4095 346 4148 aaut
366 4087 407 4149 illi
422 4087 619 4150 brachmanae
640 4093 672 4147 et
692 4083 976 4165 gymnosophistae?
1001 4084 1150 4182 Numquid
1171 4083 1270 4158 iidem,
1294 4093 1344 4147 aut
1365 4083 1478 4182 diremi

259 4189 478 4316 :totth
499 4169 894 4330 tuttllhtbil
905 4168 1315 4333 alithium
1332 4169 1477 4334 33²¹?ss

204 4397 214 4414 ,
261 4346 293 4399 et
314 4337 364 4398 lib.
387 4339 433 4399 l'l.
461 4359 524 4419 cap.
546 4347 576 4405 4.
605 4359 670 4421 pag.
693 4343 780 4416 265.)
807 4347 977 4401 asseverant
1002 4338 1199 4400 Brachmanae
1229 4337 1330 4400 lndiae
1361 4339 1477 4401 incolas

260 4423 354 4484 luisse
384 4441 511 4502 eosque,
544 4425 588 4487 uti
616 4425 684 4486 alibi
713 4424 800 4496 dixit,
832 4419 971 4506 γυμνούς
992 4424 1113 4496 (nudos)
1140 4441 1195 4485 seu
1215 4423 1477 4504 gymnosophistas

260 4507 366 4568 callem
387 4505 550 4570 habitantes
572 4529 675 4588 parum
696 4529 713 4571 a
734 4509 791 4571 Nih
813 4509 886 4588 ripis
908 4508 1076 4570 manem.
1105 4507 1149 4570 hh
1170 4507 1350 4587 Hieronymo
1372 4517 1478 4570 antem

259 4591 367 4654 aborbi
388 4591 537 4654 ludomm
556 4595 762 4656 Brachmanae
781 4603 813 4655 et
832 4595 1046 4675 Aegyptiacae
1065 4592 1326 4673 metaplasmo
1347 4592 1477 4666 (iliaru-
