3020 5230
432 395 568 440 eucroaa
589 396 632 442 ιο.
655 355 726 438 sius
740 393 866 440 emsa.
1194 381 1259 448 etto

189 545 287 596 Tertull.
307 546 358 598 adr.
376 545 467 596 Valent.
531 545 538 558 '
823 544 887 596 iren.
904 551 988 596 eoum
1006 545 1106 598 naues.

29 629 165 702 silentio,
182 629 268 708 sige,
292 633 541 712 (argument,
557 629 623 692 Nate

33 719 93 789 est)
110 713 296 776 Simillimum
312 715 389 794 patri
411 723 440 776 et
456 733 555 793 parem
570 733 625 794 per
676 703 793 792 ὃμσῖόν
814 733 865 790 τα,
891 711 946 776 καὶ
969 703 1042 776 ἶσον
1062 713 1112 796 τῷι
1129 719 1259 798 προβα-

32 797 146 858 omnia.
196 798 329 878 [lenique
350 799 431 860 solus
456 799 506 859 hic
520 818 626 878 capere
676 791 776 872 λόντι,
793 795 847 860 καὶ
861 792 964 878 μόνον
972 797 1141 880 χωροῦντα
1151 795 1190 861 τὸ
1201 803 1258 879 μέ·

31 882 145 942 sullicit
171 883 345 944 immensam
368 883 445 944 illam
463 891 494 944 et
507 883 625 944 incom-
675 883 777 962 νεθος
797 881 856 944 τοῦ
878 877 1015 963 πατρὸς.
1044 878 1102 946 τὸν
1118 880 1153 945 dt
1168 883 1260 948 Νοῦν

30 965 266 1046 prehensibilem
278 967 508 1046 magnitudinem
523 968 627 1048 patris.
677 964 796 1028 τοῦτον
823 965 877 1030 καὶ
906 967 1081 1052 Μονονονῆ
1112 965 1259 1044 καλοῦσι,

32 1051 78 1111 Ιῑα
94 1059 143 1112 est
157 1051 222 1130 ipse
237 1061 321 1130 pater
336 1051 450 1124 dicitur,
467 1062 495 1114 et
510 1053 626 1114 initium
676 1049 730 1113 καὶ
751 1053 880 1132 πατέρα
901 1051 955 1114 καὶ
978 1042 1078 1134 ἀρχὴν
1091 1053 1158 1115 τῶν
1172 1049 1259 1116 πάν-

32 1136 169 1196 omnium
192 1143 222 1195 et
235 1137 355 1214 proprie
370 1136 553 1216 Monogenes
569 1145 625 1199 etc.
675 1155 751 1196 των.
783 1132 1105 1282 συμπροβεβλῆσθαι
1120 1133 1155 1199 δὲ
1171 1129 1260 1220 αὐτῷ

31 1219 109 1278 Nam
131 1238 197 1280 cum
216 1220 265 1279 illo
285 1220 435 1298 processit
456 1229 486 1281 et
506 1221 623 1294 lemine,
673 1209 864 1302 Ἀλήθειαν·
875 1219 956 1284 καλε
971 1242 1026 1283 ναι
1035 1216 1156 1304 ταύτην
1167 1222 1261 1303 πρῶ-

33 1303 105 1363 ruil
120 1303 228 1364 veritas
244 1303 436 1382 Monogenes,
458 1305 524 1384 quia
543 1306 626 1384 prior
675 1323 734 1366 τον
753 1302 806 1366 καλ
829 1295 1002 1405 ἀρχέγονον
1023 1302 1260 1389 Πυθαγορικὴν

34 1387 165 1466 genitus,
187 1396 294 1468 quanto
316 1391 527 1467 congruentius
546 1390 623 1450 Pro·
674 1383 858 1472 τετρακτὺν,
874 1383 913 1474 ἠν
923 1387 977 1454 καλ
993 1385 1086 1472 ῥίζαν
1096 1389 1162 1454 τῶν
1174 1385 1261 1453 παν-

33 1480 162 1550 togenes
183 1471 360 1534 vocaretur?
395 1473 472 1552 Ergo
492 1473 625 1552 Bythios,
675 1493 741 1536 των
767 1469 932 1538 καλοῦσιν.
964 1469 1119 1556 ἔστιγὰρ
1145 1469 1262 1550 Βοθὸς

34 1569 67 1615 et
83 1555 161 1634 Sige,
178 1555 250 1628 Nus,
268 1567 296 1617 et
312 1549 429 1631 veritas',
446 1557 625 1640 primaque·
676 1556 730 1620 καλ
745 1551 836 1640 Σιγὴ,
859 1553 976 1622 ἔπειτα
991 1557 1082 1634 Νοῦς
1095 1555 1150 1622 καὶ
1162 1549 1262 1642 Ἀλή-

35 1641 145 1718 dripo¹
181 1641 367 1714 defenditur,
408 1643 626 1704 Valentinianae
676 1643 767 1704 θεια.
798 1637 1002 1724 αἰσθόμενόν
1022 1664 1058 1706 τε
1072 1637 1129 1706 τὸν
1143 1645 1262 1706 Μονο-

36 1724 191 1798 lectionis,
217 1725 321 1786 matrix
345 1734 373 1786 et
395 1727 478 1806 origo
501 1734 624 1788 cuncto·
677 1725 752 1810 ρενῆ
774 1725 891 1790 τοῦτον
913 1717 970 1813 ἐφ’
989 1719 1040 1802 οἷς
1054 1723 1259 1812 προεβλήθη,

34 1827 114 1868 rum.
147 1809 279 1888 Namque
300 1809 434 1871 ibidem¹n
456 1811 517 1874 Nus
539 1811 627 1874 simul
679 1808 861 1912 προβαλεῖν
875 1809 929 1874 καὶ
945 1802 1045 1875 αὐτὸν
1059 1807 1185 1892 Λόγον,
1206 1809 1262 1874 καλ

35 1891 151 1971 accepit
174 1893 349 1971 prolationis
371 1914 442 1956 suae
462 1897 628 1956 officium2:
678 1899 784 1996 Ζωνρν,
800 1897 930 1978 πατέρα
944 1891 1088 1959 πάντων.
1104 1895 1170 1958 τῶν
1184 1887 1259 1974 μετ’

37 1977 147 2038 emittit
177 1978 291 2058 etipse
313 1997 348 2039 ex
370 1981 532 2059 semetipso
559 1999 628 2042 eer—
679 1971 779 2042 αὐτον
803 1975 982 2060 ἐσομένων,
1010 1980 1064 2042 καὶ
1086 1971 1185 2124 ἀρχὴν
1207 1977 1262 2042 καὶ

37 2081 155 2122 monem
177 2069 206 2122 et
227 2067 320 2124 uitem
341 2072 396 2124 etc.
438 2063 495 2126 Sed
511 2065 628 2125 ethaeo
677 2059 853 2148 μόρφωσιν
869 2060 995 2139 παντὸς
1009 2064 1112 2126 τοῦΠ
1130 2059 1263 2146 ηρώμα-
1300 2113 1303 2132 .

37 2145 171 2219 soboles,
188 2147 224 2212 ad
240 2147 354 2208 initium
376 2148 578 2210 universitatis
598 2156 628 2209 et
677 2167 743 2224 τος.
775 2143 810 2212 έν
835 2143 875 2234 δὴ
898 2148 956 2212 τοῦ
982 2143 1100 2229 Λόγου
1126 2147 1180 2212 καὶ
1205 2147 1263 2229 τῆς

37 2231 156 2292 formati
185 2231 359 2292 Pleromatis
390 2233 479 2294 totius
504 2223 626 2306 emissa,
676 2232 774 2316 Ζοιῆς
795 2231 1050 2316 προβεβλῆσθαι
1070 2227 1152 2294 κατὰ
1167 2227 1228 2308 συζ
1247 2265 1264 2278 ·

1 2363 2 2368 ,
38 2315 107 2376 lacit
133 2316 274 2390 fructum,
301 2317 453 2378 hominem
474 2326 503 2378 et
523 2317 627 2379 Eccle-
678 2320 752 2399 νέαν
772 2311 978 2402 ’Ἀνθρωπον
999 2307 1262 2400 καίἘκκλησίαν.
1383 2357 1386 2366 ·

38 2399 113 2460 siam
142 2410 294 2478 procreat,
324 2401 415 2463 hebes
446 2401 629 2480 Ogdoadem,
679 2399 732 2465 καὶ
755 2393 841 2466 εἶναι
860 2397 981 2488 ταύτην
1003 2393 1176 2500 ἀρχέγονον
1191 2391 1227 2464 '0
1248 2435 1264 2446 ·
1375 2415 1381 2430 “

1 2538 2 2567 ἒ
39 2482 181 2544 tetradem
194 2484 349 2564 duplicem,
363 2485 626 2548 exconiunctioni·
680 2481 786 2550 doddo
806 2483 898 2568 ρέζαν
920 2477 1182 2550 καλ’ὖποστασιν
1197 2481 1264 2546 τῶν

39 2568 97 2628 bus
139 2568 337 2632 masculorum
378 2577 407 2632 et
441 2571 627 2644 seminarum,
676 2567 823 2648 πάντων,
839 2569 906 2634 κτλ.

38 2653 138 2725 cellas,
156 2662 188 2714 ut
202 2653 242 2714 ita
256 2653 380 2716 dixerim
395 2653 629 2734 primordialium

38 2739 182 2810 Aeonum,
199 2746 253 2798 eto.

283 2873 342 2936 Cap.
361 2871 384 2921 8.
940 2867 965 2934 5.
984 2868 1008 2918 ².

84 2971 158 3032 Ecce
173 2971 250 3032 enim
267 2968 394 3032 secunda
411 2970 628 3044 tetras,Sermo
725 2966 871 3046 Τούτους
897 2965 934 3030 δὲ
958 2963 1037 3046 τοὺς
1056 2961 1196 3041 Αέῶνας
1218 2961 1264 3042 εἰς

41 3065 70 3114 ot
84 3055 157 3128 Vita,
179 3055 276 3115 Homo
300 3063 329 3115 et
343 3054 483 3126 Ecclesia,
505 3055 582 3133 quod
599 3054 630 3115 in
682 3051 780 3132 δόξαν
805 3055 864 3118 τοῦ
890 3047 1018 3134 πατρὸς
1039 3045 1280 3156 προβεβλημέ-Ι

1 3147 4 3173 ’»
41 3140 134 3218 pratris
165 3139 286 3218 gloriam
316 3139 532 3209 lructicasset⁰,
562 3137 631 3200 huic
682 3160 757 3216 νοος
766 3137 991 3286 βουληθέντας
1006 3134 1059 3198 καὶ
1075 3130 1195 3210 αοτοὺς
1209 3131 1267 3198 διὰ

41 3243 170 3284 numero
182 3223 343 3304 gestientes
370 3227 475 3305 clipei
488 3222 544 3284 tale
560 3221 630 3302 quid
681 3223 743 3288 τοῦ
780 3222 851 3286 dtov
878 3217 1017 3298 δοξάσαι
1042 3215 1100 3282 τὸν
1125 3220 1264 3303 πατέρα,

1 3319 2 3322 ’
41 3309 117 3386 patri
134 3309 170 3370 de
185 3327 240 3369 suo
257 3309 376 3380 ollerre,
398 3307 473 3368 alios
489 3305 633 3370 ebulliunt
681 3305 863 3392 προβαλεῖν
885 3300 1055 3388 προβολὰς
1071 3299 1105 3368 έν
1121 3299 1264 3388 συζυγίᾳ.

43 3395 137 3453 loetus
157 3391 284 3472 proinde
303 3392 483 3471 coniugales,
508 3409 562 3472 per
577 3409 630 3452 co·
681 3388 738 3456 τὸν
765 3391 825 3473 μὲν
848 3385 971 3476 1Λόγον
999 3387 1053 3451 καλ
1082 3383 1141 3472 τὴν
1169 3383 1266 3472 Ζωὴν

1 3500 5 3509 ·
43 3476 141 3556 polam
161 3477 315 3556 utriusque
337 3485 469 3538 naturae.
505 3478 546 3537 Αο
561 3495 627 3538 ser·
680 3473 764 3557 perd
787 3472 826 3539 τὸ
851 3473 1088 3558 προβαλέσθαι
1114 3467 1267 3536 τὸνἎν-

43 3579 92 3622 mo
113 3569 142 3621 et
162 3561 220 3622 vite
238 3561 386 3623 decuriam
401 3581 527 3624 aeonum
544 3559 631 3622 simul
680 3566 823 3645 θρωπον
844 3559 899 3624 καλ
919 3555 977 3660 τῂν
989 3551 1267 3661 Ἐκρλησέανηᾶλ-

44 3643 197 3706 tunduntr.
235 3645 316 3718 (lllac
336 3647 426 3706 homo
449 3654 479 3706 et
499 3645 629 3716 ecclesia,
681 3644 758 3721 λους
782 3644 858 3709 δέκα
873 3641 1012 3718 Αῖωνας
1027 3665 1073 3705 ων
1087 3637 1129 3703 τὰ
1145 3659 1268 3720 ονομα-

1 3748 2 3774 2
44 3729 119 3788 duos
136 3729 271 3808 amplius,
288 3728 505 3808 aequiparando
521 3745 629 3806 paren·
681 3753 723 3792 τα
749 3728 880 3810 λέγουσι
904 3727 1017 3789 ταῦτα.
1057 3711 1188 3798 Βῦθιος
1211 3721 1267 3786 καλ

1 3807 2 3865 l
46 3812 134 3880 tibus,
151 3811 218 3888 quia
234 3821 263 3870 et
274 3811 330 3889 ipsi
342 3811 400 3872 duo
413 3829 479 3872 curn
492 3810 560 3881 illis,
576 3811 631 3870 de·
683 3811 802 3888 Μέξις,
834 3803 913 3894 Ἀγὴ
936 3830 1014 3884 arog
1043 3805 1096 3868 noi
1118 3799 1265 3881 Ἓνωσις,

1 3912 3 3952 t
46 3911 125 3964 cem,
141 3901 186 3953 tot
201 3894 338 3966 elliciunt,
354 3901 427 3972 quot
437 3893 495 3972 ipsi
507 3911 632 3972 procrc·
684 3887 867 3978 Αὐτοφυὴς
881 3833 934 3956 καλ
946 3885 1065 3989 Ἡδονῇ
1080 3889 1134 3952 καλ
1145 3891 1268 3952 Μακα-

2 4003 3 4026 i
46 3983 188 4051 averunt)
212 3975 634 4055 neddonuncnominu‚quos
685 3981 749 4062 ρέα,
781 3965 875 4040 οὗτοι
889 3975 966 4040 δέκα
980 3965 1122 4049 Λέωνες,
1142 3967 1199 4047 οὓς
1212 3972 1268 4036 καλ

46 4061 193 4122 βασανίσαι
222 4059 291 4122 dixi.
333 4061 456 4141 Bptlios,
479 4069 508 4122 et
531 4059 633 4131 Mmr's,
687 4059 869 4146 φάσκουσιν
892 4057 1058 4141 έκΛόγοσ
1087 4055 1141 4120 καὶ
1171 4056 1297 4138 ΖαιῆςΙ

45 4152 76 4206 et
89 4144 225 4214 Hedone,
248 4147 395 4217 Acinetos,
418 4152 448 4205 et
470 4144 633 4224 syncrasis,
686 4143 950 4230 προβεβλῆσθαι.
981 4139 1039 4205 τὸν
1061 4139 1097 4204 δὲ
1111 4135 1268 4223 ’Ἀνθρω-

2 4368 5 4398 ,
80 4333 102 4382 Ιι.
122 4331 177 4381 Scil.
198 4347 278 4381 nomen
296 4339 329 4381 ert
347 4333 442 4382 reritse.
717 4345 740 4380 ο.
760 4331 817 4379 Scil.
837 4323 933 4394 τετράς
950 4329 1027 4392 prima
1046 4328 1108 4376 lianc
1125 4325 1268 4376 secuudum.

80 4399 95 4448 l.
115 4399 184 4450 Ludit
201 4399 249 4448 sliu
269 4400 381 4458 nomiae,
403 4399 457 4449 loeo
477 4389 628 4463 respexeris.
717 4413 740 4462 ρ.
760 4399 806 4446 lete
826 4399 849 4446 in
868 4401 895 4456 (l
914 4396 1006 4446 ioelum
1017 4394 1200 4458 explicationem
1220 4408 1267 4443 no·

80 4482 111 4516 m.
130 4471 151 4516 ts
169 4468 237 4527 idun,
258 4467 330 4515 torte.
682 4481 732 4514 ram
752 4479 834 4514 secum
853 4467 1021 4527 torennense
1040 4477 1093 4512 eom
1113 4476 1199 4524 grueeo
1219 4475 1267 4511 non

2 4568 4 4598 ,
46 4535 228 4648 ἰριΕιρΙίοιι
252 4535 303 4598 ipse
334 4533 392 4583 illud
426 4525 630 4598 αἰσθανόμενον
682 4535 809 4592 cohaeret,
835 4533 926 4584 sueton
946 4531 1024 4581 eidem
1043 4529 1066 4579 id
1087 4529 1181 4580 licebat

61 4611 133 4664 φας
151 4611 195 4650 etc.

1010 4677 1064 4730 4²*
