3196 5250
514 371 648 418 lucrosa
668 371 727 416 nra.
749 371 793 414 unv
808 371 935 414 nuuanr.
1268 353 1328 418 lbi

203 520 268 583 Non
291 521 397 584 mirum
420 521 518 601 itaque
540 521 567 583 si
583 521 739 584 Christiani
754 521 811 583 bos
826 522 957 584 notarios
972 519 1163 592 idololatriae,
1184 521 1330 594 lasciviae,

116 605 268 668 ebrietatis
291 607 432 686 aliosque,
463 623 538 686 quos
561 605 712 668 excitatis
734 605 871 685 superius
893 605 1087 685 scriptoribus
1114 605 1331 679 recensuimus,

117 691 308 754 detestandos
331 699 413 754 actus
435 691 665 770 improbaverim
685 691 892 769 noluerintqne
913 699 1031 752 noctem
1053 697 1082 752 ct
1103 689 1180 752 diam
1205 691 1331 769 perdere

117 785 178 838 tam
200 776 289 855 impia
310 778 385 836 testa
407 775 592 838 celebrando.
637 776 836 848 Quamobrem
858 794 921 838 non
942 776 1027 848 loeo,
1057 775 1151 854 iuquit
1172 775 1330 836 Tertullia-

116 879 186 936 nus,
208 861 341 923 dilatatio
365 859 580 924 Saturnalibus
609 860 790 932 (Tertullian.
813 860 965 939 Apologet.
989 879 1051 940 cap.
1075 863 1149 935 tt),
1171 868 1204 920 ut
1225 859 1262 920 ad
1284 859 1330 922 illa

115 945 228 1025 agenda
250 965 298 1007 me
319 963 502 1025 praeparem.
547 945 622 1018 Quis
651 945 730 1006 enim
758 944 871 1006 nesciat
897 963 1012 1006 morem
1033 944 1218 1006 ethnicorum
1240 944 1331 1008 luisse

116 1050 151 1092 se
172 1039 241 1092 ante
269 1030 434 1092 convivium
455 1028 592 1092 lavandi?
636 1030 694 1092 Sed
716 1029 872 1092 Christiani
900 1031 943 1090 las
966 1029 1024 1092 sibi
1053 1047 1203 1091 essenon
1226 1029 1329 1092 creda-

113 1116 188 1177 bant
210 1134 278 1176 seso
299 1115 335 1176 ad
357 1115 404 1176 illa
426 1115 550 1176 nelanda
572 1115 701 1176 convivia
729 1123 759 1176 et
786 1115 925 1194 mysteria
951 1115 1062 1194 agenda
1082 1113 1233 1191 diluculo,
1266 1132 1332 1176 cum

115 1201 213 1262 hiram
236 1199 393 1272 saeviebat,
416 1199 620 1280 intempestivo
642 1199 746 1262 balneo
767 1217 952 1280 praeparare.

203 1317 318 1379 Nullum
348 1325 445 1379 tamen
473 1317 561 1380 rebus
588 1317 714 1398 publicis
748 1319 955 1380 detrimentum
986 1317 1095 1379 idcirco
1127 1317 1332 1398 importabant.

115 1402 235 1464 Etenim
259 1403 343 1474 loeo,
377 1403 418 1463 ait
437 1403 545 1465 Auctor
573 1411 692 1475 noster,
726 1403 849 1466 honesto
871 1403 948 1466 horo
970 1413 998 1465 et
1019 1401 1145 1464 salubri.
1190 1401 1332 1480 Rigaltius

115 1506 191 1549 vero
220 1487 308 1548 scribi
337 1487 438 1549 maluit
466 1489 577 1559 dedito,
611 1507 696 1566 quam
727 1488 852 1549 honesto
874 1487 965 1550 hora:
1003 1487 1055 1548 sed
1074 1493 1175 1548 contra
1198 1487 1332 1550 codicum

117 1572 253 1634 omnium
283 1571 530 1633 reclamationem.
574 1571 677 1632 Nonne
706 1580 802 1633 autem
829 1574 939 1632 Auctor
971 1581 1074 1632 noster
1106 1571 1204 1633 dicere
1234 1571 1332 1652 potuit

116 1655 304 1718 Christianos
327 1675 387 1718 non
408 1657 561 1736 respuisse
582 1655 716 1729 balneas,
751 1657 804 1718 sed
830 1656 955 1718 lavatum
977 1656 1085 1718 abiisse
1108 1653 1184 1718 horo
1207 1655 1333 1719 honesto

115 1753 148 1804 et
167 1741 294 1813 salubri,
317 1761 374 1822 qua
395 1742 530 1802 videlicet
552 1760 616 1802 cum
640 1741 792 1803 honestate
813 1747 843 1802 et
864 1739 1032 1804 salubritate
1054 1757 1158 1802 omnes
1181 1761 1214 1804 sa
1235 1739 1332 1802 lavare

116 1835 341 1888 consueverant.
385 1825 464 1888 llaec
492 1833 589 1887 antem
619 1825 725 1896 bieme,
758 1835 792 1887 ut
819 1825 858 1887 ait
880 1826 1008 1899 Plinius,
1042 1837 1110 1888 erot
1136 1844 1217 1888 nono
1246 1825 1331 1897 loro,

116 1920 232 1972 aestate
257 1923 360 1975 octova
383 1910 468 1986 (Plin.
490 1910 541 1972 lib.
563 1909 612 1971 ΠΙ.
635 1909 727 1990 Epist.
753 1915 804 1986 1.),
834 1919 884 1972 aut
905 1918 937 1972 ut
958 1909 1006 1973 alii
1028 1909 1200 1986 observant,
1229 1927 1358 1972 amc-.

115 1994 193 2058 ridie
214 1997 250 2057 ad
272 2014 434 2076 vesperam.
477 1995 617 2056 Horatius
639 2004 735 2057 autem
758 1995 894 2056 canebat:

269 2118 324 2176 Ast
344 2115 398 2178 ubi
417 2133 461 2176 nae
482 2116 598 2194 [essum
619 2114 667 2176 sol
687 2118 791 2177 acrior
813 2119 859 2176 ire
882 2114 1014 2176 locatum

271 2201 440 2270 Admonuit,
461 2200 545 2279 [ugia
567 2199 684 2262 rabiosi
699 2209 839 2279 temporo
860 2204 947 2278 signi.

665 2283 778 2359 (Horat.
801 2283 850 2344 lib.
877 2288 904 2346 l.
928 2283 1015 2346 Satin.
1039 2282 1084 2344 Vl.
1107 2302 1135 2344 v.
1161 2286 1244 2360 125.)

115 2401 225 2463 Nonne
252 2417 322 2479 ergo
345 2400 543 2462 Tertullianus
573 2401 730 2481 designare
758 2401 873 2462 videtur
894 2401 1084 2462 meridianam
1107 2401 1227 2475 horam,
1259 2419 1333 2481 quae

115 2504 224 2548 mense
245 2485 414 2559 Deccmbri,
444 2503 503 2565 quo
526 2486 688 2548 Saturnalia
711 2485 886 2564 agebantur,
914 2486 1038 2547 honesta
1061 2493 1091 2546 et
1111 2485 1237 2547 salubris
1260 2495 1332 2558 erat,

114 2579 152 2633 ut
173 2570 255 2640 milti,
278 2570 380 2650 inquit,
405 2571 535 2632 calorem
557 2580 586 2633 et
606 2575 781 2650 terminent
803 2582 911 2633 servet.
942 2571 1007 2632 Non
1029 2570 1076 2631 his
1099 2571 1188 2649 igitur
1209 2569 1332 2649 frigidis,

113 2655 216 2737 pergit
243 2653 306 2730 ille,
339 2654 496 2734 impiorum
525 2655 757 2716 Saturnahorum
780 2655 884 2716 diebus
908 2655 995 2717 locor
1018 2655 1165 2727 diluculo,
1189 2655 1332 2733 quando-

114 2740 238 2820 quidem
266 2744 364 2820 ripere
392 2752 420 2803 et
446 2739 563 2819 pollere
588 2749 659 2820 post
690 2739 845 2801 lavacrum
871 2751 1012 2801 mortuus
1036 2757 1172 2820 posinna.
1218 2738 1332 2811 Quibus

115 2825 167 2887 ille
190 2823 288 2885 verbis
309 2824 410 2886 adddit
430 2822 624 2904 proculdubio
647 2822 683 2885 ad
705 2824 793 2884 ahum
822 2823 971 2906 antiquum
994 2839 1108 2884 morem
1136 2829 1251 2884 mortua
1273 2823 1331 2882 ho-

114 2910 232 2972 minum
262 2927 388 2988 corpura
415 2907 543 2980 lavandi,
579 2925 613 2970 ac
639 2909 715 2970 lorte
744 2908 781 2968 ad
809 2909 883 2968 hacc
904 2907 1014 2988 Virgilii
1043 2907 1080 2968 de
1102 2905 1207 2968 Miseni
1228 2907 1331 2968 lunera

115 3013 264 3058 carmina:

271 3095 350 3157 Pars
373 3093 485 3156 cuddae
509 3093 610 3155 latices
631 3104 661 3154 et
682 3091 778 3154 aheno
798 3093 946 3155 undantia
967 3095 1096 3173 [lamnis

272 3179 446 3261 Erpediunt
469 3195 636 3260 corpusque
658 3177 764 3239 lauant
783 3179 925 3257 [rigentis
948 3189 976 3239 et
995 3190 1124 3256 arnmot.

548 3261 660 3342 (virgil.
683 3261 733 3322 lib.
756 3262 802 3324 vl.
825 3263 945 3324 Aeneid.
967 3281 995 3322 r.
1018 3265 1079 3326 217
1102 3268 1249 3392 εδεεᾳᾳ.)

116 3382 242 3444 Servius
264 3399 334 3443 aero
356 3381 385 3442 in
408 3382 471 3444 suis
493 3381 529 3442 ad
551 3381 624 3442 haec
642 3380 770 3442 carmina
791 3380 1093 3443 animadversionibus
1116 3387 1185 3442 catat
1206 3379 1275 3441 illud
1298 3379 1333 3440 ab

115 3467 217 3528 Ennio
239 3467 452 3546 compositum:

277 3583 433 3666 Tarquinii
454 3603 563 3666 corpm
587 3585 664 3647 bono
684 3583 798 3664 semino
820 3583 895 3646 louit
918 3593 947 3646 et
968 3588 1067 3646 unm't.

956 3669 1051 3744 (Serv.
1075 3670 1249 3746 pugili.)

116 3787 199 3850 Dicit
220 3787 317 3866 itaque
333 3784 531 3850 Tertullianus
553 3803 645 3865 posse
667 3785 785 3863 quidem
806 3793 1024 3863 postmortem
1046 3803 1082 3846 eo
1103 3784 1217 3845 lavacro
1239 3781 1335 3860 rigere

117 3881 152 3934 et
165 3871 285 3952 pallere,
307 3870 385 3933 nolle
399 3879 505 3942 autem,
527 3871 597 3932 dum
612 3869 729 3940 viveret,
751 3869 820 3931 illud
835 3879 1020 3948 praevertere
1040 3866 1246 3947 intempestivo
1268 3865 1332 3926 hie-

119 3957 192 4019 mali
213 3955 329 4030 balneo,
352 3974 410 4035 quo
434 3955 597 4016 Saturnalia
618 3953 839 4016 inchoabantur.
885 3954 1023 4026 Quamvis
1046 3961 1142 4015 autem
1165 3950 1237 4011 haec
1260 3949 1334 4011 ratio

122 4042 165 4102 sit
185 4059 267 4102 mere
288 4039 438 4114 naturalis,
467 4058 503 4100 eo
526 4048 623 4102 tamen
645 4037 740 4100 acrius
763 4038 896 4098 ethnicos
917 4037 1074 4118 pungebat,
1098 4053 1156 4116 quo
1179 4033 1334 4096 absurdius

122 4124 304 4187 obiiciebant
318 4124 502 4186 Christianos
517 4123 583 4186 ideo
605 4121 782 4203 reipublicae
804 4142 870 4184 esse
893 4122 1010 4184 inutiles
1032 4120 1100 4200 quia
1121 4119 1178 4180 hoc
1198 4118 1335 4180 balncum

118 4219 209 4292 atque
232 4210 336 4290 impias
359 4209 541 4272 ceremonias
564 4209 634 4272 illud
657 4207 870 4287 subsequentes
893 4205 1085 4268 meritissimo
1108 4203 1171 4266 iure
1186 4201 1335 4284 fugiebant

118 4305 152 4359 et
173 4293 395 4358 execrabantur.

208 4413 253 4474 Ad
275 4412 418 4476 liberalia
446 4411 561 4486 deinde,
591 4412 653 4472 sive
681 4411 718 4472 ad
746 4409 810 4471 dies
837 4409 981 4487 ludosque
1002 4406 1110 4470 bibero
1138 4408 1200 4470 sire
1221 4407 1334 4470 Brocho

116 4501 249 4566 dicatos,
272 4499 315 4560 sic
336 4498 455 4560 transit:
489 4497 557 4559 Non
580 4501 610 4558 in
629 4497 749 4577 publico
771 4493 957 4556 liberalibus
980 4493 1128 4556 discumbo
1150 4493 1334 4568 (Tertulliano.

116 4583 279 4666 Apologet.
307 4601 370 4662 cap.
399 4585 475 4660 42).
519 4581 672 4644 Rationem
700 4580 737 4642 ab
759 4598 795 4640 eu
817 4579 843 4642 si
865 4577 1013 4657 postules,
1041 4577 1097 4639 alio
1120 4578 1150 4640 in
1172 4578 1247 4640 libro
1270 4595 1336 4640 eam
