3122 5250
250 363 312 426 ool
343 377 534 422 nrssnnrrrro
552 379 581 420 nr
597 378 644 428 on.
661 377 745 420 sear.
760 377 845 422 enon.
861 376 1055 422 rennuerunt
1067 375 1296 421 aronocnrrcorr
1310 376 1392 419 cerr.

249 537 334 610 putat
354 547 403 590 eas
425 527 460 589 sb
482 527 531 590 illo
554 545 701 607 nunquam
720 527 811 591 lectas
832 527 949 606 (Scalig.
970 527 1121 589 Animadv.
1144 527 1175 589 in
1196 526 1334 590 Chronic.
1351 526 1450 590 Euseb.

250 617 288 678 ad
308 632 375 674 ann.
398 614 515 689 2189.).
556 611 645 684 Quod
668 611 767 674 Orosii
790 612 878 675 etiam
900 611 1070 674 testimonio
1096 611 1225 674 stabilire
1247 619 1381 674 concurr.
1420 613 1451 672 At

251 699 399 780 quomodo
422 696 618 759 Tertullianus
641 703 719 758 tanta
741 696 916 758 confidentia
943 697 1077 764 ethnicos
1099 696 1135 758 ad
1157 695 1222 758 illas
1244 697 1384 776 legendas
1404 715 1448 756 es-

252 782 358 856 oitavit‚
380 782 439 846 uisi
461 782 527 862 ipse
549 799 599 842 eas
623 789 674 842 aut
694 780 765 860 quid
784 782 814 842 in
837 781 880 843 eis
902 781 1044 860 scriptum
1066 792 1113 843 est
1133 780 1281 862 legisset?
1324 782 1368 844 Ad
1387 780 1450 842 bace

249 887 319 930 vero
356 865 508 927 Eusebius·
537 883 573 926 ex
608 865 715 927 iisdem
741 865 909 928 Tertulliani
938 865 1035 927 verbis
1064 867 1212 929 concludit
1237 866 1328 928 hasce
1349 866 1449 928 litteras

250 949 421 1014 Tertulliani
455 957 588 1030 ternpore
616 950 764 1023 extitisse,
809 948 910 1016 s’o'oeu
931 951 988 1014 νῦν
1010 953 1177 1035 φέρεσθαι
1208 951 1333 1026 (Euseb.
1354 950 1402 1012 lib.
1422 949 1449 1010 V.

249 1036 360 1100 Eccles.
382 1035 459 1096 llist.
481 1053 543 1114 cap.
560 1041 590 1098 5.
612 1053 678 1114 pag.
697 1037 790 1112 res).
819 1035 878 1097 Cur
899 1053 979 1114 orgo,
1001 1036 1097 1114 arguit
1117 1035 1254 1116 Scaliger,
1279 1035 1344 1096 illas
1366 1035 1449 1096 Euse-

251 1122 305 1183 bus
329 1119 415 1181 solita
437 1119 583 1198 diligentia
605 1119 735 1199 integras
751 1139 812 1182 non
826 1119 992 1198 descripsit,
1014 1120 1040 1181 si
1055 1129 1125 1182 tunc
1149 1138 1251 1182 revera
1273 1115 1453 1182 extitissent?

250 1206 310 1268 Sed
331 1203 474 1266 imbecilla
494 1223 619 1283 prorsus
642 1212 688 1265 est
708 1204 756 1266 illa
777 1204 954 1278 reclamatio,
976 1204 1034 1266 nisi
1055 1203 1205 1266 evidenter
1226 1205 1372 1284 probetur
1391 1203 1450 1265 nul·

249 1291 311 1352 lum
333 1289 453 1350 omnino
476 1307 544 1349 esse
566 1289 652 1350 huius
674 1289 791 1369 generis
812 1288 1039 1364 monimentum,
1067 1289 1147 1368 quod
1168 1289 1204 1350 ab
1226 1289 1359 1351 Eusebio
1379 1299 1451 1350 uae-

250 1375 392 1453 scriptum
413 1391 475 1434 nen
496 1373 591 1434 luerit.
634 1373 788 1452 Nunquam
816 1383 912 1436 autem
941 1372 971 1434 id
991 1373 1101 1453 poterit
1121 1393 1138 1434 a
1159 1373 1309 1453 Scaligero
1333 1381 1381 1436 aut
1401 1372 1451 1434 ullo

249 1459 305 1523 olio
326 1457 475 1538 probari„

335 1542 469 1604 Ceterum
496 1542 610 1603 Marcus
637 1543 771 1604 Aurelius
800 1543 871 1604 tanti
903 1541 1035 1604 beneficii
1063 1542 1199 1622 precibus
1228 1542 1452 1604 Christianorum

251 1628 373 1690 coelitus
395 1627 505 1706 accepti
526 1645 641 1687 memor
660 1627 745 1706 ipsis,
767 1639 856 1706 prout
875 1627 980 1706 potuit,
1003 1626 1180 1705 gratificatus
1202 1636 1258 1689 est
1290 1628 1364 1688 Cum
1383 1625 1451 1688 eninr

249 1713 406 1775 maximum
434 1711 585 1790 gentilium
617 1711 646 1770 in
675 1711 857 1773 Christianos
891 1713 1019 1773 furorem
1040 1711 1158 1790 penitus
1187 1713 1385 1790 comprimere
1405 1729 1451 1770 ne-

250 1797 359 1878 quiret:
382 1797 468 1858 Siout
488 1815 550 1858 non
567 1795 679 1875 polam,
702 1796 796 1874 iuquit
811 1795 1017 1868 Tertullianus,
1041 1797 1077 1858 od
1099 1797 1274 1858 lninsnrodr'
1294 1796 1451 1859 domnulus

245 1900 376 1962 poenum
396 1882 526 1951 dimovit,
548 1885 592 1942 ito
613 1881 673 1942 olto
694 1883 780 1954 mode
800 1881 902 1961 polono
925 1881 1075 1960 dispersit,
1097 1883 1212 1943 adiecto
1232 1886 1324 1945 etiem
1338 1897 1453 1942 accuso·

250 1967 368 2029 ton'hns
390 1967 590 2036 damnatione,
613 1974 642 2026 et
663 1967 778 2044 qnidam
799 1971 925 2027 tetriore
952 1964 1133 2040 (Tertullian.
1154 1965 1311 2045 Apologet
1334 1983 1394 2044 cap.
1406 1966 1451 2040 5.).

248 2051 316 2113 Non
331 2050 409 2110 euim
430 2049 554 2111 audebat
575 2067 685 2128 poenas
699 2050 817 2128 penitus
831 2049 992 2123 dimovere,
1014 2049 1144 2111 relaxare
1159 2060 1189 2110 et
1202 2051 1364 2123 remittere,
1386 2064 1451 2127 quae
1480 2064 1483 2078 ·

249 2135 331 2216 prius
354 2135 476 2196 aliorum
498 2134 707 2213 imperatorum
735 2133 847 2213 legibus
876 2135 906 2195 in
930 2133 1112 2196 Christianos
1134 2135 1315 2196 constitutae
1335 2135 1448 2202 inerme

249 2219 438 2300 petulantiam
462 2229 558 2280 tamen
580 2217 764 2280 ethnicorum
791 2218 857 2278 illes
879 2237 1027 2298 nunquam
1049 2237 1109 2280 non
1131 2220 1332 2282 accusantium
1345 2228 1386 2301 ,ut
1404 2235 1449 2278 co·

248 2305 379 2376 biberet,
416 2303 487 2365 alias
519 2303 668 2382 graviores
701 2321 787 2382 quam
815 2303 958 2364 Traianus
990 2302 1026 2364 ab
1054 2305 1181 2365 Auctore
1207 2312 1313 2366 nostro
1341 2303 1448 2372 ibidem,

248 2399 282 2450 ut
302 2409 372 2450 mor
392 2388 565 2458 ridebimus,
595 2387 699 2450 citatus
721 2390 833 2466 poenas
855 2387 937 2448 bisce
959 2388 1178 2450 accusatoribus
1204 2388 1348 2469 imposuit
1365 2395 1449 2465 ‘atque

248 2473 306 2536 boc
326 2473 463 2553 prudenti
484 2480 715 2551 temperamento
738 2471 919 2533 Christianos
941 2490 995 2551 pro
1019 2491 1071 2532 sua
1093 2481 1175 2551 parte
1196 2481 1308 2535 brutus
1330 2481 1383 2534 est.

333 2558 424 2620 Nobis
446 2575 536 2636 porro
559 2556 705 2618 Eusebius
728 2556 872 2635 integrum
894 2557 967 2635 legis
990 2557 1025 2618 ad
1048 2557 1319 2620 Commune-Asiae
1340 2554 1449 2618 nomine

248 2643 337 2705 blanci
357 2643 467 2703 Aurelii
493 2641 632 2703 Antonini
659 2642 816 2720 inscriptae
846 2649 875 2702 et
902 2641 933 2701 in
955 2641 1186 2704 Christianorum
1221 2644 1344 2721 gratiam
1376 2641 1449 2700 datae

249 2727 435 2807 transcripsit
461 2726 623 2805 exemplar,
656 2726 738 2788 cuius
761 2726 833 2788 lraec
854 2734 924 2788 sunt
949 2726 1115 2807 posteriora
1136 2727 1239 2788 rerba:
1277 2724 1319 2790 El
1345 2723 1381 2788 dd
1405 2741 1448 2794 τις

249 2810 401 2894 ἐπιμένοι
421 2808 496 2874 τινὰ
516 2811 582 2873 τῶν
603 2807 761 2873 τοιούτων
784 2809 830 2886 εἰς
852 2806 1029 2894 πράγματα
1050 2813 1160 2895 φέρων
1173 2805 1227 2886 ’ὥς
1241 2809 1283 2897 δὴ
1298 2809 1445 2880 τοιοῦτον,

250 2895 371 2973 ἐκεῖνος
400 2889 417 2959 ὁ
447 2892 709 2980 καταφερόμενος
736 2887 958 2959 ἆπολελύσθω
985 2896 1045 2959 τοῦ
1074 2892 1287 2980 ἐγκλήματος,
1320 2893 1372 2960 nol
1399 2886 1447 2956 tar

250 2987 403 3068 φαίνεται
424 2980 574 3056 τοιοῦτος
596 2975 651 3058 ὢν,
676 2973 694 3042 ὁ
717 2978 753 3044 δὲ
773 2983 965 3065 καταφέρων
989 2977 1098 3060 ἔνοχος
1120 2977 1212 3044 ἔσται
1235 2979 1344 3066 dreng.-
1369 2973 1447 3051 Quot

249 3073 278 3130 si
297 3072 361 3148 quis
384 3067 480 3128 adhuc
499 3070 600 3145 pergit
623 3071 758 3147 eror'qnom
778 3067 904 3129 illorum
926 3071 1076 3145 negotium
1090 3068 1242 3144 secessere
1263 3087 1305 3129 en
1325 3083 1357 3127 eo
1378 3057 1447 3144 qnod

250 3152 441 3214 Christianus
463 3155 519 3221 stt,
553 3151 668 3212 dolatus
690 3153 806 3230 quidem
828 3155 951 3212 orr'nn‘ne
977 3151 1171 3226 absolvetur,
1207 3157 1327 3214 tametsi
1347 3149 1448 3210 constet

248 3247 316 3296 enm
350 3239 454 3315 reipsa
491 3235 694 3297 Christianum
729 3255 803 3296 esse.
846 3236 975 3297 llelotor
1010 3245 1110 3297 nutem
1144 3239 1208 3316 r'pse
1241 3254 1357 3316 poenos
1392 3230 1447 3291 lunt

249 3318 368 3394 (Euseb.
392 3318 442 3378 lib.
465 3319 511 3380 tv.
533 3319 643 3380 Eccles.
666 3319 741 3380 Hist.
764 3338 826 3398 cap.
852 3323 900 3382 14.
922 3322 1060 3398 p.127.).
1103 3319 1217 3381 Scimus
1239 3321 1357 3399 quidem
1377 3329 1445 3376 non·

249 3401 346 3464 nullos
368 3402 582 3463 existimavisse
611 3405 686 3466 hanc
713 3403 806 3481 legem
833 3421 895 3464 non
917 3423 932 3464 a
954 3405 1050 3466 Marco
1072 3399 1210 3478 Aurelio,
1230 3407 1285 3467 sed
1306 3405 1341 3466 ab
1361 3401 1443 3488 Ant⁰3

249 3487 320 3548 nino
342 3485 394 3546 Pio
416 3487 585 3564 prolectam.
630 3488 737 3548 Verum
766 3487 791 3546 si
814 3505 881 3548 rera
909 3488 947 3548 sit
968 3489 1040 3549 haec
1068 3489 1186 3567 opinio,
1223 3489 1260 3550 ad
1288 3483 1444 3550 'tertuliani

249 3573 359 3652 pariter
392 3571 478 3632 saciet
508 3573 704 3650 propositum.
748 3571 821 3632 Nam
849 3571 896 3632 ille
923 3573 1001 3635 hunc
1022 3575 1109 3635 etiam
1132 3575 1258 3636 eundem
1279 3570 1445 3635 Antoninum

248 3657 334 3719 Pium
355 3656 385 3717 in
406 3655 553 3718 bonorum
574 3657 737 3734 principum
759 3675 881 3719 nurnero
903 3657 1035 3731 oehooat,
1058 3658 1108 3737 qui
1122 3659 1200 3720 nulla
1216 3659 1354 3721 adversus
1367 3647 1442 3714 ohn-
1527 3693 1528 3744 p

250 3743 364 3805 stianos
388 3742 482 3802 edicta
503 3741 689 3802 sanciverunt
710 3741 843 3810 (tertull.
865 3742 1016 3821 Apologet
1040 3763 1102 3822 cap.
1126 3745 1179 3820 5.).
1527 3765 1528 3794 1

332 3827 399 3889 Non
422 3826 515 3887 deerit
536 3827 661 3888 fortasse
683 3825 798 3904 aliquis,
811 3827 871 3912 ¹qui
892 3846 909 3888 a
930 3827 1018 3888 nobis
1040 3827 1171 3906 requirat
1191 3847 1249 3908 quo
1271 3833 1354 3908 pacto
1376 3820 1440 3914 'ltr-
1527 3797 1528 3874 l

227 3913 384 3974 ¹tullianus
413 3911 502 3973 tanus
529 3910 662 3973 laudibus
691 3911 811 3972 extollat
831 3912 917 3973 Marci
939 3911 1047 3972 Aurelii
1069 3913 1100 3972 in
1121 3912 1305 3974 Christianos
1327 3905 1442 3971 studium

248 4015 284 4058 ao
302 4000 450 4070 favorem,
483 4015 541 4076 quo
563 3997 841 4078 imperanteortam
861 4003 978 4076 putant,
1009 4005 1042 4057 ut
1062 4005 1165 4075 postea
1193 3997 1440 4058 animadvertamus

250 4082 385 4154 (Dissert.
408 4081 438 4141 in
460 4081 530 4142 Luc.
553 4081 656 4142 Caecil.
678 4099 740 4159 cap.
766 4085 794 4143 1.
823 4081 883 4142 Art.
907 4084 937 4144 3.
966 4089 996 4141 et
1016 4099 1079 4160 cap.
1102 4085 1132 4145 6.
1154 4083 1215 4144 Art
1239 4083 1292 4157 3.),
1322 4080 1439 4162 quartuli

248 4164 397 4226 Ecclesiae
418 4165 595 4228 christianae
614 4165 861 4244 persecutionem.
891 4165 950 4227 Sed
971 4183 1006 4226 ea
1024 4167 1090 4244 ipsa
1110 4167 1156 4228 lex
1177 4167 1309 4246 proxime
1330 4183 1345 4223 a
1364 4153 1439 4246 nobis

249 4249 336 4310 citata
356 4267 533 4328 responsum
554 4250 641 4312 nobis
662 4251 838 4331 suppeditat
880 4250 930 4311 llla
952 4250 1030 4311 enim
1052 4253 1169 4314 tametsi
1189 4268 1301 4332 poenae
1322 4249 1350 4308 in
1364 4241 1438 4331 Chn·
1521 4263 1528 4296 i

244 4333 413 4394 'suanorum
434 4343 617 4398 accusatares
639 4336 877 4407 decernerentur,
899 4334 983 4413 prius
1004 4344 1102 4397 tamen
1121 4336 1275 4399 laudantur
1295 4333 1333 4396 dii
1353 4329 1437 4407 genb-

247 4417 328 4480 lium.
371 4418 408 4479 At
434 4417 507 4480 haec
532 4421 746 4482 commendatio
773 4419 977 4482 bacchantium
1003 4420 1035 4482 in
1055 4419 1121 4482 illos
1150 4420 1330 4484 ethnicorum
1349 4415 1436 4476 aestus

248 4502 327 4564 auxit
340 4501 450 4582 potius,
473 4520 559 4581 quam
575 4506 719 4568 restinxit.
750 4504 828 4578 Quid
842 4522 923 4578 vero,
946 4505 1025 4584 quod
1039 4505 1129 4570 iidem
1142 4506 1265 4584 gentiles
1278 4503 1436 4590 persuasusn

247 4587 394 4652 habebant
412 4586 625 4652 recentioribus
647 4590 728 4652 hisco
754 4588 869 4668 legibus
897 4588 969 4652 alias
996 4591 1135 4653 ediusus
1157 4591 1334 4654 Christianos
1354 4577 1432 4643 editas
