3196 5250
510 323 645 368 recreas
667 323 727 366 rrc.
749 323 786 366 un
808 321 934 366 semar.
1267 307 1334 372 tat

126 485 239 539 erumna
260 474 435 536 ederentur
455 473 549 544 (idem
569 473 723 553 dpeieget.
747 492 810 552 cap.
833 471 908 552 ⁴¹·i·
939 471 975 534 ln
996 471 1170 552 quibusdam
1193 475 1335 538 odincni-
1465 553 1473 560 ·

125 561 194 624 bus:
216 559 479 630 iccmederum,
502 577 556 622 eea
577 558 731 622 meierum
752 557 848 620 illices
872 575 999 638 semper.
1043 558 1163 620 Scrnrma
1185 559 1334 622 enimrean

123 643 266 724 inpietate
287 643 380 705 teleos
402 642 476 705 dees
499 651 669 722 statuasque
696 642 826 704 edentis
854 661 889 704 ec
920 660 1022 704 verum
1049 642 1209 721 repudietis
1230 645 1332 720 Deum,

60 771 73 806 ,.
124 730 170 810 qni
190 728 298 807 impios
319 737 350 790 et
370 727 531 790 senioratus
553 727 690 790 hemines
712 727 837 807 publicis
853 725 1064 789 mlanriutibus
1080 728 1188 790 merite
1203 730 1332 810 castiget.

64 885 69 894 ,
121 813 239 893 ipsimet
268 830 338 890 erge
368 811 476 874 ethnici
505 811 688 892 publicarum
717 812 911 874 calamitatum
940 829 1042 873 rerera
1070 820 1207 874 aueteres
1239 823 1332 888 erant,

60 947 70 978 ,5
122 898 237 960 mimine
259 915 329 958 rore
342 896 511 970 Christiani,
534 897 584 977 qui
606 916 709 960 rerum
723 898 816 959 ileum
837 897 996 958 adorantes
1017 904 1155 976 petormrt
1174 899 1274 978 utique
1296 900 1333 962 ab

60 977 65 984 ’
120 1003 152 1045 oe
173 981 322 1062 postulata
343 982 489 1044 obtinere.

619 1117 785 1168 uertentes
803 1117 829 1170 ll.

60 1207 63 1240 ¹*
118 1221 274 1266 Eramineutur
291 1221 372 1266 altatae
391 1234 403 1265 ι
422 1221 558 1266 Tertulliano
577 1222 681 1274 rationes,
705 1223 733 1266 eb
752 1234 808 1278 quea
826 1222 885 1266 Deua
903 1222 984 1278 petitur
1002 1223 1139 1268 Christianos
1158 1223 1253 1280 publicis
1272 1227 1331 1272 eale·

327 1287 437 1332 saltatibus
455 1288 521 1344 emisi
540 1295 562 1333 et
580 1301 619 1332 eur
637 1302 677 1333 ene
695 1302 734 1346 pre
753 1288 847 1333 ethnicis
865 1291 938 1332 velere
957 1302 1001 1334 nou
1018 1290 1110 1346 possint.

65 1461 75 1478 „
197 1403 385 1467 Gravissime
408 1412 452 1466 tnt
474 1413 680 1485 teuternmque
702 1413 942 1484 argumentorum
961 1406 1094 1485 pendero
1115 1405 1213 1468 obruti
1235 1407 1332 1485 genti-

60 1527 74 1578 p
115 1489 154 1552 les
181 1489 257 1552 mira
290 1489 449 1568 pertinacia
471 1490 576 1551 cedere
599 1509 748 1570 nunquam
768 1490 914 1564 velebant,
943 1491 998 1552 sed
1019 1491 1128 1552 intorta
1149 1510 1165 1552 a
1187 1491 1331 1554 Christia-

60 1637 62 1650 .
114 1575 158 1636 uis
180 1574 237 1634 tela
260 1573 295 1636 in
318 1573 402 1654 ipses
423 1583 596 1654 retorquere
617 1593 737 1654 queque
759 1575 849 1636 mede
871 1575 1061 1638 conabantur.
1108 1575 1140 1637 st
1163 1575 1331 1650 Christiani,

60 1659 61 1662 ’
118 1659 297 1737 inquiebant,
321 1658 501 1738 publicarum
524 1659 649 1720 clodium
672 1677 732 1721 nen
755 1668 826 1721 sunt
847 1677 949 1722 reuera
971 1669 1117 1734 auctores,
1140 1679 1193 1722 eur
1214 1661 1332 1734 illenim

118 1743 201 1817 bem,
231 1743 259 1805 si
290 1743 478 1822 omnipotens
502 1743 542 1804 sit
563 1752 593 1805 et
613 1744 721 1817 iustus,
750 1744 823 1806 adeo
848 1744 1001 1824 tranquille
1021 1745 1131 1824 patitur
1152 1763 1205 1808 eos
1228 1746 1333 1808 iisdem

118 1827 329 1890 calamitatibus
351 1847 384 1889 eo
402 1837 518 1890 eeteros
540 1829 676 1891 hemines
698 1829 805 1890 nenos
828 1848 862 1889 ac
883 1829 1042 1891 sceleratos
1064 1829 1176 1902 vexari,
1205 1830 1281 1892 laedi
1304 1839 1334 1892 et

63 1917 67 1926 ’
117 1911 269 2058 certet
286 1912 688 2060 leiceastresire
705 1913 1333 2080 reth,tetrarchae

60 2157 65 2168 Ἰ
116 2085 236 2144 artiores
261 2083 387 2144 omnino
411 2081 585 2161 ignorabant
605 2082 788 2154 (Tertullian.
810 2084 963 2162 apologet
987 2101 1049 2162 esp.
1073 2088 1147 2160 th).
1190 2083 1264 2146 Nam
1285 2084 1334 2146 hie

117 2185 255 2244 supreme
279 2177 352 2246 pest
373 2167 476 2229 mundi
497 2167 585 2228 finem
614 2166 722 2228 iudicio
750 2168 849 2230 bones
875 2169 1026 2230 discernet
1046 2187 1062 2229 a
1084 2167 1183 2242 melis,
1217 2169 1333 2248 hosque
1421 2196 1423 2210 ·

115 2251 304 2327 promerito
336 2251 525 2332 sempiternis
554 2261 605 2313 aut
632 2252 785 2332 suppliciis
814 2262 865 2313 eut
891 2253 1030 2332 praemiis
1053 2253 1168 2315 alliciet.
1211 2254 1334 2315 interim
1374 2311 1379 2320 .

67 2333 74 2396 J
115 2351 179 2396 rere
206 2337 309 2398 veluit
333 2337 471 2398 omnibus
499 2337 666 2398 communia
688 2356 754 2399 esse
777 2337 864 2398 huius
885 2336 961 2400 ritae
990 2339 1144 2400 commoda
1167 2346 1198 2398 et
1218 2338 1332 2400 incom-

69 2491 70 2500 ἵ
115 2421 214 2482 meda:
248 2433 286 2484 ut
306 2425 391 2502 peri,
420 2421 525 2501 inquit,
549 2426 702 2484 emisertr'e
726 2440 825 2484 emeres
848 2427 1062 2502 reperirentur
1084 2423 1193 2498 (ibici),
1217 2433 1267 2483 aut
1287 2422 1332 2485 lo.

116 2505 232 2568 nintem
263 2506 334 2570 eins
364 2515 415 2567 ant
442 2506 644 2576 severitatem,
678 2505 813 2585 illamque
835 2505 990 2584 diligerent
1010 2515 1041 2568 et
1061 2508 1138 2568 hanc
1157 2516 1332 2570 metuerent

66 2631 76 2668 :¹
115 2587 246 2652 Publicae
276 2591 372 2669 igitur
404 2591 583 2652 cumines
606 2590 781 2652 Christianis
811 2600 894 2652 erant
921 2591 951 2651 in
980 2591 1212 2653 admonitionem
1234 2592 1332 2664 offleii,

65 2683 69 2693 ’
116 2673 236 2737 ethnicis
259 2693 338 2738 rere
360 2675 391 2736 in
414 2676 560 2737 scelerum
582 2675 815 2754 castigationem.
844 2674 909 2735 Nee·
926 2679 1032 2753 urgere
1053 2676 1083 2736 hi
1101 2683 1239 2756 poterant
1252 2676 1282 2737 id
1297 2677 1334 2738 ab
1388 2729 1396 2742 .

65 2767 69 2776 ·
115 2756 181 2834 ipsis
204 2760 392 2822 Christianis
414 2777 569 2840 perperam
591 2759 700 2822 fictum.
744 2759 817 2820 Nam
841 2760 925 2831 burc,
954 2760 1049 2839 porgit
1069 2759 1135 2834 ille,
1162 2765 1206 2821 ita
1229 2761 1334 2823 didici-

68 2833 72 2844 ’
114 2859 172 2905 mres
194 2847 282 2924 opud
304 2851 409 2926 ipsum
430 2844 522 2906 Deum
545 2843 652 2921 (ibid),
676 2843 733 2904 hcc
755 2853 801 2906 est
821 2843 852 2904 in
875 2844 967 2904 sacris
990 2844 1103 2906 Veteris
1126 2851 1156 2904 et
1176 2843 1250 2904 Novi
1272 2845 1332 2905 'l'e-

66 2941 68 2943 ·
115 2929 244 2990 stamenti
270 2929 362 2990 libris
385 2929 496 3002 (blatth.
520 2947 582 3009 cap.
598 2927 631 2989 V.
652 2947 679 2988 v.
703 2931 743 2992 45
767 2937 795 2989 et
816 2947 879 3007 cap.
897 2928 973 2989 lllll.
995 2948 1021 2990 r.
1046 2931 1085 2992 49
1109 2935 1139 2988 et
1160 2947 1222 3007 cap.
1246 2928 1332 2992 XXV.

115 3027 136 3070 t·
157 3016 196 3078 32
220 3024 252 3076 et
277 3018 392 3093 seqq),
414 3032 540 3093 quorum
563 3031 719 3086 summam,
740 3021 774 3075 ut
793 3012 930 3092 superius
951 3013 1077 3076 vidimus
1098 3014 1205 3092 (Supra
1228 3032 1291 3094 cap.
1303 3016 1333 3082 8.

115 3094 167 3156 hrt,
192 3103 206 3160 t
234 3108 266 3161 et
289 3105 350 3176 5.),
374 3099 627 3160 demonstraverat
648 3097 861 3158 auctoritatem.

191 3183 339 3246 Secunde
363 3183 526 3262 respondet
540 3182 722 3244 Christianos
745 3182 833 3245 nullis
848 3181 938 3243 rebus
959 3181 1090 3242 adversis
1106 3181 1137 3242 in
1152 3182 1335 3244 boemundo

116 3265 250 3341 afflictari,
285 3267 345 3330 sed
368 3267 468 3346 petius
491 3267 592 3328 laetari
615 3265 797 3340 (Tertullian.
819 3267 885 3328 loce
909 3266 980 3342 eit),
1003 3266 1240 3347 quandoquidem
1261 3267 1335 3330 nihil

119 3351 219 3422 nehus
243 3353 411 3432 cariusque
433 3351 580 3414 hebebant
602 3370 688 3430 quam
710 3352 747 3412 de
769 3351 827 3413 hee
847 3351 958 3412 munde
974 3351 1064 3424 exire,
1087 3360 1119 3412 ut
1134 3352 1220 3413 eitius
1237 3362 1334 3414 aeter-

117 3447 174 3494 nam
196 3437 278 3500 illam
304 3444 565 3516 consequerentur
586 3435 763 3511 felicitatem,
788 3455 873 3516 quam
896 3435 1072 3498 certissimis
1094 3445 1128 3496 ae
1142 3435 1248 3499 divinis
1265 3455 1334 3498 era-

76 3516 79 3522 ’
119 3517 180 3580 cerlis
200 3523 259 3584 sibi
284 3541 349 3584 nee
371 3520 436 3583 aliis
458 3521 636 3600 premissam
663 3521 757 3582 luisse
784 3531 864 3583 certo
888 3520 994 3582 certius
1023 3530 1175 3582 noverant.
1219 3521 1334 3583 Ethnici

118 3617 177 3664 sere
198 3607 376 3688 nequibant
397 3605 486 3670 simili
508 3605 597 3667 mode
619 3606 708 3666 huius
730 3605 903 3684 nrqcrmenti
926 3605 1007 3684 qued
1029 3605 1059 3666 in
1081 3624 1135 3667 oes
1156 3603 1239 3665 seles
1254 3605 1334 3666 vale-

72 3757 74 3770 ,
120 3682 174 3759 hat,
205 3691 266 3754 rim
297 3709 438 3770 unquam
465 3690 623 3752 infirmare.
673 3690 746 3752 Nam
775 3691 802 3750 si
830 3690 948 3754 illerum
976 3689 1017 3751 dii
1045 3688 1186 3750 mundum
1214 3697 1336 3768 prepter

120 3766 310 3848 theodocos,
344 3776 454 3838 hostes
477 3793 565 3849 sues,
593 3773 720 3854 publicis
738 3774 912 3854 premebant
932 3773 1159 3844 calamitatibus,
1188 3790 1247 3832 nen
1270 3772 1335 3836 sine

121 3851 212 3930 iterati
233 3861 333 3924 aninri
357 3860 431 3922 vitio
453 3860 638 3939 patiebantur
658 3858 725 3920 illos
753 3859 881 3920 cultores
909 3875 983 3920 suns
1005 3858 1109 3920 hadom
1132 3856 1262 3918 cladibus
1285 3857 1333 3918 in.

74 4009 76 4016 ‚
125 3939 197 4005 tciri:
234 3947 344 4021 Ques,
379 3953 413 4006 ut
434 3953 513 4006 reete
536 3944 576 4006 ait
597 3942 812 4016 intellimus,
842 3958 990 4024 reperere
1013 3941 1158 4007 debebant
1179 3959 1199 4001 c
1218 3941 1335 4005 coen'tie

74 4021 76 4026 ’
129 4020 369 4094 Cirtae'ncurum
399 4028 533 4101 (Tertull.
555 4028 650 4104 ibid).
694 4029 854 4107 Postquam
881 4045 952 4089 rore
980 4047 1034 4107 erp
1056 4025 1127 4086 sitas
1156 4025 1335 4087 anobis-tn

127 4114 270 4178 eemndem
287 4113 536 4178 Christianorum
557 4113 678 4192 gretiam
700 4112 830 4174 rationes
852 4111 984 4192 pretulit,
1006 4130 1023 4173 o
1079 4111 1139 4171 'ees
1161 4109 1208 4170 his
1229 4111 1336 4172 ellatur

77 4239 78 4244 κ
124 4193 221 4260 rena:
245 4201 283 4264 Si
297 4217 380 4263 ecre
399 4201 434 4262 ab
449 4200 502 4270 eis,
525 4217 600 4278 ques
616 4197 722 4268 colitis,
746 4201 846 4260 emme
867 4198 951 4258 echis
971 4195 1053 4257 mele
1074 4199 1339 4258 sumusnostra·

123 4291 208 4354 “tte
231 4287 305 4366 quid
329 4283 436 4348 eelere
456 4288 660 4364 perseveretis
682 4292 743 4344 tem
764 4287 910 4361 temeres,
933 4291 995 4342 tem
1015 4283 1156 4356 ictuatus,
1173 4284 1335 4361 ‘primapis

123 4377 167 4422 ωε
193 4373 224 4430 iro
252 4367 519 4440 dolerernfflSS.
542 4367 690 4430 nostrils
720 4365 835 4443 delere)
865 4367 1109 4428 Christianorum
1135 4366 1280 4428 adhaere
1307 4374 1337 4426 et

126 4459 247 4517 umere
268 4455 465 4524 mecenas,
494 4471 567 4534 quea
587 4469 734 4532 reperere
756 4451 895 4514 deberent
915 4469 934 4512 e
954 4454 1070 4512 mors'tr'e
1096 4450 1337 4512 elnonensem

128 4527 232 4614 libide?
253 4541 350 4604 Vides
375 4538 454 4600 haec
474 4537 641 4617 posteriore
662 4535 751 4600 verba
772 4535 819 4598 bis
841 4535 945 4616 repeti,
968 4549 1045 4614 quse
1064 4533 1173 4596 ideirco
1194 4532 1335 4613 Qddua
