3114 5240
488 379 622 426 inurens
643 379 703 426 ιιι.
725 381 762 424 ιι
784 381 910 426 ιιιιιι.
1246 367 1306 432 125
1415 349 1419 360 ’

172 528 217 592 lix
245 529 282 592 iis
310 547 413 609 porro,
434 547 509 609 qius
530 531 567 594 de
589 537 635 592 ιιι
654 539 771 611 temque
791 531 880 596 variis
903 525 1026 611 operuin
1048 532 1218 598 Tertulliani
1240 535 1304 598 edi·

97 613 221 676 ιιιιιιιιιι
242 615 386 676 ιιιιιιιιιι
407 634 424 676 ι
445 615 533 678 nubis
556 616 701 694 disputata
722 627 802 690 suut,
825 617 893 696 qais
914 616 1068 680 uobiscum
1088 636 1149 680 non
1170 619 1307 682 fatebitur

96 699 197 762 udlam
224 717 353 779 prorsus
380 717 456 772 ease,
486 719 561 780 quac
589 701 718 780 perlecta
733 709 764 762 et
784 701 921 764 omuibus
941 702 1073 765 numeris
1093 702 1228 766 absoluta
1248 704 1306 766 diu'

95 784 195 846 nerito
217 782 340 863 possit?
376 784 418 846 lle
440 785 579 846 litteraria
600 785 691 864 igitur
710 785 859 864 republica
880 785 907 848 is
928 786 1126 864 praenuncio
1142 787 1219 850 bene
1239 807 1304 850 me·
1387 799 1392 810 ·

94 869 211 942 rebitur,
241 869 293 948 qui
321 887 405 930 saun
433 871 613 948 profanaque
634 869 801 932 eruditione
821 889 883 932 uon
903 888 1007 949 pamm
1039 871 1170 934 imbutus
1199 890 1306 936 noram

94 953 202 1050 parabit
223 953 406 1033 Apologetici
427 964 457 1016 et
476 953 601 1042 aliorum
624 954 794 1016 Tertulliani
815 972 939 1034 operum
959 955 1128 1018 editionem.
1163 956 1223 1020 Sed
1237 966 1305 1021 ante

93 1039 185 1100 omuia
215 1047 313 1100 textus
344 1037 423 1100 illius
451 1015 573 1110 ιιιιιιι
591 1039 649 1102 lide
671 1047 700 1100 et
722 1039 871 1118 diligentia
892 1040 929 1101 ad
949 1041 1165 1120 manuscriptos
1187 1042 1304 1104 codices

93 1123 255 1220 gallaecos,
278 1122 402 1196 italicos,
425 1124 619 1203 germanicus,
642 1123 818 1220 anglicanos,
841 1143 875 1186 ιι
894 1131 1008 1186 vatem
1031 1125 1176 1188 editiones
1197 1143 1303 1206 recog·

93 1207 169 1270 nosci
198 1207 289 1270 dohet
315 1216 345 1269 et
372 1209 517 1287 cashgari.
559 1207 664 1270 Plures
699 1208 778 1270 euim
806 1217 967 1288 supersunt
994 1209 1097 1272 saltem
1123 1210 1303 1290 Apologetioi

94 1291 153 1354 libri
167 1293 312 1390 optimae
338 1300 427 1354 uotae
448 1293 576 1365 codices,
604 1309 679 1372 quos
702 1311 790 1354 nemo
811 1293 952 1356 hactemus
974 1311 1041 1354 cum
1062 1293 1149 1356 editis
1171 1295 1302 1358 contulit.

93 1379 125 1438 ιι
150 1377 184 1438 si
204 1377 300 1439 varias
328 1396 363 1438 ιι
389 1385 491 1438 notatu
514 1338 616 1456 digrlas
638 1377 781 1439 lectiones
811 1397 848 1439 ex
879 1376 936 1439 illis
970 1387 1120 1457 excerptas
1148 1378 1227 1441 bona
1247 1379 1304 1442 lide

94 1461 232 1536 exhibeat,
263 1445 322 1524 ιιι
327 1480 398 1524 uero
424 1462 610 1541 genuinoque
633 1461 803 1524 Tertulliani
829 1470 911 1524 textu
940 1462 1050 1524 certius
1071 1462 1212 1526 iudicium
1233 1464 1303 1526 lerri

93 1547 204 1626 poterit.

604 1743 724 1810 CAPUT
745 1745 792 1808 lv.

404 1865 438 1916 ue
459 1866 552 1916 duobus
571 1865 712 1917 Tertulliani
732 1866 762 1916 ad
780 1865 893 1917 Nationes
911 1865 987 1917 libris.

623 1991 772 2004 *—

588 2087 754 2137 lltllctlllls
780 2085 797 2136 l.

484 2189 584 2246 hualqsls
601 2190 650 2233 libri
668 2191 731 2246 primi
751 2191 778 2234 od
796 2189 908 2263 Nationes.

169 2304 291 2368 llucbus
321 2305 357 2366 ad
378 2305 519 2368 Nationes
547 2306 631 2368 libris
660 2325 776 2368 causam
799 2305 998 2368 Tertullianus
1019 2305 1114 2368 adhuc
1135 2308 1193 2384 egit
1214 2306 1301 2368 Clui-

94 2389 249 2452 suanorum
282 2390 414 2469 duasque
435 2399 590 2486 utrimnque
610 2391 719 2454 librum
739 2391 812 2454 satis
834 2398 936 2469 aperte
958 2389 1058 2451 divisit
1078 2389 1108 2452 in
1130 2399 1239 2469 partes.
1268 2391 1302 2452 lu

95 2473 181 2551 pruna
207 2474 355 2553 siquidem
372 2474 490 2572 prioris
503 2475 570 2536 libri
592 2476 730 2550 ostendit,
753 2475 936 2537 Christianos
958 2493 1013 2536 ιιι
1033 2474 1149 2536 auditos
1172 2494 1227 2537 nec
1247 2475 1302 2538 dc·

97 2559 187 2619 lensos
209 2559 408 2622 falsissimis
399 2559 655 2640 iniquissimisque
676 2559 899 2638 praeiudiciisa
923 2559 1080 2638 gentilibus
1095 2559 1202 2633 vexari,
1226 2579 1300 2622 con·

95 2641 217 2706 demuari
251 2663 287 2706 ac
313 2643 518 2706 crudelissime
546 2646 644 2707 necari
672 2645 749 2720 (Lib.
771 2645 794 2706 ι.
824 2663 886 2724 cap.
913 2648 941 2708 1.
970 2652 1000 2707 ιι
1020 2647 1125 2722 seqq).
1151 2607 1300 2706 'Planum

95 2745 155 2789 rere
178 2728 337 2792 sectruda
329 2747 359 2790 ιι
381 2737 465 2808 parte
487 2729 628 2792 omnibus
647 2729 725 2803 lacit,
747 2729 820 2790 lalsa
842 2729 964 2790 omniuo
985 2747 1052 2790 esse
1074 2745 1198 2806 quorum
1214 2729 1300 2790 Chri·

93 2813 175 2874 stiaui
206 2811 419 2876 accusabantur
449 2814 571 2876 crimina
592 2776 757 2892 horumque
779 2832 848 2879 reos
869 2831 973 2874 reuera
995 2831 1062 2872 esse
1080 2811 1203 2890 gentiles
1226 2815 1300 2891 (cap

93 2899 118 2958 9.
138 2906 169 2960 ιι
190 2901 296 2977 seqq).
340 2897 374 2972 lp
402 2898 496 2977 prima
523 2907 621 2960 autem
652 2897 775 2960 seouudi
803 2897 869 2959 libri
891 2903 975 2975 parte
996 2896 1186 2968 dmonstrat,
1215 2915 1302 2975 quam

95 3001 157 3044 rana
180 2991 209 3044 ιι
230 2982 359 3048 absurda
380 2983 419 3044 sit
439 2983 506 3046 licta
526 3003 544 3044 a
565 2983 696 3044 Varrone
718 2981 823 3061 triplex
844 2980 1030 3042 ethnicorum
1050 2979 1206 3060 theologia,
1228 2999 1303 3060 quae

94 3065 187 3128 abeo
213 3067 344 3146 physica,
375 3067 500 3146 mythice
527 3085 562 3128 ιι
588 3065 701 3146 plebeia
731 3066 794 3127 sive
821 3065 938 3144 gentilis
969 3064 1130 3143 appellatur
1166 3065 1243 3138 (Lib.
1264 3065 1301 3126 ll.
1399 3081 1405 3094 ·

96 3169 147 3230 up.
173 3156 201 3216 7.
226 3161 254 3212 ιι
276 3158 383 3231 seqq..)
427 3150 460 3212 lu
482 3151 611 3214 secunda
632 3158 728 3212 autem
750 3158 833 3230 parte
854 3151 1037 3224 demonstrat
1058 3149 1130 3211 deus
1150 3150 1303 3212 Romano-

95 3253 149 3298 rum
173 3237 263 3298 lalsos
284 3255 354 3298 esse
385 3236 528 3316 planeque
550 3235 766 3298 commentitios
799 3238 875 3315 (cup.
897 3237 928 3298 9.
951 3242 981 3296 ιι
1002 3239 1106 3314 seqq..)
1150 3235 1208 3298 Sed
1230 3236 1303 3297 haec

95 3321 172 3398 paulo
194 3321 350 3384 enodatius
374 3321 541 3400 explicanda
563 3329 641 3382 suut.

168 3405 302 3468 Primum
329 3407 428 3485 itaque
455 3407 578 3469 ethnicis
605 3405 675 3467 uitio
704 3405 799 3479 vertit,
828 3404 907 3484 quod
921 3403 1102 3502 implacabili
1124 3403 1192 3466 odio
1215 3404 1301 3467 Chri·

98 3490 196 3554 stieuos
228 3499 486 3570 persequerentur,
516 3491 631 3552 ιιιιιιιι
657 3491 707 3569 qui
735 3450 870 3569 qualesve
903 3489 964 3552 siut
993 3489 1110 3568 peuitus
1133 3489 1303 3567 ignorarent

96 3577 238 3638 musairo
259 3593 390 3654 uuquam
412 3574 566 3637 volueriut.
610 3575 664 3638 Ubi
687 3575 815 3654 primum
837 3574 914 3636 enim
939 3573 1005 3634 illos
1027 3581 1215 3652 agnoverant,
1238 3581 1301 3634 sta·

96 3657 139 3720 tim
158 3659 334 3724 desinebant
354 3659 454 3721 odisse
476 3659 721 3737 christianamque
742 3659 915 3738 religionem
937 3658 1014 3720 ultro
1043 3656 1301 3736 amplectebantur.

94 3741 185 3822 Neque
206 3742 237 3807 id
259 3745 361 3822 negari
382 3751 508 3822 poterat,
537 3743 614 3823 quod
636 3744 778 3808 clamabat
797 3743 966 3822 quotidiana
987 3743 1124 3824 ipsorum
1142 3741 1179 3801 de
1199 3739 1300 3802 multi-

96 3827 190 3902 plicatc
221 3829 457 3892 Christianorum
485 3847 609 3891 numero
637 3827 830 3906 querimonia
879 3827 945 3888 Nou
973 3827 1044 3888 sinit
1070 3832 1167 3886 autem
1192 3824 1302 3885 Auctor

96 3923 187 3974 noster
214 3913 275 3976 sibi
302 3912 391 3975 obiici
417 3914 483 3988 hos,
512 3921 544 3974 ut
571 3913 636 3976 lieri
656 3912 811 3991 aliquando
834 3911 920 3985 solet,
948 3911 979 3972 iu
1000 3909 1109 3972 malum
1129 3927 1300 3972 couversos.

95 3993 198 4060 Nudam
219 3999 331 4079 quippe
351 3997 421 4060 mali
442 4007 542 4061 uotam
562 3997 648 4060 habet
674 3997 850 4059 christianae
871 3995 1022 4076 religionis
1036 3993 1194 4073 molossia,
1217 3993 1300 4054 cuius

97 4083 235 4146 uuuiuem
254 4093 306 4144 aut
327 4082 418 4162 pudet
438 4091 489 4144 aut
508 4083 641 4163 poenitet
661 4099 694 4144 ac
715 4082 752 4143 de
774 4100 830 4160 qua
851 4099 955 4142 omues
977 4079 1103 4158 pudent
1128 4087 1159 4140 ιι
1171 4079 1300 4158 glorim

97 4171 137 4224 tur
156 4168 233 4242 (Lib.
253 4168 278 4230 ι.
300 4187 364 4230 ιιι.
390 4171 441 4244 1..)

171 4252 203 4314 Si
225 4271 283 4332 qne
304 4186 374 4314 uelo
396 4252 525 4315 luissent
545 4251 778 4314 Christianorum
800 4250 931 4322 erimina,
961 4247 997 4310 ad
1012 4266 1059 4312 ,ιι
1080 4247 1180 4328 utique
1201 4247 1299 4309 decla-

98 4337 177 4398 randa
199 4338 264 4400 illos
286 4337 396 4400 ethuici
417 4336 588 4416 quaestione
610 4355 644 4398 ac
664 4335 819 4399 tormentis
842 4351 948 4414 cogere
969 4331 1122 4394 debebant
1143 4335 1181 4394 dt
1194 4352 1211 4394 e
1226 4349 1299 4394 con-

99 4421 207 4482 trario
200 4423 236 4484 ris
258 4439 369 4484 nomen
396 4441 483 4484 suum
504 4421 549 4483 vel
571 4429 679 4500 sponte
700 4419 875 4498 negantibus
896 4418 943 4480 rel
964 4435 1071 4515 ungam
1093 4417 1202 4480 coactis
1224 4435 1298 4478 ιιι-

99 4503 187 4568 ιιιιιιι
218 4508 371 4570 medentes
392 4507 476 4568 litari
498 4525 614 4586 quoque
634 4504 779 4568 dehebant
800 4503 873 4564 nihil
892 4501 990 4564 mali
982 4521 1013 4564 ιι
1035 4521 1139 4565 eorum
1159 4501 1300 4580 religione

102 4603 179 4664 posse
206 4591 394 4674 deprehendi.
439 4591 507 4654 Suis
534 4600 687 4671 practerea
712 4588 825 4670 legibus
853 4587 974 4668 quilibet
994 4587 1105 4652 iudices
1127 4586 1300 4650 tenebantur
