3122 5250
489 389 624 435 tuerere
644 391 704 438 nro
725 391 764 434 ue
785 391 911 436 neuma.
1246 377 1309 444 ate

95 547 230 621 quietem
257 539 417 620 ipsummet
443 539 669 604 Tertullianum:
706 539 742 604 St·
768 541 912 606 henotici
935 550 1017 615 sset,
1051 542 1310 610 commutasse

94 645 155 689 aee
177 635 318 705 potsunt,
348 643 410 688 een
437 644 456 687 o
480 625 600 689 Christo
629 626 761 690 hahendo
788 628 867 707 guod
894 627 929 689 de
955 645 1014 690 sue
1041 628 1182 692 electione
1203 635 1312 694 caeteta·

96 711 312 774 lunaticorum
333 713 457 772 nemine
477 711 640 774 admittunt
661 710 755 786 (ldem
775 710 827 774 lib.
849 711 886 772 de
906 711 1081 792 Praescript.
1104 712 1222 776 Haeret
1245 731 1308 797 cap.

95 797 167 872 tt).
210 795 283 858 Eam
305 811 377 856 sane
399 794 578 856 ebcausam
607 795 758 858 christiani
780 794 973 876 imperatores
995 796 1151 860 uoluerunt
1170 797 1237 861 illes
1251 817 1308 862 no·

95 880 172 942 mine
193 879 322 942 auctoris
344 878 391 940 sui
413 879 585 959 nuncupari,
609 879 812 943 metusmetus
835 893 908 942 sunt
929 885 961 944 in
984 883 1143 946 decerem
1159 883 1221 946 lieo
1241 889 1311 948 eiai-

96 968 154 1028 toti
173 964 258 1038 (Ced.
282 963 433 1026 Theodes.
455 963 500 1024 tit
522 964 560 1025 de
582 964 699 1027 Haeret.
722 965 779 1045 leg.
801 968 853 1029 65.
875 983 906 1044 p.
931 968 1000 1032 teo.
1025 966 1175 1046 tem.l'l.),
1196 968 1243 1030 vel
1263 969 1308 1032 si-

95 1057 144 1111 cut
163 1049 240 1128 apud
262 1049 414 1110 Socratem
435 1048 531 1110 eiehat
552 1048 741 1112 Constantius
762 1050 895 1128 Magnus,
915 1060 951 1112 ut
972 1069 1101 1132 puerum
1122 1057 1219 1116 secuti
1237 1064 1312 1120 suttt

93 1152 201 1206 meres,
231 1149 335 1208 eorum
362 1138 452 1198 etiem
479 1133 625 1198 vocabulo
647 1134 841 1216 appellentur
872 1134 999 1208 (Socrat.
1020 1135 1070 1198 lib.
1092 1135 1117 1198 l.
1140 1155 1203 1218 cap.
1226 1139 1257 1204 9.
1279 1155 1310 1220 p.

94 1221 168 1298 32).
211 1217 366 1280 Rationem
395 1217 421 1279 si
448 1236 583 1298 quaeras,
615 1217 692 1282 hauc
712 1237 729 1280 a
751 1218 894 1300 Cypriane
916 1219 1030 1300 accipe:
1063 1219 1150 1284 Sient
1171 1222 1310 1288 diebehta

96 1303 233 1367 Cln’stats
255 1321 319 1366 ooo
340 1313 393 1374 eet,
416 1308 551 1384 quemvis
573 1301 668 1381 fellet
687 1308 721 1366 ia
741 1309 860 1367 nomine
880 1303 983 1378 illeiis,
1018 1309 1061 1367 tto
1082 1325 1136 1370 uec
1160 1307 1310 1372 Christis

94 1407 151 1450 nus
174 1389 274 1451 videri
290 1399 390 1468 petest
411 1391 463 1468 gui
482 1405 546 1450 nest
563 1402 722 1470 permonet
742 1393 775 1450 io
796 1389 945 1468 euangelii
966 1400 995 1452 et
1019 1395 1084 1452 eius
1098 1392 1171 1472 fidei
1183 1396 1310 1456 ueritete

95 1472 241 1552 (Cypriam
264 1470 315 1533 lib.
338 1471 374 1534 de
396 1471 475 1534 Unio
498 1471 608 1534 Cocles.
631 1491 661 1551 p.
686 1477 780 1548 lli).
811 1473 898 1535 Vides
921 1493 993 1536 sane
1014 1475 1115 1554 quanti
1136 1475 1256 1538 ruboris
1271 1477 1311 1540 sit

95 1558 152 1620 hoc
179 1557 322 1619 adversus
344 1555 491 1635 quoslibet
510 1557 675 1620 haereticos
695 1565 909 1636 argumentum,
938 1558 1016 1638 quod
1038 1578 1075 1620 ex
1096 1559 1310 1641 praescriptio-

94 1641 180 1704 nibus
213 1641 277 1703 sive
303 1641 421 1720 antiqua
443 1641 657 1721 discipulorum
679 1641 787 1704 Christi
811 1642 968 1704 traditione
988 1643 1110 1722 petitum
1133 1652 1190 1707 est.
1233 1647 1310 1708 Tor-

94 1727 232 1788 tullianus
260 1724 339 1787 enim
368 1734 468 1804 aperte
496 1726 679 1788 demonstrat
699 1726 772 1788 nihil
791 1726 910 1806 penitus
931 1727 1054 1807 gentiles
1076 1728 1216 1792 adeamus
1237 1729 1311 1792 reli·

94 1811 189 1890 gionis
216 1809 393 1872 christianae
425 1811 636 1889 perlectionem
667 1811 812 1873 conticere
843 1830 935 1891 posse
968 1831 1004 1873 ex
1031 1813 1172 1892 pessimis
1193 1813 1311 1878 illenim

95 1895 246 1958 erroribus
275 1894 504 1969 haereticorum,
532 1895 642 1975 quippe
669 1895 719 1976 qui
746 1915 844 1958 reram
867 1895 975 1959 Christi
996 1896 1158 1961 doctrinam
1179 1898 1220 1962 ita
1241 1919 1310 1964 eer-

96 1989 246 2061 mperant,
269 1987 303 2041 ut
323 1998 378 2043 nee
398 1979 464 2058 ipse
487 1979 720 2042 Christianorum
742 1979 862 2044 nemine
883 1981 963 2062 digni
984 1981 1173 2046 haberentur.

179 2063 313 2126 Tertium
334 2064 452 2126 taudem
473 2072 536 2127 erat
557 2063 792 2128 Christianorum
813 2085 915 2146 genus,
944 2067 993 2146 qui
1024 2067 1092 2130 fidei
1114 2086 1185 2130 suae
1206 2069 1311 2132 deser·-

95 2159 175 2212 teres
199 2158 229 2211 et
250 2157 400 2229 apostatae
432 2149 468 2210 ad
489 2149 597 2229 impios
620 2150 742 2213 deorum
763 2151 859 2212 cultus
887 2159 1025 2232 tanquam
1046 2169 1134 2214 canes
1155 2153 1193 2215 ad
1214 2154 1312 2217 tomi-

95 2245 155 2298 tum
184 2233 298 2296 reversi
330 2235 456 2296 luerunt.
500 2234 561 2296 Sed
582 2237 691 2298 lrustra
712 2236 823 2298 ethnici
845 2255 880 2298 er
902 2237 1009 2298 herum
1031 2245 1229 2315 apostatarum
1251 2239 1311 2302 cri-

95 2320 173 2380 mine
196 2318 305 2399 aliquid
327 2318 468 2380 aduersus
483 2318 677 2382 Christianam
699 2319 872 2400 religionem
892 2319 994 2383 inferri
1014 2340 1105 2402 posse
1126 2323 1311 2386 arbitraban-

95 2413 151 2466 tur.
197 2403 271 2466 Nam
302 2403 353 2484 qui
385 2403 481 2466 dotem
503 2403 623 2466 Christe
649 2405 737 2467 neem
766 2405 955 2480 deleverant,
987 2425 1048 2468 nou
1077 2417 1160 2470 eraut
1187 2408 1311 2488 amplius

96 2488 254 2550 Christiani
285 2507 342 2550 nee
361 2495 499 2568 poteraut
519 2487 577 2552 hoc
597 2489 736 2569 appellari
757 2489 887 2551 nomine.
932 2490 1131 2563 Quamobrem
1154 2492 1312 2555 Tertullia-

94 2593 149 2636 nus
170 2573 306 2636 ethnicos
327 2571 374 2634 his
389 2572 487 2635 verbis
503 2573 672 2653 compellat:
695 2575 852 2638 Eiusmodi
866 2575 996 2638 hemines
1022 2593 1116 2656 oeque
1132 2586 1314 2658 congregent

94 2657 796 2806 tt.t.-t⁰ttli“t..t.⁰lttt..illiti
814 2659 922 2806 llll
935 2661 1179 2808 35''.'{.⁰..'i⁶.l.''b
1194 2663 1313 2825 till

97 2829 165 2890 dum
187 2763 302 2907 subbgit
323 2825 458 2902 (Tertull.
479 2826 530 2888 lib.
552 2763 634 2888 hqad
655 2827 720 2889 Nat.
743 2845 808 2906 cap.
829 2833 883 2906 5.).
918 2764 1022 2900 qOuam
1051 2836 1148 2890 autem
1176 2829 1233 2890 hoc
1259 2847 1311 2891 ae-

95 2931 160 2973 rum
183 2911 223 2974 sit
245 2931 281 2974 ex
302 2910 338 2972 iis
360 2910 563 2992 uuusquisque
585 2910 668 2974 iacile
689 2911 831 2991 intelliget
852 2931 927 2992 qtrae
952 2911 1112 2992 Cyprianus
1133 2911 1240 2992 aliique
1257 2931 1312 2974 an-

96 2997 169 3076 tiqui
202 2996 364 3075 scriptores
396 2996 494 3058 nestri
526 2996 687 3060 memoriae
719 2996 797 3058 haud
828 2996 918 3058 semel
938 2996 1134 3076 prodiderunt
1155 2998 1191 3060 de
1212 2997 1313 3077 lapsis,

97 3083 144 3159 qui
178 3089 369 3160 tyrannomm
401 3080 489 3142 minis
519 3088 549 3142 et
581 3080 757 3144 emolatihus
786 3081 976 3144 christianam
1004 3079 1091 3143 fldem
1118 3081 1311 3145 eiuraverant.

97 3165 155 3228 Sed
183 3166 221 3226 de
248 3165 306 3226 illis
334 3165 530 3245 opportunior
557 3165 727 3245 disputandi
746 3166 831 3228 locus
853 3165 940 3228 nobis
962 3165 1087 3227 dabitur.
1131 3166 1221 3230 Recte
1242 3186 1313 3248 ergo

98 3249 297 3312 Tertullianus
319 3249 452 3312 ethnices
472 3267 579 3312 rursus
600 3248 775 3332 alloquendo
798 3250 842 3313 sic
864 3250 1026 3312 concludit:
1048 3251 1121 3312 Siue
1137 3271 1229 3315 ceusu
1243 3252 1314 3316 illos

98 3340 211 3398 secutas
236 3335 427 3397 Christianos
448 3353 523 3418 ques
544 3338 606 3414 ipsi
625 3346 735 3417 negent
757 3335 930 3407 Christiani,
952 3339 1004 3416 qui
1024 3354 1064 3407 ac,
1086 3337 1118 3398 id
1143 3349 1188 3400 est
1201 3336 1317 3404 Christi

99 3419 193 3496 fidem
216 3437 330 3500 negare
350 3437 413 3482 oen
433 3429 551 3483 norum
572 3418 682 3496 (ibid).
711 3420 780 3482 Veri
802 3419 946 3500 siquidem
958 3419 1113 3482 Christiani
1136 3419 1316 3500 quibuslibet

101 3503 258 3566 dirissimis
288 3503 444 3565 tormentis
472 3502 566 3566 vexati
593 3504 771 3567 christianae
801 3504 953 3585 religionis
974 3504 1127 3568 venialem
1148 3505 1185 3566 ad
1206 3507 1313 3570 cruda-

100 3585 239 3650 lissimam
267 3606 362 3668 usque
389 3587 620 3650 internecionem
638 3589 881 3652 constantissime
912 3598 1081 3652 asserentes
1109 3591 1239 3670 martyrii
1260 3610 1314 3653 ce-

104 3687 200 3734 ronam
223 3672 488 3751 consequebantur.
519 3673 580 3734 Sed
600 3673 669 3754 quid
691 3675 729 3736 de
750 3675 798 3736 his
811 3674 1004 3737 sanctissimis
1021 3673 1196 3754 martyribus
1206 3674 1317 3738 ductor

104 3765 201 3820 nostm
222 3756 386 3832 tradiderit,
409 3757 468 3820 iam
490 3757 704 3838 explanandum
727 3771 782 3822 est.

600 3943 721 4006 CAPUT
745 3943 817 4004 XVI.

529 4061 562 4112 lla
580 4061 716 4113 christianis
734 4061 885 4126 martyribus.
936 4059 941 4068 ”

637 4171 777 4183 *-

607 4247 772 4298 tertctlttts
793 4247 811 4296 l.

108 4345 184 4394 tonos
202 4360 229 4394 ae
246 4361 315 4406 quam
332 4349 398 4394 vertis
415 4349 576 4406 horrendisque
594 4351 730 4396 cruciatibus
748 4349 864 4394 comedoni
882 4349 910 4394 ab
928 4348 1020 4392 adauicis
1037 4355 1192 4404 torquerentur
1210 4357 1231 4396 st
1248 4351 1316 4396 truct-

366 4418 483 4471 darentur,
500 4431 527 4462 ac
545 4430 585 4464 cur
602 4417 741 4462 sarmenticii
760 4425 781 4462 et
798 4417 893 4461 Samarii
910 4415 981 4460 vocati
999 4416 1050 4460 sint.

184 4513 268 4578 Nulla
294 4515 489 4596 proculdubie
511 4517 743 4580 Christianorum
769 4517 861 4580 virtus
890 4515 982 4594 magis
1014 4515 1130 4578 refulsit
1156 4535 1242 4596 quam
1264 4517 1314 4578 in·

109 4593 261 4664 notissima
288 4601 319 4663 in
347 4601 506 4664 tolerandis
533 4621 588 4682 pre
618 4602 767 4683 religionis
797 4621 867 4664 suae
890 4600 1062 4664 defensione
1084 4601 1234 4681 suppliciis
1256 4619 1312 4681 pa-
