3036 5230
421 394 559 438 lucrose
581 393 622 438 ro.
647 393 710 436 stu.
733 393 857 436 suumn.
1184 377 1248 442 695

121 546 288 616 Tertullianus
305 547 358 598 adr.
377 549 490 598 Praxean.
640 561 656 588 υ
773 543 915 609 Hippolytus
934 553 1016 595 contro
1035 545 1145 596 houton.
1249 585 1251 591 Α

20 648 93 692 curo
107 631 268 708 passiones
281 647 350 692 suas
361 631 460 692 iuncta
473 630 523 702 sit,
539 646 611 690 eso·
664 627 778 712 κοπιᾷ,
804 627 859 690 καὶ
878 625 1009 712 κάμνων
1024 627 1119 713 διψᾷ,
1136 662 1175 674 -
1191 627 1245 694 καὶ

20 715 101 776 riens
124 715 181 776 sub
205 715 339 788 diabolo,
362 714 466 776 sitiens
481 713 539 776 sub
553 715 610 774 Sa·
665 703 807 795 ἆγονιῶν
824 709 920 796 ἱδροῖ.

20 799 167 873 maritide,
189 801 266 862 flens
282 799 435 870 Lazarum,
458 799 542 860 anxia
557 817 611 858 us-

20 903 75 962 qne
95 885 133 946 ad
153 893 314 958 mortemt,
336 883 464 962 denique
484 895 514 945 et
527 899 611 943 mor·

20 975 76 1030 tua.
93 1002 135 1014 —
206 1015 210 1020 -

562 1271 591 1344 a.
615 1267 716 1329 xvnr.

501 1403 776 1453 Conclusio.

108 1555 168 1615 Sed
197 1553 255 1616 iam
285 1553 346 1614 otio
376 1554 582 1626 destituimur,
604 1547 669 1632 ‘quo
701 1555 736 1616 ad
766 1554 1003 1634 prosequendam
1030 1554 1107 1616 illam
1130 1573 1250 1615 cansam

20 1656 82 1699 non
113 1639 233 1700 modico
263 1648 423 1717 opusest.
467 1639 523 1700 Fas
554 1639 594 1698 sit
615 1639 711 1717 itaque
735 1640 846 1700 interea
870 1658 926 1700 nos
949 1639 1030 1700 abire
1052 1640 1088 1699 ab
1111 1638 1167 1698 ista
1190 1649 1248 1699 tam

20 1723 148 1784 molesta
178 1732 208 1782 et
229 1722 338 1783 difficili
360 1723 542 1801 provincia,
558 1741 645 1800 qnam
668 1723 723 1784 bac
743 1725 838 1804 prima
861 1723 1069 1806 dissertatione
1091 1723 1250 1801 gerendam

22 1825 264 1886 susceperamus,
297 1803 349 1867 'Ea
373 1807 428 1868 etsi
451 1807 573 1868 minime
597 1807 641 1868 sic
663 1825 719 1868 nos
741 1810 913 1886 perfunctos
936 1827 1004 1869 esse
1027 1807 1195 1878 statuimus,
1218 1815 1251 1868 ut

22 1871 144 1970 quidem
167 1891 224 1969 ipsi
246 1890 479 1964 institueramus,
502 1883 654 1970 perpetuis
676 1892 799 1953 aliorum
823 1891 1010 1970 negotiorum
1030 1890 1250 1970 impedimentis

22 1994 113 2052 saepe
143 1975 271 2034 avocati:
300 1983 398 2036 tamen
425 1993 486 2035 non
514 1976 665 2062 pigethaut
685 1976 819 2054 poenitet
840 1994 897 2037 nos
920 1976 983 2036 eius
1006 1995 1129 2054 operae,
1163 1992 1252 2052 quam

21 2060 94 2119 huic
115 2068 290 2135 argumento
312 2059 520 2138 impendimus.
565 2059 626 2120 Nec
647 2060 815 2122 dubitamus
830 2061 905 2133 lore,
928 2068 960 2120 ut
975 2078 1131 2120 exoremus
1146 2057 1248 2136 aequi-

23 2161 111 2204 orum
140 2142 271 2203 iudicum
299 2143 456 2222 benignam
485 2144 616 2217 veniant,
646 2144 696 2221 qui
716 2145 782 2222 ,ipsi
812 2152 841 2205 et
868 2144 1074 2223 perspexerint
1096 2143 1138 2203 rei
1160 2141 1249 2216 illam,

22 2246 110 2306 quarn
135 2227 356 2300 devoravimus,
384 2227 565 2300 molestiam,
589 2227 686 2288 ethis
710 2248 744 2288 ex
768 2228 943 2289 rudimentis
965 2229 1130 2288 studiorum
1153 2244 1249 2286 novo-

21 2330 87 2372 rum
119 2311 276 2372 didicerint
303 2331 359 2372 nec
386 2312 565 2390 diligentiam
587 2313 659 2373 mibi
682 2313 829 2385 defuisse,
860 2332 929 2383 nec,
960 2313 985 2372 si
1008 2311 1107 2372 dicere
1128 2311 1172 2371 las
1196 2317 1251 2382 est,

23 2395 129 2456 alicubi
151 2397 312 2456 l'ortunam.
342 2395 504 2458 'Novarum
533 2406 613 2457 certe
636 2395 873 2460 observationum
896 2395 1088 2474 utrarumdam
1111 2397 1168 2455 nos
1191 2411 1252 2454 non

22 2481 129 2558 pudet,
159 2498 285 2558 quarum
315 2479 443 2553 utilitas,
477 2481 503 2540 si
533 2481 715 2542 eruditorum
745 2481 868 2542 aliorum
893 2481 1047 2541 commoda
1070 2479 1254 2540 accesserint

22 2563 176 2636 benelicia,
202 2563 390 2622 hauddubie
412 2583 507 2625 novae
530 2565 565 2624 ad
589 2565 743 2624 historiam
766 2564 994 2629 ecclesiasticam
1017 2564 1091 2623 lucis
1114 2581 1174 2622 non
1195 2579 1250 2639 pa-

23 2667 89 2709 rum
113 2649 238 2708 adferet.
284 2647 605 2708 Obscurissima‘enim
628 2648 675 2708 illa
697 2656 846 2726 tempora,
876 2667 950 2726 quae
972 2647 1095 2716 lustini,
1126 2643 1250 2715 Tatiani,

24 2732 155 2802 lrenaei,
186 2730 359 2792 Tertulliani
382 2731 556 2791 nominibus
579 2740 609 2791 et
630 2733 747 2808 scriptis
772 2740 882 2792 tantum
906 2730 1142 2806 distinguuntur,
1165 2737 1252 2804 atque

25 2835 41 2876 a
65 2815 302 2876 Christianorum
332 2815 507 2876 societatum
536 2813 660 2894 publicis
690 2814 782 2875 initiis
810 2815 935 2893 propius
958 2813 1082 2884 absunt,
1115 2811 1252 2870 videntur

24 2919 130 2978 parum
153 2907 251 2960 certae
273 2899 414 2959 historiae
436 2899 472 2959 ad
494 2916 552 2958 nos
574 2897 792 2970 transmittere,
814 2897 956 2958 historiae
978 2903 1075 2957 autent
1098 2912 1183 2954 verae
1205 2901 1252 2954 at-

26 2993 83 3062 que
112 2986 256 3062 ingenuae
285 2983 369 3062 quasi
396 2991 599 3062 paupertatem
622 2989 708 3060 atque
731 2981 861 3060 inopiam
884 3000 919 3041 ex
940 2980 1061 3040 incertis
1085 2987 1171 3056 atque
1188 2975 1251 3038 'tlu-

25 3069 82 3128 biis
105 3069 164 3129 illis
189 3067 272 3128 libris
295 3068 369 3128 satis
392 3067 547 3128 commode
569 3066 701 3146 suppleri
724 3084 824 3145 posse·
837 3065 957 3126 minime
979 3064 1138 3125 credimus.
1187 3060 1252 3122 Sci-

26 3172 96 3212 mus
126 3151 258 3212 nondum
280 3149 458 3213 luculentum
480 3159 567 3230 atque
589 3149 862 3229 splendidissimum
884 3168 952 3210 esse
975 3148 1044 3209 illud
1068 3145 1253 3220 beneficium,

27 3237 107 3316 quod
130 3235 271 3296 historiae
294 3235 509 3296 ecclesiasticae
531 3237 575 3296 sic
595 3233 808 3314 praestitimus,
831 3234 937 3295 deesse
959 3231 1054 3293 adhuc
1068 3231 1146 3292 illam
1158 3230 1254 3290 lucem

28 3322 136 3381 claram
161 3328 191 3378 et
212 3321 353 3392 faustam,
377 3339 451 3398 quae
474 3319 589 3380 veritati
613 3327 642 3380 et
664 3319 806 3380 historiae
829 3317 905 3380 solet
925 3313 1046 3397 propria
1069 3334 1148 3376 esse.
1194 3313 1254 3375 Sed

27 3424 88 3464 non
113 3403 297 3476 dubitamus,
320 3404 417 3482 parnis
439 3404 487 3465 his
511 3404 601 3464 initiis
625 3404 742 3464 tandem
765 3403 913 3464 feliciores
936 3419 1092 3463 successus
1115 3415 1175 3461 non
1197 3399 1252 3460 de-

27 3490 156 3549 futuros.
206 3487 326 3548 Veniam
354 3488 467 3550 interea
495 3489 620 3560 dabunt,
650 3488 700 3568 qui
729 3487 870 3549 historiae
899 3493 957 3547 tam
987 3493 1119 3546 vetustae
1143 3490 1253 3544 ettam

29 3563 140 3632 difficili
162 3571 238 3633 bene
261 3574 390 3651 cupiunt,
413 3575 490 3652 quod
514 3573 579 3635 ausi
602 3592 706 3634 sumus
729 3581 864 3633 nostram
886 3570 1065 3650 diligentiam
1087 3568 1176 3644 longe
1197 3566 1252 3627 ali-

28 3664 75 3716 ter
103 3665 189 3734 atque
214 3656 270 3716 alio
293 3657 418 3718 consilio
441 3657 628 3735 impendere,
658 3675 745 3734 quam
769 3657 832 3716 lieri
854 3655 978 3715 solebat.
1021 3650 1160 3712 Nondum
1182 3667 1253 3709 sen-

30 3739 152 3798 tentiam
191 3740 311 3799 omnino
349 3741 468 3801 tulimus
502 3741 539 3800 de
571 3739 618 3800 bis
652 3739 767 3799 lrenaei
795 3747 824 3798 et
857 3736 1029 3797 Tertulliani
1062 3733 1161 3803 libris3
1201 3731 1255 3792 sed

31 3821 213 3898 suspicionis
235 3839 328 3881 norae
350 3823 456 3882 iustam
480 3823 624 3882 rationem
638 3841 699 3882 non
715 3821 849 3882 attulisse
868 3821 1034 3898 opinamur.
1078 3816 1145 3877 Nou
1160 3814 1256 3875 deerit

31 3902 79 3963 illa
101 3904 308 3983 opportunitas
330 3905 531 3984 prosequendi
554 3905 641 3983 alque
663 3903 829 3966 illustrandi
851 3902 1032 3982 argumenti,
1055 3919 1121 3961 curn
1144 3899 1180 3960 ad
1203 3917 1254 3958 sc·

31 3987 157 4048 condam
180 3989 420 4050 dissertationem
443 3987 669 4050 Tertulliaueam
693 3987 916 4060 accesserimus,
939 3983 1163 4056 deuotionibus
1179 3982 1254 4060 dog-

30 4070 165 4146 maticis,
194 4091 266 4151 quas
280 4073 318 4134 lhi
340 4072 425 4146 libri,
456 4091 532 4152 quos
555 4071 619 4134 eius
641 4072 761 4134 nomine
782 4072 925 4150 legimus,
947 4075 1107 4148 praeeunt,
1131 4074 1161 4127 et
1181 4083 1254 4144 quas

33 4156 184 4217 Gnosticis
213 4156 343 4218 tribuere
365 4156 442 4218 solet
463 4157 603 4219 lreoaeos
624 4156 673 4218 ille
695 4165 725 4218 et
747 4154 963 4227 Tertullianus3
995 4152 1074 4230 quod
1096 4168 1255 4229 argumen-

32 4246 95 4300 tum
119 4241 245 4302 maxime
266 4241 440 4320 frugiferum
463 4259 633 4320 speramus,
659 4241 685 4304 si
707 4240 786 4303 Deus
808 4237 951 4310 voluerit,
973 4236 1017 4298 sic
1037 4235 1202 4306 illustrare,
1224 4240 1257 4294 ut

34 4325 244 4388 obscuritatem
275 4325 352 4388 illam
382 4325 533 4408 paululum
555 4325 765 4405 dispellamus,
794 4341 868 4404 quae
889 4321 987 4383 locum
1008 4319 1089 4380 illum
1112 4319 1148 4379 de
1171 4317 1256 4378 Gno-

34 4409 117 4471 sticis
137 4412 200 4472 eius
223 4411 367 4491 temporis
390 4419 528 4492 occupat,
557 4410 636 4490 qood
658 4417 730 4490 post
751 4409 932 4470 Clementem
953 4403 1179 4466 Alexandrinum
1201 4402 1256 4462 de-

103 4613 124 4662 p.
143 4599 191 4649 llas
209 4598 341 4649 sententias
367 4612 416 4648 uon
440 4597 544 4648 obscure
567 4595 674 4648 imitator
690 4595 739 4646 beo
757 4595 783 4646 in
799 4593 841 4645 nn
858 4557 967 4658 Epistol·
984 4589 1015 4640 sd
1032 4589 1179 4640 Florianum.
