3122 5250
474 401 607 446 ructetur
629 401 688 448 liic·
711 401 748 446 ut
769 401 896 448 Nolim·

230 549 314 624 Quae
334 551 422 615 nubit
444 555 541 624 toties,
564 569 628 616 non
647 552 744 625 nubit,
767 551 909 616 adultera
931 551 992 633 laps
1012 564 1076 618 est:

295 635 441 718 Offendor
461 637 582 699 maccla
602 637 785 718 simpliciore
805 641 915 700 minus.

764 721 898 796 (ttantot.
921 721 972 784 lib.
993 721 1040 786 Vl.
1062 721 1160 802 Epigr.
1185 729 1227 798 7.)

160 837 269 898 Verum
292 837 365 900 adeo
390 839 526 900 eilracnis
550 849 613 902 erat
633 840 706 902 baec
719 839 1036 920 nelaria·repudiorum
1050 838 1176 916 licentia,
1199 845 1293 906 utrix

70 939 204 1000 unquam
225 921 291 984 ullis
314 923 534 1004 imperatorum,
557 943 680 1004 quarum
701 919 802 1006 plures
825 925 919 986 adhuc
940 932 1047 1000 extant,
1069 924 1182 1004 legibus
1198 929 1292 990 reine-

70 1007 136 1068 uari
159 1007 299 1086 potuerit.
331 1007 408 1082 Quid
429 1027 510 1082 aero,
535 1010 613 1088 quod
635 1027 696 1070 nan
718 1011 814 1072 solunt
828 1017 874 1071 tot
887 1017 1004 1089 tamque
1020 1010 1184 1088 praeclaras
1199 1011 1290 1091 leges,

68 1110 131 1170 quo
155 1090 281 1154 diximus
304 1093 404 1166 modo,
427 1091 645 1166 conculcabant,
668 1093 721 1155 sed
743 1093 870 1156 debitam
891 1113 1008 1174 quoque
1023 1095 1184 1159 maioribus
1200 1113 1290 1158 rene-

69 1175 230 1241 rationem.
262 1177 449 1258 Quapropter
469 1177 535 1239 illos
557 1178 603 1240 bis
625 1177 823 1241 Tertullianus
845 1179 943 1242 verbis
965 1178 1138 1258 alloquendo
1171 1179 1215 1242 sic
1236 1194 1291 1242 ur-

67 1267 138 1340 get:
162 1260 284 1334 Habitu,
308 1261 337 1323 id
359 1269 405 1324 est
426 1261 543 1337 vestitu,
565 1267 656 1334 victu,
679 1267 842 1335 instructu,
867 1281 966 1340 censu,
988 1267 1055 1346 ipso
1078 1265 1201 1346 deniqne
1223 1285 1291 1328 ser-

65 1363 159 1408 mono
183 1350 311 1428 proavis
341 1351 541 1409 renuntiastis
570 1347 751 1422 (Tertullian.
773 1347 925 1428 apologet.
949 1367 1011 1428 cap.
1035 1351 1078 1428 6.)
1122 1347 1159 1410 Εῑ
1186 1366 1291 1412 rursus

66 1430 128 1491 alia
151 1429 182 1494 in
205 1430 295 1492 libro:
319 1430 422 1504 Plane,
445 1431 549 1510 inquit,
573 1434 704 1494 subiacet
725 1443 838 1514 meanto
860 1451 879 1494 α
900 1435 1066 1497 maioribus
1086 1439 1288 1507 mutaveritis,

68 1513 167 1586 cultu,
191 1515 302 1587 babitu,
325 1526 486 1598 apparatu,
509 1521 632 1599 ipsoque
654 1520 744 1588 victu,
767 1517 842 1579 sicut
863 1535 899 1578 ex
920 1517 979 1580 iam
1000 1517 1085 1580 dictis
1107 1527 1197 1600 patet.
1228 1518 1288 1579 nt-

67 1599 140 1660 iecit
168 1610 265 1662 autem
293 1605 413 1683 ipsoque
441 1619 586 1664 sermone.
630 1600 689 1662 Cur
718 1619 787 1680 ergo
815 1619 951 1664 sermone
981 1601 1069 1663 ctiam
1096 1621 1130 1664 ac
1150 1602 1288 1681 loquendi

68 1682 188 1745 modo?
234 1685 314 1758 Quia
339 1689 513 1765 pristinum,
542 1685 645 1766 iuquit,
673 1697 706 1748 nt
726 1687 884 1749 rancidum
905 1685 1046 1768 relcpatis
1078 1685 1171 1762 (ldem
1193 1687 1242 1747 lib.
1266 1685 1289 1748 l.

67 1769 107 1830 ad
129 1768 416 1866 N³¹l9¹l·.⁰³1'·¹⁰·l’
438 1769 468 1832 id
490 1778 535 1832 est
555 1778 692 1850 tanquam
715 1771 876 1846 insuavem,
899 1771 1034 1852 putidum
1055 1780 1085 1832 ct
1104 1771 1180 1832 male
1203 1771 1287 1832 olen·
1369 1829 1374 1838 .

70 1863 135 1914 tem
158 1863 290 1916 rettcttts.

563 2058 728 2110 tnrtcutus
747 2057 794 2108 vn.
863 2030 867 2046 '

68 2161 212 2204 Examinatur
229 2162 340 2216 quodsum
359 2163 388 2206 sit
403 2169 466 2206 vetus
484 2161 598 2206 decretum
616 2161 643 2206 de
661 2163 722 2206 noris
740 2162 781 2206 diis
795 2163 844 2206 siue
856 2162 1051 2207 senatusconstdto
1064 2173 1108 2206 non
1121 2160 1288 2206 introducendis

69 2242 90 2271 et
108 2227 190 2272 llstelti
213 2237 286 2272 vatum
310 2230 338 2274 de
355 2230 436 2284 templo
454 2231 476 2274 io
493 2230 584 2274 liburni
602 2230 637 2274 dei
655 2232 762 2274 honorem
787 2230 944 2280 construendo,
969 2231 1027 2284 quod
1045 2229 1129 2274 irritum
1146 2230 1227 2272 tactum
1246 2237 1288 2282 est,

69 2309 95 2340 rc
114 2297 227 2352 quomodo
245 2297 359 2340 decretum
375 2297 429 2340 illud
446 2298 550 2340 violatum
569 2297 596 2340 sit
613 2297 640 2340 ab
659 2298 761 2350 ethnicis,
780 2297 816 2351 qui
831 2295 934 2340 Liberum
947 2304 1040 2354 patrem,
1058 2295 1185 2352 Serapidem
1199 2305 1221 2340 et
1233 2295 1289 2342 ller-

120 2372 234 2420 pocratem
253 2376 303 2408 curn
321 2376 362 2407 sua
381 2363 534 2420 Cynocephalo
553 2365 747 2433 senatusconsulto
766 2365 861 2409 reiectas
878 2363 1068 2420 impudentissime
1086 2365 1236 2408 restituerunt.

153 2495 300 2559 lithnicos'
317 2498 518 2563 vehementius
540 2499 635 2560 adbuc
656 2498 854 2560 Tertullianus
876 2499 985 2578 premit
1016 2497 1160 2576 planeque
1183 2499 1285 2576 oppri-

70 2583 133 2642 mit.
177 2581 334 2643 Evidentes
360 2583 437 2646 enim
466 2583 596 2645 ostendit
623 2582 659 2645 ab
688 2583 731 2644 eis
754 2601 814 2644 non
837 2583 933 2644 solum
955 2582 1117 2644 sanctiores
1139 2581 1176 2642 de
1198 2581 1287 2643 rebus

71 2667 218 2738 humanis,
245 2665 298 2728 scd
326 2667 364 2728 dc
390 2666 495 2730 divinis
522 2668 609 2729 etiam
637 2668 741 2729 ritibus
769 2667 849 2746 leges
879 2677 993 2746 spretas
1021 2675 1052 2728 et
1071 2665 1289 2748 pessumdatus.

71 2753 106 2812 tlt
127 2751 220 2824 tttum,
243 2751 269 2812 si
291 2747 394 2830 placet,
417 2753 448 2813 in
470 2771 525 2814 suo
548 2753 583 2814 ad
598 2751 738 2814 Nationes
759 2751 834 2814 libro
852 2758 1103 2830 argumentantem
1118 2749 1288 2814 audiamus:

72 2842 109 2897 At
130 2839 209 2898 enim
230 2835 285 2908 illi,
314 2836 418 2916 inquit,
447 2841 666 2917 sapientissimi
683 2855 719 2898 ac
738 2837 968 2916 prudentissimi
987 2837 1127 2904 maiores,
1156 2851 1289 2912 quorum

69 2923 219 2984 institutis
246 2927 425 2984 renuntiare
450 2940 513 2984 nan
533 2926 639 2992 nostis,
662 2925 792 2984 manime
812 2924 845 2980 in
864 2937 999 3000 persono
1013 2919 1145 2982 deorum
1166 2929 1288 2983 oestro-

73 3025 148 3077 rum,
172 3010 233 3085 ipsi
252 3024 366 3088 quoque
386 3009 472 3085 impii
492 3005 768 3086 deprehenduntur.
812 3003 955 3074 Mentior,
983 3005 1024 3064 si·
1037 3019 1191 3082 numnam
1218 3020 1289 3064 cen-

72 3103 198 3153 suerant
219 3109 257 3152 nc
279 3094 331 3170 qui
350 3095 517 3171 imperator
538 3091 654 3168 sartum,
677 3089 808 3170 quadiu
829 3087 947 3167 proelio
969 3090 1108 3158 rccuset,
1128 3089 1219 3166 prius
1236 3086 1287 3148 de-

73 3177 205 3247 dicasset,
234 3193 323 3255 puam
344 3187 467 3238 senatus
487 3175 656 3254 probasset,
684 3187 719 3237 ut
742 3176 865 3251 contipit
886 3171 926 3233 ll.
950 3170 1073 3234 Aemilia
1096 3169 1206 3241 Probo,
1235 3173 1289 3252 qui

73 3271 195 3322 coemat
225 3259 360 3322 Alburno
388 3261 453 3322 dcc.
501 3258 606 3340 Utique
633 3263 711 3322 enim
736 3261 952 3336 impiissimam,
980 3261 1067 3320 ammo
1089 3255 1287 3320 contumelia-

74 3349 222 3406 sissimum
248 3346 412 3407 admissum
439 3354 483 3406 cot
520 3347 553 3405 in
579 3344 709 3406 arbitrio
739 3355 768 3406 ct
796 3342 922 3404 libidino
944 3343 1110 3405 smtcntiae
1139 3340 1287 3405 dumnoc

77 3427 170 3490 locare
193 3430 337 3492 bonorem
364 3429 540 3500 divinitatis,
563 3438 598 3490 ut
620 3429 691 3490 deus
714 3446 777 3490 nan
799 3431 848 3496 sit,
876 3430 939 3490 nisi
959 3430 1011 3488 cni
1029 3443 1094 3494 esse
1112 3429 1288 3504 permiserit

77 3527 193 3578 amotus
216 3512 399 3584 (Terutllian.
421 3511 472 3574 lib.
494 3513 516 3574 l.
540 3513 574 3574 ed
598 3512 712 3574 Natioo.
735 3529 798 3590 cap.
825 3514 898 3586 tn).
924 3509 982 3571 Sed
1005 3511 1077 3572 haec
1098 3507 1146 3570 ille
1166 3509 1287 3575 brevius

80 3596 313 3679 iubpalogetico
336 3616 408 3658 suo:
445 3597 543 3672 Vetus,
565 3595 614 3670 ait,
637 3609 704 3660 crat
725 3597 885 3666 decretum,
907 3615 945 3658 nc
966 3599 1019 3674 pui
1038 3595 1110 3658 deus
1133 3595 1170 3656 ab
1191 3598 1287 3674 imps-

80 3692 175 3745 ratore
203 3691 446 3752 consecraretur,
475 3685 538 3744 misi
562 3701 581 3744 α
607 3694 714 3746 matu
733 3682 892 3761 probatus.
935 3679 999 3742 Scit
1022 3678 1063 3740 td.
1085 3677 1228 3741 lemilr'us
1251 3677 1289 3740 da

79 3765 124 3828 deo
150 3787 207 3832 suo
229 3767 379 3830 Alburno.
422 3765 505 3830 Facit
532 3766 586 3828 boc
613 3767 652 3826 ad
673 3784 794 3826 causam
814 3776 961 3836 nostram,
989 3782 1046 3842 quo
1068 3763 1150 3842 apud
1171 3779 1226 3826 aas
1250 3761 1288 3826 do

80 3848 199 3914 lemano
231 3853 386 3916 arbitratu
414 3853 557 3914 diuinitas
581 3853 765 3930 pensitatur.
805 3848 882 3916 ¹illisi
898 3849 1013 3910 donnini
1032 3848 1103 3912 dests
1123 3843 1286 3925 placuerit,

80 3933 143 3997 dtur
164 3956 228 3999 non
250 3940 326 4012 crit,-
356 3935 441 3998 bomo
462 3939 522 3998 iam
544 3935 596 3998 deo
614 3935 768 4013 propitius
788 3932 989 4005 esreadclebit
1016 3931 1108 4006 (Idem
1129 3928 1284 4022 apologet.

81 4025 198 4096 upon.
241 4021 276 4083 ln
298 4019 470 4099 quibusdam
492 4037 562 4080 vero
585 4017 804 4097 antiquioribus
820 4009 1002 4100 oddonibus
1024 4033 1082 4094 pro
1100 4011 1284 4080 bis'verbta:

82 4100 134 4166 Scit
156 4105 194 4166 tt.
218 4105 371 4176 Aemilius,
394 4103 531 4166 babetur:
563 4115 598 4166 ut
619 4101 742 4164 Morcus
764 4101 916 4182 lentiliaco,
938 4109 1025 4180 atquc
1046 4098 1086 4163 ita
1107 4095 1216 4177 legisse
1238 4095 1284 4162 vi-

82 4185 156 4250 detur
176 4189 332 4260 Eusebius,
360 4189 410 4268 qui
435 4188 509 4252 baec
535 4187 669 4250 Auctoris
697 4185 792 4248 nostri
819 4185 908 4248 verba
935 4185 967 4246 iu
994 4201 1128 4263 graecam
1154 4181 1284 4262 linguam

83 4269 118 4332 tic
135 4291 275 4336 conversa
298 4273 429 4336 exbibet:
461 4267 613 4336 Παλαιὸν
634 4257 673 4354 ἦν
695 4264 809 4353 δόγμα,
844 4267 967 4354 μηδένα
994 4262 1078 4332 θεὸν
1098 4259 1165 4330 ini
1186 4269 1284 4365 dupt-

84 4349 153 4433 litor
172 4357 426 4442 καθιεροῦσθαι,
449 4357 529 4442 πρὶν
550 4350 689 4422 rinbeuri
705 4375 745 4419 συ
804 4351 882 4438 tirou
898 4351 1160 4434 δοκιμασθῇναι·
1181 4353 1284 4436 Μαρ-

84 4457 130 4514 ang
148 4441 317 4526 Αἰμίλιος
339 4437 445 4519 οὕτως
475 4435 555 4524 mepo'
583 4461 674 4518 τινος
704 4463 720 4506 e
755 4436 840 4504 oiiou
873 4439 1053 4521 πεποίηκεν
1082 4427 1284 4533 Ἀλβαύριου

84 4520 190 4592 (Euseb.
211 4529 311 4592 libll.
333 4528 444 4592 becles.
467 4527 577 4590 illator.
600 4544 663 4605 cap.
675 4528 706 4590 2.
727 4543 757 4604 p.
770 4528 847 4601 41.).
874 4523 982 4597 Verum
1004 4521 1157 4602 utriusque
1176 4521 1282 4584 lecito-

85 4606 124 4668 uis
142 4613 216 4678 idem
237 4615 324 4696 plane
344 4620 393 4678 est
412 4630 530 4678 sensus.
563 4609 762 4686 Quamobrem
782 4609 855 4674 haec
874 4607 1002 4696 primum
1023 4605 1193 4688 explicanda
1214 4613 1286 4670 suut
