3196 5250
512 389 648 434 AUCTORE
668 389 727 435 MC.
749 391 788 434 LE
809 391 936 436 Mum.

608 625 776 676 sustentus
795 625 836 676 ΙΙΙ.

120 729 186 781 huam
204 729 290 772 tornius
308 728 390 772 sunici
408 727 530 773 obiicerem
548 729 685 774 Christianos
709 730 760 774 idea
778 729 915 785 reipublicae
933 731 1060 775 hactum
1079 741 1124 774 non
1142 741 1202 786 essa,
1228 733 1279 788 guia
1297 747 1336 781 co·

117 809 183 842 ranas
201 807 244 842 non
263 796 375 850 emebant,
394 798 422 840 ad
440 799 569 852 spectacula
587 809 633 842 uon
651 797 820 852 conveniebant,
838 798 902 842 thura
921 809 967 842 non
983 797 1148 854 marcahsntur,
1166 802 1254 844 amani
1271 803 1336 858 plura

187 876 214 908 ac
233 865 319 908 curiora
339 877 352 910 a
371 863 464 908 Sabaeis
483 872 556 921 empta
574 865 596 908 in
615 873 753 910 mortuorum
770 866 909 926 sepulturam
926 865 1065 910 insumerent
1081 878 1148 922 qnam
1167 868 1262 924 gentiles

499 993 504 1001 Ι
554 933 580 976 nd
599 933 654 976 deos
672 944 726 976 suos
745 933 893 988 mmigondes.

194 1047 350 1125 Frequens
371 1047 565 1128 proculdubio
594 1055 658 1110 erat
679 1047 852 1110 Tertulliani
880 1057 1016 1129 tempore
1045 1069 1222 1114 coronarum
1244 1071 1334 1116 usus:

113 1131 350 1211 quandoquidem
373 1131 481 1194 ethnici
503 1133 540 1194 de
562 1132 612 1194 illo
634 1132 844 1194 aChristianis
865 1135 982 1206 reiecto,
997 1143 1135 1215 tanquam
1151 1155 1258 1217 magno
1272 1138 1334 1200 rei-

110 1217 243 1296 publicae
277 1215 385 1278 damno
419 1217 634 1296 querimoniam
669 1218 847 1296 singularem
875 1218 1033 1281 habehant.
1063 1221 1186 1282 =Vcrrrm
1214 1222 1336 1284 cuilibet

111 1301 227 1362 ethnico
252 1301 298 1362 sic
319 1301 367 1362 ille
388 1301 566 1380 respondet:
602 1301 672 1365 Nora
695 1321 756 1364 emo
786 1306 881 1384 cupiti
906 1321 1064 1378 corsuum
1102 1305 1155 1366 sed
1183 1307 1255 1387 guid
1281 1318 1336 1369 tuo

109 1383 263 1450 marest?
308 1383 465 1458 Quodnam
487 1387 565 1448 enim
587 1386 656 1448 inde
678 1386 769 1448 rebus
791 1386 916 1466 puhheis
939 1387 1173 1450 ‹lenimentum‘l
1215 1389 1335 1452 Nullum

109 1469 202 1549 plane.
247 1469 365 1549 Emptis
389 1469 536 1550 siqnidem
558 1471 683 1532 llorihus
706 1480 789 1544 utor,
823 1471 920 1551 inquit
939 1472 1004 1546 ille,
1037 1474 1090 1535 sad
1112 1473 1167 1547 iis,
1195 1481 1228 1535 ut
1244 1487 1333 1554 puto,

107 1559 227 1634 qratiam
253 1555 356 1616 liberis
379 1566 409 1617 at
430 1555 540 1616 solutis
562 1567 592 1618 at
612 1557 746 1638 undique
767 1560 850 1637 ongis
873 1555 1009 1631 (Tertull.
1030 1557 1154 1636 Apolog.
1177 1575 1240 1636 cap.
1256 1561 1333 1636 42),

108 1657 162 1700 uec
182 1638 348 1718 compactis
371 1639 401 1700 in
424 1657 575 1701 coronam.
604 1639 708 1702 Nullus
730 1640 840 1720 qnippe
861 1640 984 1721 capillis,
1007 1642 1059 1707 sed
1082 1641 1204 1703 naribus
1219 1649 1333 1704 tantum

110 1724 184 1784 odor
205 1724 316 1786 florum
338 1723 510 1803 percipitur.
540 1724 601 1785 Nos
624 1743 695 1786 vero
717 1725 790 1786 haec
810 1725 907 1786 lusius
927 1726 1079 1804 prosecuti
1102 1743 1205 1789 sumus
1227 1726 1258 1787 in
1278 1726 1334 1788 alia

109 1807 339 1880 dissertatione,
371 1807 423 1870 uhi
450 1817 603 1887 praeterea
631 1809 817 1870 ostendimus
840 1809 908 1870 ideo
930 1809 1135 1871 huiuscemodi
1157 1827 1334 1872 coronarum
1370 1805 1374 1814 ’

107 1910 227 1954 usnma
244 1891 423 1955 Christianis
446 1893 587 1954 reiectum
609 1893 676 1972 qnia
699 1911 784 1955 suam
805 1893 842 1954 ah
865 1893 1030 1956 idololatria
1046 1901 1174 1956 unxerat
1189 1894 1332 1972 originem

107 1975 278 2052 (Dissertat.
302 1977 333 2037 in
354 1977 462 2039 Minue.
485 1995 548 2056 cap.
574 1980 622 2042 13.
646 1979 707 2039 hrt
731 1981 785 2054 3.).

188 2061 347 2142 Urgebant
377 2061 486 2124 ethnici
519 2061 703 2123 Christianos
741 2081 846 2140 magno
882 2061 1060 2142 reipublicae
1091 2061 1169 2124 malo
1205 2061 1332 2141 publicis

102 2146 287 2226 spectaculis
309 2164 371 2207 non
392 2146 565 2208 interfuisse
587 2147 721 2218 (Tertull.
743 2146 810 2208 loco
833 2146 906 2224 cit).
950 2146 1068 2209 Grande
1091 2147 1204 2208 scilicet
1224 2145 1334 2208 malum

104 2240 165 2292 erat
187 2251 222 2294 ea
248 2235 354 2309 ‘lugere
376 2248 450 2310 quae
466 2230 662 2293 Tertullianus
685 2232 743 2294 alio
765 2232 795 2292 in
818 2231 894 2292 lihro
910 2239 975 2293 orta
989 2247 1059 2292 esse
1073 2230 1180 2310 probat
1195 2232 1230 2294 de
1244 2241 1334 2294 reatu

101 2317 244 2395 ammuh·
274 2315 476 2386 idololatriae,
504 2320 660 2395 genitricis
687 2335 760 2380 suoe
788 2316 881 2388 (idem
903 2315 953 2376 lih.
977 2316 1013 2378 de
1037 2315 1170 2395 Spectas.
1192 2333 1255 2394 cap.
1280 2318 1334 2390 7.).

102 2401 174 2462 this
198 2409 304 2462 antem
327 2399 358 2460 in
380 2399 636 2462 dissertationibus
665 2401 869 2462 annomvimus
898 2400 971 2461 haec
998 2399 1164 2479 spectacla
1184 2415 1246 2460 nen
1268 2398 1333 2460 solo

103 2485 310 2558 idololatriae,
348 2484 400 2545 sed
433 2484 568 2564 pluribus
600 2483 665 2546 aliis
694 2485 789 2546 adbuc
816 2484 1003 2564 coinquinata
1030 2484 1125 2546 luisse
1146 2481 1331 2555 criminibus,

103 2589 177 2648 quae
201 2569 370 2633 Christiani
392 2585 453 2628 non
476 2585 563 2630 secus
586 2587 621 2630 ac
641 2578 756 2648 pestem
784 2568 930 2648 publicam
952 2569 1017 2629 inre
1039 2567 1146 2628 merito
1168 2565 1330 2646 fugiebant.

105 2655 187 2727 Quae
211 2671 290 2733 crgo
312 2653 380 2714 inde
402 2652 473 2715 boni
494 2652 601 2732 publici
624 2652 758 2716 iactura?
786 2654 888 2731 Magna
911 2652 1041 2730 quidem,
1065 2650 1236 2730 inquiebant
1257 2668 1330 2729 geu-

101 2740 179 2802 tilos.
210 2741 248 2802 ln
274 2738 395 2817 longum
418 2737 569 2799 enimvero
590 2745 708 2816 tempus
731 2737 897 2816 spectacula
910 2734 959 2796 illa
974 2735 1223 2815 producebantur,
1245 2742 1332 2811 atque

103 2823 214 2887 idcirco
239 2829 427 2902 spectatores
449 2823 480 2883 in
502 2821 709 2901 amphitheatri
731 2821 811 2883 aditu
832 2821 916 2899 plura
939 2819 1106 2880 eduliorum
1127 2816 1265 2878 emebant
1278 2833 1331 2894 ge·

102 2927 191 2980 nera,
230 2907 342 2988 quihus
364 2915 489 2986 possent
509 2906 658 2968 interdum
680 2906 771 2968 relici.
816 2902 975 2965 Christiani
1002 2903 1101 2981 itaque
1128 2901 1226 2964 nullos
1246 2900 1333 2980 plane

103 2993 259 3055 iaciebant
280 2990 450 3052 huiusmodi
473 3001 619 3070 sumptus.

189 3077 256 3140 Sed
280 3076 305 3138 si
327 3075 410 3146 nihil,
432 3076 528 3155 inquit
542 3073 749 3146 Tertullianus,
772 3072 813 3134 ihi
828 3088 1006 3134 mercamur:
1033 3069 1118 3144 Quae
1139 3078 1239 3130 tameo
1253 3067 1336 3146 opud

100 3162 172 3226 illos
198 3170 307 3236 coatus
328 3162 540 3232 venditentur,
570 3164 600 3222 si
619 3159 843 3230 desideravero,
875 3156 1015 3218 libentius
1038 3156 1073 3216 de
1096 3155 1237 3233 propriis
1259 3151 1334 3214 loeis

100 3265 225 3310 sumum
263 3245 445 3314 (Tertulhan.
467 3245 618 3324 Apologet.
642 3263 705 3322 cap.
728 3246 803 3318 42).
849 3238 1000 3314 Quaedam
1029 3237 1166 3316 andquaa
1188 3235 1333 3297 aditiones

100 3349 209 3394 cumo:
236 3329 314 3391 eliac
335 3328 476 3407 quaedam
499 3328 680 3390 recentiores
695 3339 864 3390 sumentur.
894 3324 997 3386 Melius
1012 3323 1043 3384 in
1059 3321 1168 3383 nostris
1185 3319 1335 3382 codicibus

102 3423 131 3476 st
153 3415 272 3476 ceteris
295 3412 474 3474 editionibus
497 3433 621 3475 sirmam.
651 3412 729 3474 Nihil
751 3430 821 3490 ergo
843 3411 880 3472 de
902 3408 983 3470 hono
1005 3406 1123 3487 pnbhco
1139 3404 1334 3484 deperditum,

100 3501 128 3560 si
144 3498 316 3562 Christiani
338 3497 402 3558 aliis
424 3497 511 3558 licitis
534 3497 590 3559 sihi
612 3497 641 3558 in
664 3497 738 3559 locis
763 3515 796 3557 ea
819 3494 956 3558 emebant
970 3511 1045 3572 qnae
1059 3489 1137 3571 apud
1149 3489 1335 3550 ethnicorum

28 3649 32 3656 ,
102 3583 229 3646 illicitos
255 3590 358 3644 coetus
379 3581 613 3644 venditabantur.

191 3660 278 3730 Nihil
302 3667 400 3737 etiam,
423 3665 562 3745 quidquid
578 3665 672 3727 adhuc
688 3665 775 3726 iidem
792 3669 994 3735 causarentur,
1017 3654 1334 3750 reipublicaedeperit,

101 3753 128 3812 si
152 3755 267 3822 thure,
297 3750 394 3830 inquit
415 3751 629 3821 Tertullianus,
658 3767 720 3811 noa
742 3753 865 3810 emireus
888 3746 998 3821 (ibid),
1027 3760 1102 3822 quae
1125 3741 1232 3800 elhmer
1256 3736 1336 3830 lalsrs

99 3835 160 3898 diis
187 3835 363 3898 adolebant.
398 3833 471 3896 Nam
494 3834 524 3894 id
546 3833 632 3894 nohis
655 3832 777 3892 omnino
799 3831 921 3892 vetitum
950 3837 1012 3890 arat
1033 3825 1188 3901 thnrisque
1209 3827 1338 3898 pretium

99 3922 208 3982 minus
237 3928 316 3989 erat,
351 3937 437 3997 quam
460 3917 568 3980 ethuici
591 3917 627 3980 de
649 3917 706 3977 hoc
728 3915 905 3976 detrimento
929 3910 1068 3990 conqueri
1091 3922 1219 3984 unquam
1241 3901 1336 3998 debu:

99 4005 200 4068 amna,
247 4002 365 4065 Etenim
386 4003 525 4072 trottae,
548 4001 642 4083 pergit
663 4001 722 4072 ille,
745 3997 856 4079 potiori
878 3997 941 4058 iure
963 4001 1145 4076 queruntur.
1181 3985 1289 4047 Verum
1311 4005 1338 4046 ει

81 4107 181 4168 ,quae
206 4089 253 4151 sit
266 4087 395 4149 hrabnm
417 4087 453 4148 de
475 4087 588 4147 cariore
611 4105 667 4147 sno
690 4085 776 4144 thnre
797 4100 858 4142 non
880 4080 998 4141 vendito
1020 4070 1213 4156 querimonia,
1236 4073 1339 4140 soa'cot,
1448 4099 1450 4106 ·

99 4174 152 4248 ait,
180 4173 253 4236 sive
274 4189 330 4251 pro
354 4171 441 4233 nohis
463 4169 694 4250 respondebunt,
719 4167 830 4229 Sabaea·
845 4165 950 4246 pluris
972 4174 1003 4224 et
1025 4160 1155 4222 carioris
1171 4173 1243 4216 stass
1257 4172 1340 4250 oser·

99 4277 148 4320 cas
186 4257 378 4320 Christianis
408 4255 584 4336 amoliendis
609 4255 779 4337 profligari
807 4268 895 4332 potam
922 4249 979 4310 diis
1002 4241 1198 4324 'fumigandis
1231 4236 1340 4315 (ibid).

98 4341 145 4403 De
171 4341 297 4403 Sabaeo
320 4349 416 4402 autem
439 4340 524 4402 thure
546 4337 700 4417 Virgilius:

273 4423 362 4488 lodic
382 4429 474 4488 mittit
497 4423 581 4496 abur,
603 4422 710 4485 molles
733 4437 790 4483 suu
812 4419 906 4480 thuro
927 4413 1047 4476 Sabaei.
1194 4457 1200 4468 ,

755 4501 867 4582 (virgil.
889 4499 940 4560 lih.
964 4496 986 4558 l.
1010 4495 1118 4573 Georg.
1140 4509 1167 4552 r.
1192 4493 1256 4566 57.)

99 4595 140 4658 Et
165 4594 234 4657 alio
259 4592 289 4653 in
311 4591 388 4654 libro
409 4592 447 4654 de
468 4593 596 4654 Venere:

138 4701 314 4744 'frasnetum
327 4710 379 4744 oar.
392 4711 429 4744 sn.
446 4711 545 4745 onusta.
572 4697 635 4742 Tom.
648 4693 686 4745 ill.
1104 4675 1137 4727 23
