3144 5236
491 341 625 392 mercna
646 342 705 390 mc.
728 344 765 391 tr
787 339 914 394 roenna.
1254 329 1314 402 les

513 453 516 458 ·
885 437 897 470 G

104 497 290 561 iscidmoru
310 493 473 558 Housmam
495 497 606 577 recepti
628 496 801 560 muneribus
823 497 1025 562 Romanorum
1047 491 1230 564 buebaubrr:
1253 503 1313 566 Sed

103 585 143 645 ille
168 601 202 642 co
229 579 351 642 uomina
384 580 506 642 ebusina
533 580 677 660 significat
704 581 837 644 eiusdem
859 583 990 662 regionis
1012 583 1133 647 incolas.
1177 585 1252 654 Nam
1284 593 1318 649 et

102 676 193 747 gantas
225 673 257 727 et
278 666 438 744 scriptores
459 665 633 728 nominatim
654 673 749 738 vocat,
780 683 815 728 ex
836 667 985 746 Aegyptiis
1007 668 1224 742 Hanethuuem
1251 671 1312 733 Be·

102 766 194 812 neum
216 767 253 810 ex
275 749 439 822 Chaldaeis,
462 768 479 810 a
501 749 640 830 losepho‚
663 759 697 812 ut
716 751 806 829 paulo
827 759 897 829 post
916 752 1094 826 notabimus,
1118 753 1241 828 citatos,
1264 761 1312 817 at*

101 853 149 915 pre
169 853 204 896 ex
224 833 427 895 Phoenicibus
448 833 580 896 leonum
602 835 672 913 Tyri
694 851 804 914 rogem,
834 834 871 896 de
898 851 956 916 quo
978 845 1082 916 postea
1103 837 1198 900 fusius
1219 850 1311 917 agatt-

101 923 171 984 dnn
213 918 246 979 Si
276 935 347 979 rere
375 918 405 979 bi
432 933 493 979 nou
525 918 722 992 astruebant,
748 917 849 980 adiicit
869 919 1004 998 ipsorum
1026 929 1187 982 sectatmes
1209 919 1312 983 Ptele-

101 1017 208 1066 urertm
219 1001 419 1075 menmium,
440 1002 655 1080 quiescerem,
673 1003 769 1081 inquit
783 1003 919 1066 Clemens
933 1003 1147 1066 Aleuandrinus
1163 1005 1312 1077 (cienena

99 1087 245 1150 Alexndre
257 1083 312 1148 libs
326 1085 353 1148 lt
372 1086 512 1163 suom.)‚-
524 1103 564 1147 'ae
584 1096 655 1170 post
675 1087 774 1165 ipsum
795 1087 944 1148 Eusebius
965 1088 1087 1161 (Euseb.
1102 1088 1152 1149 lib.
1166 1087 1203 1150 X.
1218 1089 1318 1168 urse<

100 1191 155 1252 par„
172 1171 285 1250 burg.
308 1186 372 1250 cap.
397 1167 446 1234 lb
468 1186 500 1250 p·
522 1168 619 1246 nst),
647 1187 750 1249 rogum
771 1171 891 1250 Aegypti
919 1189 970 1232 ros
991 1179 1090 1250 gestes
1111 1173 1212 1234 tribuis·
1227 1172 1319 1234 libris

101 1256 239 1336 mensu:
262 1256 336 1317 iton
356 1255 549 1317 uenenorum
569 1253 779 1334 Ephesium,·a
801 1273 859 1334 quc
882 1264 963 1316 aetus
984 1264 1014 1316 et
1030 1253 1187 1330 ‚instoriam
1209 1266 1312 1335 regem
1380 1283 1386 1290 ·

101 1341 165 1420 Tyri
180 1341 351 1419 consmipta
374 1355 442 1401 esse
462 1339 607 1418 msepbcs
631 1338 762 1417 (loseph.
784 1337 835 1400 tib.
857 1339 880 1398 l.
904 1355 928 1399 c
951 1339 1077 1417 Appius.
1100 1355 1129 1418 p.
1155 1344 1265 1416 liuhi
1283 1348 1315 1402 et
1340 1341 1345 1348 '

100 1424 272 1504 Theophilus
293 1424 495 1485 Antiocheuus
517 1422 677 1504 perhibent
698 1423 846 1502 (Tbeepln
860 1422 910 1483 lib.
922 1418 974 1483 llis
989 1423 1310 1502 circumspersa).

100 1509 145 1570 us
164 1507 300 1588 adiungit
319 1508 499 1570 &menium
522 1507 705 1578 Phalerehru,
734 1506 900 1585 alosephe
923 1505 1019 1568 adbuc
1039 1508 1168 1577 citatum.
1192 1515 1311 1585 tresque

101 1594 173 1666 alies,
201 1611 306 1672 regem
333 1589 445 1664 lebam,
476 1591 640 1672 Appionent
670 1599 699 1652 et
720 1587 864 1662 Thallum,
888 1591 925 1651 de
946 1589 1053 1668 quibus
1075 1605 1132 1650 uos
1161 1591 1311 1669 inprime

100 1681 251 1756 Apparatus
283 1677 378 1738 uoshi
411 1685 493 1737 tome
526 1684 557 1736 et
588 1676 618 1736 'm
657 1672 865 1754 superioribas
902 1673 1164 1735 dissertationibus
1204 1675 1309 1754 dispu-

101 1763 221 1824 erimus.

103 1941 151 1992 osu
171 1928 306 2000 emeretr,
336 1928 466 1991 luderes
494 1927 656 2008 loupiac,-
680 1931 896 2008 antiquitatum
915 1925 1111 1988 ledorborm
1131 1928 1250 1996 obsec,
1280 1925 1314 1986 iu

100 2015 299 2094 Antiquitatum
321 2012 457 2074 videlieet
471 2011 652 2072 ludaicarum
674 2011 770 2085 libris,
792 2011 842 2090 qui
863 2010 1021 2073 etiamnum
1044 2010 1074 2070 iu
1097 2009 1228 2070 omnium
1244 2027 1310 2070 ma-

101 2099 176 2160 nibus
197 2105 364 2159 rersantur.
409 2096 614 2157 Venrmtamen
636 2095 684 2156 ille
706 2113 768 2156 non
788 2094 835 2156 his
857 2103 970 2156 mutum
992 2093 1074 2155 libris
1096 2097 1181 2164 istos,
1207 2100 1241 2154 ut
1262 2093 1310 2152 lo-

101 2185 187 2260 quitur
206 2183 320 2243 Auctor
346 2188 457 2252 noster,
491 2179 652 2258 scriptores
677 2177 790 2260 produt
818 2189 872 2241 uatt
898 2182 1026 2240 revincit
1053 2176 1165 2253 (ibid),
1199 2176 1251 2236 sed
1280 2175 1311 2236 iu

101 2265 155 2326 aliis
176 2265 273 2340 etiam,
297 2273 399 2326 contra
421 2262 586 2343 Appiunem
608 2261 689 2324 libris
712 2278 788 2342 quos
811 2263 868 2324 iam
891 2261 1045 2323 citavimus
1068 2259 1198 2339 (loseph.
1220 2257 1270 2320 lib.
1286 2251 1309 2322 l.

101 2371 122 2412 c
140 2352 262 2430 Appien.
292 2367 322 2428 p.
347 2351 439 2413 1039.
458 2354 498 2408 ‘et
525 2366 607 2426 seqq.
640 2366 667 2426 p.
694 2349 784 2411 1043.
815 2355 845 2408 et
870 2347 976 2423 seqq).
1020 2344 1053 2404 lu
1085 2344 1132 2405 his
1165 2343 1311 2422 siquidem

102 2435 175 2512 pua
198 2433 302 2496 sulit
333 2451 369 2494 ex
391 2431 476 2493 libris
494 2431 749 2511 Aegyptiacorum,
780 2431 892 2492 sellium
913 2427 1099 2490 blanetbonis
1119 2427 1251 2506 Aegyptii
1278 2445 1313 2488 ac
1361 2420 1365 2428 '

102 2519 192 2581 berou
206 2517 356 2589 Chaldaei,
379 2532 415 2577 ex
437 2530 497 2594 quo
517 2515 693 2594 prodierunt
713 2515 753 2575 de
771 2514 954 2575 asuoncmic
969 2521 1000 2573 et
1013 2511 1227 2573 Chaldaeorum
1240 2509 1313 2591 pbr,

102 2603 220 2682 lesoplia
243 2601 520 2664 commentationes.

172 2689 266 2750 Maior
288 2687 386 2764 itaque
407 2683 564 2745 difficultas
586 2690 631 2744 est
652 2683 691 2743 de
716 2681 804 2742 tertio
832 2681 986 2760 scriptore,
1019 2679 1070 2758 qui
1092 2695 1108 2738 a
1130 2677 1312 2738 Tertulliano

102 2774 315 2849 cognominetur
336 2767 459 2832 iromus
481 2769 617 2830 Hboeoiac
642 2766 714 2844 Tyri
735 2783 799 2827 reas
830 2763 902 2824 Nam
925 2761 955 2822 in
977 2761 1089 2823 nostris
1103 2759 1312 2837 manuscriptis

101 2856 239 2918 mutibus
271 2864 302 2915 et
328 2852 547 2932 antiquioribus
568 2851 729 2928 lligaltieuu
752 2848 930 2910 editionibus
952 2844 1073 2923 legitur:
1110 2835 1314 2920 Hieromyces

103 2939 224 3004 Tloeeiu
248 2939 324 3020 Tyri
344 2955 411 2999 reu.
445 2935 513 2997 'Seel
538 2935 607 3012 quia
630 2931 742 2993 nullum
764 2932 857 2992 luisse
878 2929 1019 3010 putabant
1040 2925 1110 3006 Tyri
1132 2941 1235 3004 regem
1253 2936 1311 2985 rre-

103 3021 171 3084 nbc
188 3025 414 3102 Hieronymum,
436 3019 467 3082 in
489 3025 571 3081 textu
586 3013 756 3078 Tertulliani
779 3014 868 3076 scribi
890 3011 1057 3074 maluerunt
1071 3011 1204 3072 drurntte.
1235 3007 1311 3090 Cera

103 3109 230 3170 rectionis
253 3117 352 3169 tamen
375 3103 465 3166 huius
486 3103 596 3165 nullam
617 3099 761 3162 rationem
782 3097 936 3170 dederunt,
968 3095 1025 3156 nisi
1048 3092 1191 3174 quaeum
1222 3091 1317 3153 rerba·

104 3209 134 3252 es
149 3192 318 3272 fragmentis
340 3189 504 3261 Mandri,
527 3183 706 3264 aScaligero
729 3183 827 3255 editis,
850 3181 985 3243 delibata.
1015 3179 1073 3241 Sed
1095 3178 1182 3255 longe
1203 3175 1313 3256 potiori

103 3274 159 3337 iere
174 3281 265 3339 enare
287 3274 434 3337 debebant
447 3271 644 3351 Theophilum
659 3268 882 3339 Antiochenam,
905 3285 920 3327 a
944 3281 1002 3343 quo
1024 3277 1086 3324 uon
1100 3261 1196 3323 solum
1211 3261 1318 3322 eadem

104 3357 144 3421 ils
161 3376 264 3442 graeca
285 3359 375 3421 rerba
397 3359 522 3419 citantur
544 3353 714 3433 (Theophil.
736 3349 1312 3428 lib.lll.adAutclqc.p.131etseqqt)‚

104 3445 150 3506 scs
170 3454 291 3507 tucatur
321 3443 410 3505 etiem
436 3435 585 3522 Ἱέρωμος
609 3441 738 3520 Τυρίων
769 3431 932 3519 βασιλεὺς,
962 3433 1123 3496 Hieronem
1154 3429 1318 3509 Tyriorttnt'

107 3547 160 3590 ree.
200 3531 277 3591 Eum
299 3535 398 3588 autern
420 3545 489 3587 esse
510 3533 644 3596 testatur,
673 3523 722 3601 qui
744 3521 844 3601 plures
866 3519 902 3580 ad
925 3517 1112 3578 Salomonem
1134 3521 1164 3575 et
1184 3511 1315 3574 vicissim

106 3611 231 3675 &karan
253 3611 290 3674 ad
314 3627 382 3673 eum
405 3611 567 3689 scripserat
588 3605 711 3678 litteras,
734 3621 810 3683 quae
830 3602 907 3682 apud
922 3601 1034 3680 Tyrios·
1051 3596 1162 3662 servari
1176 3594 1314 3676 fereban-

106 3705 156 3758 ten
193 3699 260 3760 lton
282 3697 352 3758 iude
374 3702 472 3755 tamen
495 3691 598 3754 cantici
620 3684 720 3769 potest
740 3691 821 3750 buno
841 3703 941 3767 regem
963 3683 1071 3763 aliquid
1093 3683 1129 3742 de
1145 3677 1317 3755 entiqultate

107 3779 294 3845 Hebraeorum
317 3779 428 3858 scripto
449 3775 618 3839 tradidisse.
1176 3843 1182 3856 .

177 3867 282 3928 Nom
304 3863 394 3926 etiam
414 3863 446 3924 iu
457 3859 629 3923 Tertulliani
650 3865 732 3918 textu
753 3855 909 3935 legendum
932 3869 1000 3914 esse
1013 3849 1183 3922 Hieronymi
1205 3850 1322 3902 numett

109 3947 166 4010 line
190 3951 285 4030 colligi
314 3955 427 4030 potest,
454 3947 532 4025 qued
555 3943 700 4022 losepbus
729 3940 759 4000 in
781 3940 878 4020 primo
899 3935 1111 4014 Antiquitatum
1133 3926 1317 4022 ludaiosrum

110 4029 183 4108 ibn,
203 4033 253 4098 ubi
276 4035 318 4096 tle
336 4033 423 4111 longa
445 4029 608 4110 primorum
630 4023 863 4106 patriarcharum
884 4021 942 4083 vita
958 4013 1087 4086 disserit,
1110 4011 1151 4072 ihr
1166 4017 1236 4090 post
1249 4021 1315 4070 ete-

110 4127 224 4182 uoratts
246 4139 264 4181 a
286 4137 331 4190 se,
359 4114 606 4195 quemadmodum
628 4111 664 4172 ab
686 4110 815 4183 Auctore
834 4114 948 4176 nostro,
977 4093 1184 4197 llauethqnem
1198 4101 1237 4154 'ot
1256 4087 1316 4154 lie-

109 4217 205 4278 roeun,
226 4205 302 4266 baec
317 4200 452 4280 scripsit:
474 4197 601 4278 Μῶχος
621 4194 675 4258 καὶ
694 4185 866 4267 Ἑστιαῖος,
888 4187 941 4252 καὶ
964 4179 1050 4267 πρὸς
1072 4169 1228 4280 cotoleti
1248 4174 1321 4240 Al-

109 4280 230 4365 γύπτιος
248 4281 448 4370 Ἱερώνυμος,
471 4280 508 4346 οἱ
525 4277 567 4345 τὰ
590 4273 731 4343 &errand
744 4269 991 4354 συνταξάμενοι,
1015 4267 1320 4350 συμφωνουσοτοῐς

111 4360 161 4431 ὕπ’
183 4369 259 4454 ἐμοῦ
282 4366 480 4453 λεγόμενοις.
526 4366 660 4435 Hocbscs,
683 4363 845 4424 Hestiaeus
867 4369 896 4419 et
917 4354 1122 4430 Hieronymus
1145 4349 1317 4443 Aeqypuube,

108 4460 155 4532 ull
172 4457 348 4521 Ptmntcam
371 4471 421 4516 res
440 4455 699 4533 praesentirent,
722 4446 879 4507 nobiscum
901 4446 1070 4501 conemur
1089 4427 1319 4511 (losepbdrbls

109 4538 235 4620 Miiqtut.
256 4557 322 4621 cap.
338 4543 368 4603 4.
390 4555 422 4617 p.
439 4538 512 4612 lb).
554 4535 639 4596 Hunc
660 4538 760 4593 autem
781 4527 998 4603 Hieronymum·
1014 4520 1046 4581 ire
1066 4532 1171 4581 eorum
1192 4525 1318 4575 umero

173 1845 321 1924 lienique:
342 1843 383 1904 Ht
402 1848 456 1925 que·
472 1847 557 1914 tetes,
580 1842 622 1904 tit
635 1837 834 1904 Tertullianus
846 1837 1178 1919 aerumnosae),
1197 1841 1315 1920 probet
1412 1867 1415 1878 ·
