3122 5250
260 343 322 410 332
349 360 539 407 nussnrrnrre
554 361 585 406 nn
600 361 649 413 nn.
663 359 748 406 surr.
762 359 848 405 reor.
864 357 1059 404 ruernnntnnr
1073 357 1296 403 monocentauri
1309 357 1391 402 eurr.

750 576 869 640 CAPUT
894 575 982 641 xvh.

262 699 353 759 Quibus
372 697 517 762 argumentis
535 696 695 748 Tertullianus
713 696 862 748 demonstret
879 697 1028 748 christianos
1052 695 1201 761 iniquissime
1219 701 1243 744 et
1264 703 1345 746 eontra
1361 693 1458 744 emulum

459 765 539 829 legum
555 765 705 830 praescripta
721 766 751 816 ah
769 765 871 816 ethnicis
888 771 983 816 vexatos
1001 773 1025 816 et
1041 763 1172 816 trucidttot
1190 764 1273 814 luisse.

767 983 934 1035 annicetus
952 983 971 1034 1.

280 1088 366 1141 Quanta
383 1084 525 1143 peruersitate
549 1085 630 1128 ethnici
648 1085 783 1130 consumes
806 1085 848 1130 eibi
866 1097 957 1142 prorsus
974 1085 1100 1140 incognitos
1125 1096 1167 1128 ueo
1190 1085 1228 1140 qni
1252 1083 1357 1140 qualesve
1379 1087 1446 1127 ersom

550 1152 682 1208 inreedgere
699 1155 799 1198 retentes
818 1153 910 1197 ederent
928 1160 993 1208 atque
1010 1152 1184 1199 insectebantur.

348 1269 430 1341 Quae
457 1268 494 1330 de
521 1267 697 1330 christianae
724 1267 874 1348 religionis
901 1266 1023 1329 verimte
1050 1273 1080 1328 et
1100 1266 1271 1341 sanctitate,
1304 1265 1341 1328 de
1367 1263 1462 1326 diuinis

261 1353 339 1416 illins
361 1351 545 1416 documentis
567 1361 598 1413 et
617 1352 747 1432 legibus,
777 1353 814 1414 de
836 1351 956 1433 optimis
978 1359 1157 1414 sectatorum
1179 1351 1243 1414 ciue
1264 1349 1410 1422 moribus,
1430 1345 1461 1408 dn

263 1438 453 1501 invictissima
484 1445 643 1515 martyrum
670 1437 842 1499 tortitudine
869 1455 887 1498 a
913 1436 1000 1498 nehis
1027 1437 1168 1498 hamanus
1189 1435 1267 1498 dieta
1288 1442 1369 1508 suut,
1400 1433 1464 1494 haee

263 1524 336 1586 sotis
358 1540 505 1602 superque
527 1521 731 1584 demonstrant
757 1522 834 1584 hanc
854 1521 948 1601 ipsam
970 1521 1064 1582 selam
1080 1519 1256 1600 religionem
1276 1537 1374 1582 rerem
1394 1535 1463 1589 esse,

263 1617 376 1671 ceteras
403 1625 474 1668 vern
497 1624 600 1668 omnes
622 1606 710 1669 lalses
738 1605 914 1686 penitusque
940 1605 1126 1668 reiiciendas.
1167 1603 1254 1666 Nulla
1275 1605 1362 1684 igitur
1382 1601 1464 1664 nuder

264 1690 422 1770 excogitari
446 1697 546 1770 petest
572 1689 709 1768 iniquitas
742 1709 828 1770 quam
856 1690 1024 1770 gentilium,
1057 1689 1108 1767 qni
1135 1688 1322 1752 Christianos
1353 1694 1463 1768 prepter

263 1776 351 1839 hnius
379 1775 531 1854 religionis
559 1793 630 1837 snae
657 1775 859 1838 defensionem
885 1793 999 1838 summa
1019 1773 1243 1853 horrendaque,
1276 1774 1320 1836 uti
1340 1772 1463 1842 vidimus,

264 1860 434 1923 erudelitate
455 1858 614 1932 vexabant,
647 1860 889 1922 excarnificabant
915 1868 945 1922 et
966 1858 1147 1922 occidebant
1191 1858 1299 1922 Verum
1321 1854 1464 1920 nerelh-

263 1963 322 2008 nns
346 1952 461 2018 nostem
491 1950 525 2005 ut
546 1943 708 2006 eorundem
729 1943 964 2007 Christianorum
997 1961 1116 2006 eausam
1142 1943 1309 2006 accuratius
1331 1941 1464 2012 desendet.

264 2031 301 2092 ad
322 2030 381 2093 duo
403 2027 498 2090 adhuc
519 2027 747 2092 demonstranda
768 2047 924 2108 aggressus
946 2037 1002 2103 est,
1024 2046 1058 2090 ae
1078 2026 1174 2107 prime
1197 2029 1319 2106 quidem
1334 2025 1466 2090 Christia-

265 2133 322 2176 nos
345 2113 381 2176 ah
403 2111 527 2175 ethnicis
549 2121 651 2174 cenna
673 2112 719 2176 ins
742 2132 829 2174 omne
851 2113 993 2187 naturale,
1014 2111 1144 2174 divinum
1168 2121 1197 2174 et
1211 2113 1383 2186 humanum,
1402 2125 1466 2172 een·

265 2197 413 2270 demnari‚
447 2197 577 2258 secunde
599 2196 671 2260 falsa
692 2216 759 2274 esse
780 2198 902 2260 crimina
923 2197 1021 2260 omnia
1042 2214 1167 2276 querum
1188 2198 1407 2268 ccursahantnu,
1427 2200 1466 2256 at·

265 2301 323 2363 que
344 2282 461 2344 illerum
482 2299 552 2342 rens
577 2299 680 2343 revera
701 2301 767 2344 esse
790 2282 922 2361 gentiles.
1108 2333 1111 2340 r

179 2353 184 2376 '
266 2427 270 2436 ,
350 2366 506 2428 Videamus
528 2365 626 2445 itaque
647 2366 743 2445 prinae
765 2384 822 2444 qna
842 2366 890 2428 ille
912 2367 1025 2428 ratione
1045 2365 1214 2445 probaverit
1233 2367 1347 2444 primae
1366 2380 1467 2445 prope·

267 2446 387 2514 sih'onis
413 2449 565 2512 rerimtem
587 2459 617 2512 et
637 2451 674 2512 ad
696 2449 854 2513 secundam
875 2450 982 2512 deinde
1003 2449 1165 2513 veniemus.
1206 2449 1245 2511 dt
1267 2451 1353 2524 hunc,
1375 2446 1467 2528 inquit

261 2541 395 2617 primm
416 2553 538 2597 sensnm
559 2536 640 2616 apud
661 2553 724 2606 eet,
747 2535 872 2596 llomani
894 2534 1190 2614 imperiosissime,
1218 2534 1397 2602 celleeeentte
1417 2535 1469 2594 iai-

266 2625 389 2702 qet'tetis
411 2620 473 2682 edii
492 2638 564 2702 erqe
585 2638 692 2682 nemen
715 2619 966 2691 Christienernm,
994 2639 1081 2700 quem
1101 2622 1290 2700 iniquitatem
1310 2621 1385 2682 idem
1405 2621 1469 2679 tita-

267 2707 315 2770 lete
338 2714 444 2768 oneret
466 2715 495 2767 et
516 2707 644 2767 revincit
665 2709 717 2786 qni
735 2705 857 2766 oidetnr
877 2723 1031 2777 eemeere,
1058 2709 1233 2783 inmerentia
1254 2705 1368 2768 scilieet
1391 2701 1468 2777 (ner-

267 2790 378 2854 tnllian.
399 2789 553 2869 Apoleqet
575 2808 638 2868 cap.
662 2793 691 2852 1.
715 2797 745 2853 ct
764 2788 815 2850 lib.
836 2789 859 2851 1.
882 2788 918 2850 ad
939 2787 1055 2851 lintion.
1077 2805 1141 2868 cap.
1164 2791 1216 2866 1.).
1252 2787 1287 2850 ln
1310 2785 1470 2869 qmmdau

267 2884 365 2939 autem
387 2873 564 2936 editionibus
585 2873 692 2953 legitur
714 2873 814 2936 edinen
833 2892 889 2954 pre
911 2875 981 2945 edii,
1003 2873 1057 2935 sed
1078 2890 1244 2952 perperam.
1277 2873 1352 2935 Nam
1372 2871 1470 2952 iniqni-

267 2965 339 3024 tutia
362 2960 425 3023 edii
442 2959 483 3021 ihi
504 2958 582 3020 idem
605 2958 748 3038 significat
769 2977 804 3020 ue
824 2961 921 3040 iniqui
941 2959 1011 3021 edii.
1054 2957 1182 3020 Primam
1197 2975 1269 3038 erge
1284 2956 1469 3020 Tertullianus

267 3043 363 3123 arguit
391 3043 575 3106 ethnicorum
602 3042 795 3122 iniquitatem,
833 3061 891 3122 qua
915 3043 998 3122 prius
1025 3041 1150 3104 ederant
1176 3041 1362 3106 Christianos
1394 3051 1470 3120 quent

268 3128 380 3190 scirent
407 3127 457 3206 qni
485 3127 621 3207 qualesve
648 3127 768 3190 luerint.
813 3117 894 3200 Quae
922 3127 1071 3188 enimvero
1098 3126 1192 3188 maier
1219 3127 1396 3206 perversitas
1421 3128 1469 3192 est

268 3229 355 3307 quam
388 3230 456 3340 qum
488 3212 598 3287 odmse,
630 3230 719 3290 quem
749 3222 849 3276 ntnnm
880 3210 949 3274 edio
981 3211 1027 3272 vel
1052 3229 1160 3288 ,amore
1191 3211 1298 3292 diguus
1331 3211 1371 3274 sit
1395 3207 1472 3291 plane

269 3313 409 3357 nescias.

354 3380 462 3440 Verum
494 3379 628 3441 ethnices
660 3379 718 3441 hec
748 3398 835 3441 caece
868 3378 899 3440 in
925 3378 1109 3442 Christianos
1137 3379 1285 3442 exarsisse
1316 3379 1383 3442 edin
1412 3374 1472 3437 hine

269 3463 356 3544 plane
384 3462 513 3524 ostendit
532 3463 642 3524 ductor
670 3473 784 3537 noster,
809 3465 877 3542 quia
898 3482 1006 3535 omnes,
1035 3469 1160 3545 qutiens
1182 3475 1279 3536 retro,
1308 3465 1369 3526 sire
1388 3467 1472 3529 aulen

271 3549 407 3620 ederent,
431 3552 501 3630 quin
520 3548 703 3626 iqneredent
723 3548 810 3629 qnele
830 3554 871 3610 sit
886 3549 963 3629 qued
977 3549 1114 3621 ederunt,
1136 3549 1228 3612 emi
1242 3550 1472 3626 damnantque·

271 3651 353 3706 rnre,
368 3643 496 3695 cessent
517 3643 547 3694 et
568 3633 665 3695 edium
686 3632 772 3707 libid.
786 3632 853 3694 leco
870 3633 941 3710 cit).
972 3632 1135 3713 Initigallii
1158 3633 1288 3696 editione
1309 3634 1381 3696 haee
1393 3627 1471 3692 recht

271 3717 359 3802 qeele
386 3721 427 3780 sit
453 3717 511 3791 (rel
532 3716 609 3779 sient
629 3716 660 3778 in
681 3717 831 3780 nonnullis
855 3717 942 3780 oditis
973 3718 1064 3799 earet)
1093 3720 1172 3799 qued
1203 3719 1334 3782 ederunt
1359 3725 1471 3796 prorsus

270 3803 380 3866 reiecta
402 3810 481 3864 sunt.
525 3802 592 3874 Qun
614 3810 711 3864 autem
732 3802 806 3877 inre,
827 3821 865 3864 an
886 3801 1006 3882 propria
1026 3803 1198 3866 anctoritate
1219 3802 1346 3883 higdeni,
1377 3819 1412 3862 an
1431 3805 1471 3874 tt·

270 3889 491 3968 pegrophnrnm
512 3887 806 3984 emmerammus·
818 3887 945 3967 quidem,
957 3887 1023 3954 ,sed
1043 3887 1137 3972 proha
1152 3887 1262 3952 seimus
1276 3887 1350 3952 haec
1362 3886 1393 3948 in
1406 3879 1470 3946 suh·

271 3971 1471 4122 tinniit„iaihhttlhhhilthrnihliltetffldelt

272 4140 367 4218 ipsius
390 4141 538 4221 ingenium
567 4141 637 4203 satis
658 4149 758 4221 aperte
780 4141 964 4203 convincunt
1008 4141 1087 4204 Haec
1108 4149 1206 4204 antem
1227 4149 1273 4204 est
1293 4140 1371 4203 illins
1391 4151 1470 4214 engl-

272 4224 429 4287 mentatio:
455 4225 513 4289 Ubi
540 4226 648 4288 ethnici
674 4236 863 4306 agnoverunt„
886 4225 935 4303 qui
958 4233 988 4288 et
1008 4226 1109 4304 quales
1132 4226 1191 4288 siut
1213 4223 1380 4298 Christiani,
1406 4233 1471 4299 quit

273 4309 497 4466 ffimmdpietag
523 4330 564 4408 ac.
583 4310 727 4408 pronitas,
755 4319 818 4457 tim
838 4310 980 4456 lprotinus
990 4311 1192 4456 assoseodisse
1212 4311 1360 4373 desinunt.
1400 4305 1469 4382 ΒΨ

305 4410 339 4454 os
362 4412 380 4454 e
402 4411 472 4454 eran
537 4415 584 4457 ura
647 4414 766 4457 ressen
800 4413 914 4457 aneon
955 4413 990 4456 or
1027 4414 1065 4456 au

358 4475 497 4550 Quamvis
516 4414 745 4555 iunaffunoam,
773 4480 832 4540 nisi
861 4412 985 4541 natgrnali
1012 4480 1122 4542 lumine
1144 4480 1262 4542 omnino
1283 4479 1417 4558 privans,
1441 4465 1469 4563 iil

273 4560 401 4626 abnuere
427 4567 530 4642 queat,
562 4574 648 4644 urget
672 4573 769 4628 nmen
798 4563 993 4628 Tertullianus
1024 4572 1055 4628 et
1081 4565 1213 4629 ethnices
1240 4563 1333 4626 adhuc
1359 4557 1469 4624 munet
