3144 5236
484 393 619 438 tocronn
641 393 700 438 nnn.
722 393 761 438 nn
783 393 911 440 noum.
1250 379 1312 442 tot

173 543 273 623 Neque
295 543 337 604 ibi
359 543 408 604 ille
431 543 528 616 stetit,
559 545 612 605 sed
634 545 671 606 nd
692 543 771 605 illam
794 551 943 606 aeternnm
964 543 1053 606 Verbi
1075 543 1165 606 divini
1186 561 1313 623 generu-

106 629 199 692 tiouent
220 627 552 710 rursus·erplicandnm
581 629 636 690 olio
658 645 732 690 usus
755 637 801 689 est
821 629 1059 708 comparationm
1095 647 1170 708 quoe
1192 629 1312 708 quidem

104 713 159 774 lect
176 711 383 792 superioribus
405 713 492 792 longe
513 713 673 792 perfectior
694 712 748 784 sit,
781 731 846 774 eam
868 719 966 774 tamen
994 713 1090 774 adhuc
1110 713 1312 793 imperfectam

104 815 160 858 esse
178 796 274 876 polam
295 797 461 876 prontemr.
504 796 548 859 tn
575 796 625 858 illo
648 805 746 859 antem
767 797 933 858 desumitur
959 815 996 858 er
1016 797 1159 859 interiore
1181 797 1312 860 hominis

103 891 227 944 termene
260 899 294 941 ac
322 879 414 942 verbo
446 889 535 960 etque
562 881 602 942 ita
630 889 866 959 argumentatur:
907 881 975 944 Vide
996 901 1062 944 oum
1084 887 1194 946 tacitns
1216 892 1313 944 oecon

103 969 155 1046 ipre
174 965 383 1044 congrederis,
415 970 535 1028 ratione
557 965 612 1028 loc
632 971 732 1046 iprum
753 969 805 1045 opi
822 969 908 1027 intro
930 975 973 1037 te,
1001 977 1179 1029 occurrente
1202 985 1237 1028 en
1259 966 1315 1029 tili

103 1067 157 1114 ron
176 1067 316 1112 temone
339 1050 379 1111 cd
400 1065 513 1112 omnem
535 1053 682 1128 cogitatur
704 1053 751 1112 tui
769 1057 883 1111 motum
905 1060 934 1111 et
953 1052 992 1112 ud
1014 1068 1129 1112 ornnem
1144 1067 1252 1112 sensns
1267 1051 1315 1111 tor·

100 1133 219 1214 patrem
268 1133 480 1214 Qnodmmpna
502 1138 690 1214 cogitaveris,
720 1151 818 1197 sermo
842 1143 901 1206 ειη
938 1134 1140 1214 poodcnnpne
1167 1137 1311 1204 emeris,

103 1221 171 1280 rotie
193 1229 249 1280 est.
280 1217 428 1299 teporo
450 1217 528 1280 illsrd
547 1222 581 1278 r'n
602 1223 702 1280 anim
724 1235 845 1280 nemete
867 1227 921 1288 est,
942 1230 974 1280 et
987 1219 1059 1280 dunt
1073 1217 1216 1300 loqueris,
1239 1233 1313 1278 con·

104 1301 260 1364 locstorern
278 1305 397 1381 poteris
418 1319 595 1374 sermonen,
618 1306 651 1364 in
673 1320 730 1383 gno
752 1306 831 1364 inest
852 1301 922 1364 lucc
942 1307 1010 1382 ipsa
1030 1305 1121 1373 ratio,
1143 1319 1231 1383 pom
1247 1317 1313 1363 cuns

102 1403 129 1447 co
143 1391 274 1466 cogitans
290 1386 436 1466 loptnris,
457 1405 514 1466 per
529 1405 613 1468 ment
629 1386 752 1466 lognano
775 1389 898 1466 comtos.
927 1385 977 1448 lto
997 1387 1148 1448 acmndnr
1169 1387 1313 1466 podore-

103 1471 175 1532 nodo
200 1474 235 1532 tn
265 1481 294 1534 te
321 1481 366 1532 est
394 1488 597 1555 sermo„per
629 1489 714 1552 pann
748 1471 879 1550 lepores
915 1473 1070 1548 coptondo
1092 1481 1121 1532 ct
1146 1487 1206 1550 per
1228 1485 1314 1550 quen

104 1559 201 1632 rogitus
232 1554 399 1635 lagoend03
435 1559 501 1636 ipss
530 1573 630 1618 scroto
658 1555 737 1617 olins
765 1564 820 1616 est.
868 1554 990 1626 Quanto
1018 1572 1087 1634 arpo
1112 1554 1236 1635 plenius
1258 1553 1314 1616 dot

105 1643 193 1716 optor
219 1643 256 1699 in
277 1639 357 1710 lieo,
392 1644 476 1701 cuias
507 1648 541 1701 tn
562 1658 676 1720 qnoque
697 1644 792 1717 rntogo
816 1649 844 1700 ct
865 1639 1029 1700 santilitndo
1053 1643 1201 1709 censeris,
1235 1637 1314 1718 guod

99 1721 196 1791 ,lolem
216 1727 252 1786 r'n
273 1741 305 1784 se
328 1725 452 1786 tenendo
467 1722 623 1786 llotioneor
645 1735 675 1788 ct
696 1727 728 1784 in
742 1722 871 1786 flatione
884 1721 1057 1784 Sermonem
1078 1721 1164 1793 (lhid.
1179 1739 1243 1801 cap
1258 1726 1313 1797 5.).

105 1805 141 1864 lbi
160 1815 254 1868 autem
276 1805 325 1867 ille
348 1806 480 1868 ostendit
492 1807 595 1879 ileum,
618 1808 668 1886 qni
689 1815 793 1868 natura
815 1799 1040 1868 sua'rationolis
1062 1815 1119 1879 est,
1141 1807 1178 1868 ab
1192 1813 1313 1866 aeterno

107 1888 245 1952 Rationem
269 1899 300 1951 et
321 1891 497 1953 Sermonem
518 1891 595 1952 intro
617 1909 651 1953 so
672 1890 830 1964 habuisse,
863 1908 951 1969 quem
971 1892 1085 1969 profert
1105 1891 1175 1953 dnm
1197 1890 1314 1968 cogitat,
1361 1925 1364 1932 ι

106 1980 181 2052 atque
199 1975 311 2050 ideireo
333 1973 407 2038 alius
430 1976 467 2037 ab
488 1976 555 2054 ipso
578 1983 635 2048 est,
657 1976 789 2054 quamvis
809 1974 963 2054 utriusque
978 1974 1080 2036 eadem
1095 1973 1135 2036 sit
1150 1974 1315 2036 substantia

107 2065 132 2116 ct
148 2067 254 2121 natura.
301 2059 378 2132 Quis
399 2068 496 2122 autem
518 2060 602 2122 facile
623 2077 684 2122 non
705 2060 848 2120 concedet
867 2059 938 2120 illud
960 2059 1056 2138 aptius
1082 2077 1116 2120 ac
1136 2057 1315 2120 luculentius

107 2158 156 2202 non
175 2143 308 2222 potuisse
329 2143 460 2222 probari,
482 2162 570 2223 qnam
592 2145 646 2206 hac
668 2144 819 2206 interioris
842 2142 995 2204 bominum
1017 2142 1098 2204 verbi
1120 2161 1154 2204 ao
1168 2141 1316 2204 sermonis

107 2226 336 2306 enpannonet
358 2227 391 2289 ln
412 2229 472 2290 hoo
492 2231 582 2303 enim,
604 2228 646 2290 uti
669 2228 789 2300 illusit,
812 2229 902 2288 homo
925 2235 973 2288 est
987 2226 1039 2288 Dei
1054 2227 1151 2306 imago
1174 2236 1205 2288 et
1225 2226 1311 2287 simi-

107 2308 196 2372 litudo.
244 2312 452 2374 Verumtamen
480 2315 588 2374 fatetur
623 2313 698 2374 hanc
723 2313 817 2391 ipsam
846 2311 1095 2391 comparationem
1129 2329 1198 2373 esse
1227 2310 1316 2389 plane

108 2393 295 2473 inperfectam
323 2415 357 2457 nc
384 2397 471 2476 longe
493 2396 619 2476 pleniori
641 2396 867 2476 perfectiorique
890 2395 979 2456 modo
994 2395 1121 2458 Verbum
1141 2395 1194 2457 liei
1217 2414 1233 2455 a
1254 2395 1316 2455 lieo

108 2476 182 2541 latre
201 2499 290 2559 quam
310 2481 441 2542 hominis
461 2480 584 2542 verbnm
606 2481 643 2542 ab
664 2481 784 2542 homine
805 2479 944 2560 proferri.

178 2565 273 2626 Porro
296 2573 393 2627 sutem
412 2583 449 2627 cx
470 2565 612 2628 hactenns
639 2565 726 2627 dictis
753 2565 943 2626 manifestum
972 2563 1110 2626 omnibns
1138 2581 1207 2626 esse
1229 2562 1319 2624 debet

108 2647 318 2722 a'lertnlliano‚
347 2649 411 2728 sire
431 2649 575 2712 catholico
597 2651 657 2712 sire
678 2649 916 2710 llontaristorum
931 2649 1055 2720 fautore,
1078 2647 1317 2708 constantissime

109 2741 237 2794 anunm
266 2751 434 2812 supremam
456 2733 523 2795 Filii
544 2734 597 2796 ttei
624 2745 656 2795 et
676 2733 764 2795 Verbi
793 2731 985 2793 divinitatem.
1029 2731 1137 2809 Aperte
1158 2731 1316 2809 siquidem,
1423 2801 1430 2815 .

109 2815 143 2874 nti
161 2813 296 2890 vidimus,
326 2818 413 2880 docet
433 2818 514 2879 illurn
536 2818 633 2880 divina
654 2817 751 2878 Patris
773 2817 819 2878 sui
841 2816 1018 2894 cogitatione
1047 2821 1217 2893 generatum
1244 2813 1316 2873 hac·

109 2917 155 2976 qne
168 2903 357 2980 generatione
374 2903 462 2964 ulium
485 2903 602 2982 quidem
619 2921 685 2963 esse
706 2921 722 2962 s
738 2901 834 2971 Patre,
850 2901 970 2961 honest
991 2915 1120 2978 persone
1135 2897 1317 2968 distinctum,

110 2984 153 3042 red
173 2986 293 3048 minime
310 2987 441 3048 divisum
463 3006 498 3048 ac
519 2995 704 3065 separatum
737 2983 974 3062 quandoquidem
996 3001 1054 3044 nna
1077 2991 1107 3042 et
1126 2981 1229 3042 eadem
1251 2997 1318 3042 om·

110 3066 170 3130 uino
190 3078 236 3131 est
255 3070 411 3150 utriusque
433 3071 598 3134 substantia
620 3078 650 3130 et
670 3075 783 3130 natura.
812 3067 891 3129 llens
906 3067 1014 3147 qnippe
1029 3067 1126 3138 Pater,
1148 3065 1185 3126 ab
1200 3073 1319 3127 aeterno

111 3154 264 3226 rationalis,
296 3155 363 3216 sine
390 3156 567 3234 cogitatione
596 3171 663 3216 esse
692 3169 840 3230 nunqnsm
869 3151 966 3231 potnit
998 3159 1085 3230 atque
1113 3149 1222 3211 idcirco
1255 3149 1319 3210 eins

111 3235 235 3310 terbum,
258 3239 338 3318 qnod
359 3239 436 3301 idem
459 3259 493 3300 ac
515 3239 608 3318 ipsius
632 3237 769 3317 cogitatio
793 3245 848 3309 est,
872 3234 959 3296 debet
980 3235 1021 3296 illi
1038 3253 1106 3296 esse
1121 3233 1319 3296 cortsnlrstan·

111 3319 167 3380 tiele
186 3341 220 3383 ac
240 3323 571 3386 coaeternumllonne
594 3341 663 3402 ergo
686 3323 758 3383 liaeo
780 3320 844 3400 ipsa
865 3319 951 3399 plane
973 3319 1075 3380 eedem
1098 3325 1144 3380 est
1158 3337 1192 3379 an
1206 3316 1322 3378 concilii

27 3447 31 3464 .
111 3399 217 3466 llicneni
238 3405 410 3468 sententia?
439 3408 472 3468 ln
494 3408 581 3470 liuius
603 3407 712 3486 qnippe
735 3405 868 3484 symbolo
892 3404 1030 3464 statuitur
1051 3402 1231 3465 credendum
1253 3419 1321 3464 esse

111 3491 138 3546 in
154 3509 244 3551 ronan
267 3491 427 3556 Dmninnns
449 3492 550 3553 lesnm
565 3492 727 3560 corsorum,
749 3501 856 3551 notum
877 3491 914 3551 dc
927 3487 1028 3559 Porro,
1049 3491 1244 3565 unigenitum,
1269 3487 1323 3548 doc

113 3583 149 3631 ert
169 3592 204 3634 ese
230 3577 402 3638 mittentia
424 3575 537 3647 Putris,
567 3575 662 3636 licum
684 3576 719 3636 de
741 3575 811 3644 Deo,
843 3574 942 3636 lumen
965 3573 1000 3633 de
1023 3573 1132 3632 lumine
1154 3570 1221 3640 (rel,
1246 3557 1323 3629 sicul
1366 3627 1369 3634 ,
1477 3591 1481 3603 ·

112 3653 146 3714 nit
170 3657 364 3720 Tertullianus
396 3659 549 3739 Apologet.
582 3677 607 3720 c.
641 3661 699 3722 nt:
737 3668 771 3718 nt
805 3658 904 3718 lumen
937 3657 971 3716 de
1004 3656 1114 3717 lumine
1145 3657 1322 3726 accensum),

113 3735 197 3880 {lunc
223 3759 330 3804 onum
357 3761 396 3805 es
418 3743 480 3805 lico
508 3761 580 3806 cero
613 3748 759 3821 potitum,
786 3760 848 3802 non
874 3742 1004 3819 sacrorn,
1039 3734 1324 3800 consubstantialem

133 3831 196 3886 utri.

601 3935 769 4027 tnrtcotus
788 3975 827 4044 lle

115 4073 259 4132 luendunnu
280 4082 440 4134 sotsnnmrqne
465 4086 603 4134 arguments.
627 4078 708 4134 nullm
731 4076 830 4122 nonnulli
854 4077 948 4132 probare
972 4075 1069 4118 nituntur
1086 4071 1241 4114 labefactatum
1255 4061 1334 4114 diisse'

158 4157 170 4186 t
186 4147 321 4192 Tertulliano
342 4147 485 4192 orthodoxum
503 4149 530 4190 de
549 4158 653 4201 supremo
671 4145 720 4189 Filii
738 4145 777 4188 llei
795 4143 905 4187 divinitate
922 4141 1051 4190 doctrinam.
1075 4138 1127 4193 quin
1145 4137 1197 4182 dixit
1213 4137 1277 4182 illum

324 4215 411 4258 divinus
429 4213 565 4258 snbstantias
584 4225 635 4257 esso
653 4211 786 4270 portionem,
804 4222 862 4266 quse
880 4211 903 4254 in
920 4209 984 4259 Putre
1003 4213 1046 4250 tota
1065 4213 1105 4250 est

188 4326 361 4406 Quanquam
384 4328 547 4390 orthodoxa
569 4328 703 4399 omnino,
725 4325 811 4388 sicuti
833 4323 1008 4404 explicatum
1023 4329 1079 4394 ost,
1101 4319 1190 4381 fucrit
1205 4319 1326 4380 Tertul-

115 4403 175 4468 liani
196 4409 233 4471 de
259 4429 398 4492 suprema
420 4412 508 4472 Verbi
531 4409 722 4474 contitinet
745 4407 897 4471 divinitate
933 4413 1109 4484 aeternaque
1136 4404 1326 4483 generatione

115 4493 265 4566 autentis,
301 4495 419 4574 quidum
442 4495 644 4569 nihilominus,
674 4493 763 4555 etiem
785 4490 920 4554 catholici
941 4490 1029 4552 limus
1055 4489 1200 4568 dogmatis
1223 4503 1325 4548 asser·

115 4577 197 4649 tores,
219 4577 299 4640 illum
320 4597 381 4640 non
402 4579 519 4641 minimi
540 4579 670 4658 quidem,
692 4579 746 4639 sed
767 4575 936 4657 gnarissimi
958 4573 1069 4636 erroris
1084 4575 1223 4638 audacter
1236 4589 1326 4633 aecn-
