3126 5250
494 403 627 446 torrens
649 405 707 447 nro.
729 405 766 446 ts
787 405 913 449 nonnnr.
1147 474 1150 484 ,
1239 393 1301 462 289

89 549 220 628 agnitam
246 551 399 612 rer-itatem
427 551 652 616 adulteraverint
677 573 711 616 ao
739 557 774 618 de
799 559 936 628 oeritote.
964 557 1065 618 nteit
1092 557 1300 635 Tertullianus,

90 635 307 718 disputaverint
329 645 435 698 eontra
456 643 611 702 voratorem
633 639 813 714 (Tertudian.
828 641 979 721 Apologet
995 658 1057 721 cap.
1073 645 1147 714 lb).
1191 643 1249 706 Sed
1271 646 1302 708 in

90 728 133 781 tot
155 737 295 781 errorum
317 720 454 800 abyssum
476 741 528 784 eos
548 723 747 804 praecipitarit
768 743 852 786 caeca
873 725 1018 788 humanae
1040 726 1148 807 gloriae
1169 737 1200 789 et
1215 749 1302 794 aurae

86 803 243 884 popularis
262 805 406 884 ettpiditas
428 825 462 868 ao
480 806 581 869 libido.

175 889 285 950 Verum
305 889 465 954 Christiani
493 892 601 972 spretis
632 893 786 954 bominum
817 893 952 956 laudibus
978 895 1130 958 veritatem
1151 897 1181 958 in
1204 898 1300 962 saeris

85 973 253 1053 seripturis
275 975 410 1036 traditam
430 977 608 1049 neomsarie
641 977 736 1056 iuquit
757 978 962 1052 Tertullianus,
986 991 1131 1061 oppetunt
1145 990 1173 1044 et
1186 987 1301 1062 integre

84 1068 227 1130 urent,
249 1071 285 1122 at
305 1065 358 1141 φη·
376 1059 472 1124 soluti
492 1081 565 1123 aueo
588 1074 698 1126 curent
720 1062 828 1138 (lbid.).
857 1065 951 1142 Atque
972 1064 1041 1126 inde
1061 1065 1201 1128 adversm
1215 1085 1300 1130 oom-

83 1143 214 1226 pollatqs
236 1163 253 1204 a
275 1161 310 1205 se
330 1144 454 1224 gentiles
475 1146 533 1206 rite
554 1146 715 1208 eondudit:
748 1147 848 1228 Neque
869 1149 903 1210 de
924 1154 1050 1211 retentae
1069 1169 1161 1230 nque
1182 1153 1217 1214 do
1231 1154 1299 1216 die·

83 1229 211 1312 eipliaoo,
233 1241 269 1292 at
286 1235 413 1310 potetis,
435 1249 599 1312 aequemur
621 1231 728 1308 (lbid.).
758 1231 841 1293 Nulla
862 1232 951 1311 igitur
971 1233 1064 1312 magis
1086 1235 1245 1313 inaequalis
1267 1255 1301 1300 ao

83 1321 282 1392 praepostera
304 1314 482 1394 eomparatio
505 1313 541 1376 ab
565 1315 689 1376 etbniois
711 1316 775 1378 lteri
796 1316 900 1395 potuit,
922 1335 1009 1396 quam
1024 1326 1165 1398 utrosque
1178 1319 1299 1384 seientia

83 1407 112 1459 et
131 1397 294 1477 disciplina
312 1398 529 1478 adaequando..
543 1399 644 1479 Neque
664 1401 775 1480 potiori
796 1401 861 1462 inre
882 1401 1070 1464 venditabant
1089 1404 1223 1482 aequales
1244 1424 1299 1485 pa·

83 1501 196 1562 rosque
226 1501 293 1544 ease
319 1483 390 1544 alias
419 1483 536 1546 illorum
563 1484 694 1558 virtues,
722 1484 801 1564 quod
828 1481 886 1546 mm
908 1503 974 1548 eum
995 1487 1174 1550 Tertulliano
1196 1497 1299 1552 nostre
1415 1561 1419 1570 ,

83 1576 127 1628 est
150 1567 393 1646 expendendum.

581 1720 747 1772 tuttcutus
766 1721 807 1770 lll.

83 1824 155 1875 wem
177 1829 322 1877 pnepomara
339 1821 432 1876 gentle·
450 1823 603 1868 oonteoden'ut
619 1834 695 1878 parem
713 1834 764 1866 esse
782 1823 961 1880 pbilosophorum
979 1835 1069 1870 morum
1088 1833 1153 1880 anua
1165 1828 1298 1874 Christiano·

83 1903 133 1936 run
150 1889 292 1946 probitatem,
321 1897 396 1934 eoum
413 1902 480 1946 quarn
498 1890 608 1946 Diogenes
626 1890 753 1948 superbiam
769 1890 865 1934 Platonis
885 1892 928 1936 olio
946 1893 1049 1947 superbio
1068 1895 1213 1946 cenomanie
1231 1909 1297 1942 asum·

82 1970 142 2000 mam
163 1959 234 2000 tuisse
252 1956 424 2002 Christianorum
442 1958 580 2010 modestiam,
598 1965 674 2002 eontra
693 1970 759 2013 quam
776 1957 909 2014 Pythagoraa
927 1966 949 2001 at
965 1957 1039 2004 Zenon
1058 1962 1191 2016 tyrannidem
1209 1965 1297 2009 adeota-

82 2031 180 2071 verant:
198 2025 313 2067 maximam
331 2024 398 2066 lttisse
417 2025 483 2067 animi
502 2025 673 2069 christianorum
692 2025 832 2080 aequitatem,
851 2034 926 2069 eontra
944 2039 1009 2081 quam
1027 2027 1141 2082 Lyeurgus
1158 2039 1297 2085 apocartere-

83 2093 115 2136 dn
132 2093 235 2148 optentu
253 2099 362 2135 sanatam
380 2092 458 2136 redum
478 2103 490 2136 a
508 2093 636 2136 cortsdmls
654 2093 727 2146 tidem,
745 2100 822 2136 eonon
839 2103 906 2148 quom
919 2093 1061 2149 denegem
1078 2098 1297 2155 oegaaltborplttbuo

84 2160 226 2216 metitum
249 2160 328 2204 airam
351 2159 420 2204 muse
439 2159 612 2204 Christianorum
636 2159 803 2216 respuentem,
829 2169 905 2206 eontra
929 2173 995 2216 quarn
1011 2163 1139 2208 Aristoteles
1157 2177 1170 2210 a
1187 2167 1238 2212 loeo
1255 2178 1296 2214 suo

166 2227 259 2274 dinem
275 2226 387 2272 Heredem
404 2235 426 2270 et
442 2228 545 2272 adulatus
563 2235 596 2271 ast
612 2229 734 2272 llunndro
754 2228 840 2283 blegne,
858 2235 922 2284 atque
939 2229 1060 2288 Aristippus
1077 2231 1100 2275 in
1116 2244 1213 2290 purpura

389 2295 534 2350 deputabatur
551 2304 573 2339 et
589 2295 679 2352 Hippias
702 2295 780 2340 civitati
798 2295 889 2340 insidias
906 2297 997 2352 pararit.

164 2409 211 2470 sd
233 2407 361 2470 morales
380 2409 453 2471 alias
468 2410 700 2474 Christianorum
722 2420 808 2490 atque
829 2411 979 2490 gentilium
1000 2401 1122 2476 uir'tutes
1143 2415 1168 2476 si
1190 2423 1294 2480 nostm

94 2511 150 2554 mm
171 2493 355 2554 Tertulliano
377 2501 571 2568 transeamus,
593 2515 653 2557 non
675 2497 772 2558 mium
792 2497 926 2578 prolecto
947 2496 1105 2558 discrimen
1128 2499 1204 2562 inter
1229 2501 1293 2564 illas

94 2595 173 2656 quam
191 2595 284 2658 supra
303 2587 483 2640 memoratas
505 2580 725 2660 deprehendere
748 2589 802 2642 est.
846 2580 879 2642 Si
902 2583 936 2644 de
954 2583 1106 2660 probitate
1134 2583 1293 2660 enimvero,

92 2661 160 2728 siuet
179 2661 229 2724 ille
249 2663 331 2742 loqui
354 2673 439 2736 amat,
463 2683 516 2725 seu
538 2683 653 2726 morum
675 2663 849 2743 integritate,
874 2665 921 2726 rel
942 2667 1186 2744 quemadmodum
1207 2671 1293 2748 vulgo

88 2745 196 2821 dieitur,
220 2747 258 2810 de
279 2746 451 2810 humilitatis
473 2747 580 2810 uberte
593 2757 722 2810 certetur
734 2749 812 2810 inter
826 2749 947 2826 gentiles
962 2757 991 2812 et
1005 2750 1197 2824 Christianos,
1220 2773 1293 2830 eoae,

85 2831 176 2912 inquit
196 2831 258 2906 ille,
282 2832 449 2905 lutulentae,
472 2833 517 2894 rel
539 2834 615 2896 sient
636 2833 704 2895 abbi
716 2832 844 2912 scripsit,
867 2834 1058 2906 coenulento,
1078 2837 1203 2914 pedibus
1217 2837 1294 2900 Dio-

82 2935 166 2995 yeaer
189 2915 340 2997 mporboa
353 2916 490 2980 Plutonis
511 2929 599 2980 toros
621 2919 684 2980 olio
704 2917 847 2998 superbio
861 2918 996 2980 deeuloot
1015 2917 1196 2989 (Tertullian.
1210 2922 1293 3000 Apo-

81 3001 166 3080 loget.
187 3019 255 3079 oap.
278 3003 330 3066 46.
352 3009 380 3062 et
399 3000 450 3062 lib.
473 3002 510 3062 de
530 3001 601 3064 Pall.
624 3020 686 3081 cap.
708 3006 761 3078 4.).
804 3001 909 3063 Nonne
929 3011 1024 3064 autem
1040 3002 1234 3084 Hieronymus
1256 3007 1294 3068 ad

81 3086 158 3148 bime
182 3084 354 3146 Tertulliani
374 3085 470 3146 locum
493 3085 665 3148 oodineasee
686 3087 810 3159 videtur,
832 3085 882 3146 ubi
904 3084 999 3148 aiebat
1012 3085 1173 3166 Diogenem
1193 3090 1292 3154 lutatis

80 3171 206 3249 mitaris
229 3169 418 3231 oonnilrasse
436 3168 569 3232 Platonis
589 3170 688 3234 divitie
711 3181 794 3233 toros
823 3169 1002 3249 (Hieronym.
1023 3171 1074 3234 lib.
1096 3171 1132 3236 tt.
1155 3174 1218 3236 adv.
1240 3175 1289 3238 lo·

80 3255 188 3318 visdon
210 3271 277 3334 pag.
300 3257 373 3318 203.
400 3253 498 3316 baem.
527 3255 577 3316 lib.
601 3255 647 3316 vt
670 3255 700 3316 in
722 3255 785 3318 Vite
807 3253 927 3333 Diogen.
950 3259 979 3332 ὅ.
1003 3254 1091 3333 Ded?
1133 3257 1191 3320 Sed
1223 3269 1291 3322 ante

78 3349 236 3419 maraque
256 3337 391 3400 [nardus
410 3347 508 3400 narrat
526 3339 696 3420 Diogenem,
715 3340 788 3402 dum
809 3339 939 3402 Platonis
962 3336 1138 3422 στρώματα
1159 3343 1290 3420 calcaret,

79 3423 205 3488 dixisse:
227 3423 326 3486 motui
381 3419 412 3486 “a
438 3419 619 3500 Πλάτωνος
643 3417 899 3488 maeonovdloa:
932 3424 1021 3488 oeteo
1042 3425 1180 3490 Plutonis
1200 3433 1291 3494 inesto

79 3511 221 3580 audiena,
243 3445 531 3588 ipsiquewl'latonem
551 3510 756 3589 respondisse:
771 3503 871 3573 Ὅσον
892 3507 951 3572 τοῦ
971 3505 1077 3593 τύφου
1091 3507 1287 3597 διαφαίνεις,
1340 3527 1346 3534 ·

79 3590 184 3657 δοκῶν
204 3588 250 3678 μὴ
272 3592 517 3677 oeruapododoe:
543 3595 695 3668 Quantum
717 3595 833 3674 foetum
849 3595 989 3667 ostendo,
1012 3597 1161 3675 quinallo
1175 3609 1290 3662 morere
1312 3610 1317 3624 ‘

78 3679 163 3756 saeta
191 3679 294 3740 oldest
317 3672 424 3758 euplo!
449 3685 499 3739 aot
526 3687 559 3740 ut
587 3679 635 3741 alii
662 3681 788 3751 luemnt,
811 3678 882 3740 dm
902 3678 1066 3758 Diogenes:
1101 3680 1198 3744 moad
1228 3675 1288 3745 τὸν

78 3759 259 3866 Πλάξωνος
279 3757 401 3846 τύφονε
427 3762 515 3826 Coloo
529 3763 666 3825 Plutonis
687 3764 819 3843 festam
843 3763 890 3824 ooi
902 3762 985 3824 Plato
999 3765 1166 3859 respopdit:
1187 3760 1287 3847 ἑτέρῳ

78 3847 1287 4013 uasorum

81 4017 172 4086 tabee
195 4015 298 4080 midiea
310 4033 355 4080 ex
374 4016 481 4077 eodem
496 4015 612 4078 laertio
634 4016 739 4078 dumos
761 4016 797 4077 ab
819 4016 876 4078 boo
889 4015 1019 4096 Diogene
1041 4013 1200 4095 dssorpuloe
1221 4035 1286 4080 sne

81 4099 181 4162 calceis
204 4092 313 4165 ἆνυπο
345 4097 352 4116 ’
375 4120 440 4177 ους,
463 4119 529 4162 urm
551 4101 600 4162 ille
620 4101 754 4183 γυμνοῖς
774 4099 857 4164 ποσὶ
870 4095 965 4179 χιόνα
975 4095 1107 4164 tuere:
1130 4102 1219 4164 aede
1231 4121 1287 4183 pe

81 4183 164 4247 dibus
183 4190 284 4248 aloem
305 4203 341 4248 oo
354 4186 450 4248 oodot.
493 4185 633 4258 Quamvis
654 4205 726 4264 ergo
747 4193 856 4248 tantm
876 4191 1075 4265 paupertatem
1096 4184 1191 4264 palem
1212 4204 1285 4265 pro-

80 4267 219 4343 fiteretur,
241 4287 302 4332 non
322 4269 422 4332 minus
443 4277 541 4332 umen
563 4289 650 4350 quiam
671 4270 753 4332 dives
774 4269 857 4332 Plato
879 4268 1033 4349 superbiae
1055 4276 1085 4330 et
1103 4271 1278 4350 arroganda,

81 4353 148 4414 vitio
168 4355 287 4418 indatio
305 4362 381 4416 erat

162 4439 303 4520 Superbia
324 4439 422 4519 itaque
442 4437 500 4500 illis
521 4438 708 4520 pbilosophis
723 4436 917 4500 TertnDianus
936 4436 992 4498 rite
1006 4437 1284 4516 opportunitate

83 4537 160 4596 namt,
180 4525 229 4604 qui
251 4543 307 4604 aee
327 4529 361 4587 io
378 4542 552 4604 pauperem,
573 4524 665 4586 multo
686 4523 784 4584 minas
805 4521 836 4583 in
857 4521 976 4582 diritem
996 4523 1132 4602 superbit
1151 4524 1284 4600 (Terlttll.

83 4605 199 4688 Apolog.
226 4627 290 4690 cap.
313 4611 366 4674 to.
394 4607 468 4670 lbid.
491 4625 554 4690 eap.
577 4612 652 4686 Tb).
695 4605 867 4695 Christims
900 4605 1063 4681 enimvero,
1095 4607 1283 4676 fraternitatis

116 4709 266 4762 Turranium
278 4725 330 4760 ora.
342 4725 381 4759 nn.
397 4724 495 4760 ornan.
521 4713 584 4760 Tem.
596 4712 634 4758 ttt.
1051 4707 1082 4760 ta
