3166 5250
477 401 609 446 rocroaa
630 401 689 448 ure.
711 401 749 446 11
770 355 896 448 nannai.
1234 391 1296 452 475

25 563 31 602 t
84 571 147 633 cap.
171 553 219 616 16.
241 549 304 613 nrt
326 555 346 616 2
368 559 397 614 et
419 553 475 630 a.)‚'
503 552 599 616 dolam
625 551 796 616 eorumdem
818 551 970 616 numinum
992 552 1171 618 divinitatem
1193 555 1292 618 1111111-

25 653 37 688 a
83 648 131 700 tus
153 636 263 700 evertit.

31 737 39 747 ·
165 721 313 801 Urgebaut
334 728 433 782 11111111
459 719 583 782 Romani
609 720 757 800 ceterique
779 739 883 782 omnes
905 721 1014 784 ethnici
1034 741 1121 784 varos
1137 741 1204 786 esee
1220 723 1292 788 deos

82 825 162 879 euos,
186 806 236 886 qui
257 804 410 884 stupendis
433 805 536 884 signis,
559 804 718 880 miraculis,
739 805 1002 886 praedictionibus,
1021 808 1156 882 orandis,
1178 807 1292 870 divina·

25 925 27 960 :
83 891 211 954 tionibus
233 909 267 952 ac
288 889 372 952 lactis
394 888 579 968 quibusdam,
602 908 676 969 quae
698 899 816 954 cunctas
832 896 1038 954 'creatmarum
1060 892 1138 954 vires
1153 911 1292 972 superare

25 1011 27 1028 ‹
80 975 262 1048 videbantur,
283 993 371 1036 suam
392 973 571 1036 divinitatem
593 983 623 1036 et
644 975 886 1054 omnipotentiam
909 995 996 1055 saepe
1018 977 1136 1056 saepius
1152 991 1291 1056 compro:

79 1060 229 1122 baverant.
258 1059 296 1120 Et
315 1059 389 1122 haec
410 1069 489 1121 certe
510 1077 584 1138 quae
606 1067 685 1122 extra
708 1059 827 1122 solitum
848 1068 969 1122 naturae
992 1060 1125 1124 ordinem
1147 1068 1209 1124 aeta
1225 1081 1293 1126 esse

79 1143 286 1224 opinabantur,
309 1143 426 1206 illorum
448 1143 550 1206 oculos
573 1152 603 1205 et
622 1153 750 1206 mentem
766 1144 810 1206 sic
823 1145 1043 1218 fascinaverant,
1066 1154 1098 1207 ut
1117 1165 1292 1226 persuasum

78 1229 203 1292 omnino
232 1227 388 1290 habuerint
417 1245 451 1290 ea
479 1227 537 1288 soli
566 1227 688 1290 deorum
715 1230 854 1308 potestati
882 1248 950 1292 esse
979 1229 1141 1293 tribuenda.
1184 1231 1292 1310 Verum

77 1313 277 1375 Terttrllianus
300 1312 532 1392 ostendithauo
552 1313 831 1392 argumentationem
854 1313 890 1376 ab
913 1315 950 1376 iia
980 1322 1093 1376 tantum
1112 1315 1239 1395 proferri
1263 1324 1293 1378 et

74 1398 177 1478 urgeri
205 1397 254 1477 qui
283 1415 379 1460 veram
394 1396 567 1475 ignorabant
581 1399 737 1460 ellectuum
751 1398 869 1462 illorum
884 1417 1010 1462 eausam.
1040 1399 1167 1462 Semetis
1183 1401 1291 1480 quippe

74 1483 215 1546 inanibus
243 1481 430 1561 praeiudiciis
457 1499 619 1560 agnoscere
647 1492 807 1562 potueruut
827 1503 862 1545 ea
883 1483 981 1546 omnia
1010 1485 1083 1546 lacta
1103 1484 1197 1546 luisse
1218 1485 1313 1546 dae-¹
1414 1506 1421 1520 ¹

32 1616 36 1624 .
73 1586 200 1630 monum
222 1565 348 1645 agilitate
369 1565 503 1638 maxima,
525 1566 610 1628 malis
632 1565 755 1640 artibus,
778 1567 863 1641 dolis,
886 1568 1036 1630 fraudibus
1049 1586 1092 1630 ac
1112 1569 1288 1648 praestigiis,

26 1699 31 1707 .
73 1653 186 1731 quibus
201 1651 230 1712 bi
247 1650 402 1734 mendaces
416 1650 579 1730 imparique
601 1651 722 1729 spiritus
744 1651 868 1714 incautis
890 1652 1061 1715 hominibus
1081 1653 1168 1733 plane
1183 1654 1289 1716 illude-

25 1728 32 1738 ’
72 1737 159 1799 bant.
210 1735 274 1798 lluc
295 1735 382 1798 etiam
404 1735 530 1808 accedit,
565 1735 643 1815 quod
672 1735 779 1798 ethnici
805 1737 917 1800 inficiae
943 1737 987 1800 ire
1016 1737 1184 1816 nequibant,
1206 1738 1291 1819 plura

74 1820 319 1884 extraordinariis
341 1820 474 1894 deorum,
503 1819 546 1882 uti
573 1819 723 1899 putabant,
754 1823 982 1884 suorum·lactis
1004 1821 1111 1888 similia
1132 1823 1167 1884 ab
1190 1823 1288 1884 homi-

73 1905 168 1968 nibus
196 1904 304 1984 magiae
340 1904 446 1966 deditis
485 1905 645 1966 eorundem
678 1905 853 1968 daemonum
882 1906 958 1970 dolis
985 1926 1020 1970 ac
1039 1907 1189 1970 fraudibus
1212 1909 1290 1973 edita

25 1984 30 2068 s
72 1990 184 2052 luisse.
221 1990 293 2062 Quis
315 2008 395 2068 ergo,
417 1988 475 2052 uisi
495 1989 633 2062 insaniat,
655 1989 712 2050 bos
735 1989 842 2052 idcirco
865 2009 951 2054 veros
974 1992 1046 2054 deos
1070 2010 1138 2054 esse
1160 1991 1289 2058 dixerit?

25 2090 32 2158 ζ
73 2075 162 2148 Quae
183 2093 272 2153 porro
295 2092 329 2136 ac
350 2073 450 2153 quanti
470 2073 611 2154 ponderis
633 2074 693 2135 sint
713 2074 786 2136 baec
806 2083 987 2155 argumenta,
1010 2075 1117 2156 quibus
1132 2077 1288 2138 Tertullia-

25 2162 32 2239 j
70 2178 134 2222 nus
158 2158 228 2220 illud
249 2159 385 2237 probavit
405 2157 510 2238 (Supra
532 2177 595 2236 cap.
618 2160 647 2224 8.
670 2159 731 2220 hrt.
755 2161 774 2224 3
797 2167 826 2220 11
847 2165 952 2240 seqq),
976 2161 1113 2239 superius
1136 2160 1289 2223 enucleare

68 2263 107 2308 ao
130 2245 297 2324 patefacere
318 2242 531 2305 contendimus.
560 2243 594 2305 ln
616 2243 820 2322 superioribus
843 2245 929 2306 eham
945 2245 1203 2308 dissertationibus
1217 2247 1290 2308 baec

69 2338 102 2390 et
125 2329 183 2391 alia
206 2327 301 2390 adbuc
321 2323 404 2408 plura
427 2327 642 2406 explanavimus
665 2327 830 2398 (Dissertat.
852 2327 883 2389 in
904 2329 1009 2391 blinuc.
1033 2329 1133 2392 Octav.
1157 2349 1219 2409 cap.
1240 2333 1287 2394 16.

65 2415 135 2476 hrt.
162 2418 177 2476 l
204 2422 232 2474 et
255 2431 337 2492 seqq.
361 2421 391 2473 et
410 2411 535 2473 Dissert.
558 2411 588 2472 in
609 2411 718 2473 Arnob.
741 2431 803 2491 cap.
822 2415 871 2476 18.
892 2415 954 2474 Art.
980 2419 994 2478 l
1019 2423 1049 2476 et
1069 2431 1150 2493 seqq.
1174 2423 1203 2475 et
1216 2414 1287 2476 llis-

68 2507 149 2560 sert.
173 2497 204 2559 in
225 2497 356 2558 Lactant.
379 2515 441 2575 cap.
458 2497 508 2560 32.
524 2497 584 2558 hrt.
600 2501 653 2570 4.),
677 2497 781 2576 quihus
803 2497 851 2558 alii
872 2506 993 2560 nostrae
1014 2498 1164 2577 religionis
1187 2518 1285 2560 asser—

64 2591 156 2646 tores
184 2601 219 2644 11
245 2581 373 2643 vindices
405 2580 483 2642 illam
512 2579 664 2659 gentilium
692 2581 863 2661 opinionem
885 2590 914 2646 et
935 2583 1215 2661 argumentationem
1236 2602 1285 2646 ra-

64 2667 181 2732 dicitus
204 2673 409 2730 excusserunt
1224 2685 1229 2695 ·

560 2932 680 2994 cautu
703 2932 805 2996 xxix.

365 3053 398 3103 lle
416 3053 515 3104 deorum
533 3051 685 3115 imaginibus,
703 3051 788 3101 statuis
807 3059 830 3100 et
848 3050 990 3103 simulacris.

605 3177 742 3190 ψ

581 3269 747 3322 sustentus
763 3271 781 3320 l.

60 3377 160 3432 Quibus
178 3379 313 3433 argumentis
331 3375 480 3421 Tertullianus
498 3375 634 3419 demonstrat
651 3374 746 3418 colenda
764 3385 807 3418 uon
825 3383 877 3417 esse
895 3373 986 3417 deantur
1004 3370 1131 3425 simulacro,
1150 3385 1207 3428 quae
1225 3375 1286 3419 milla

59 3455 127 3492 ante
143 3446 235 3490 Numam
259 3444 390 3501 Pompilium
408 3456 434 3488 ec
452 3445 517 3498 longo
535 3443 641 3502 11111111
658 3449 756 3498 tempore
774 3442 857 3488 homae
875 3442 975 3492 menium
1001 3451 1059 3496 quae
1077 3451 1104 3484 ex
1120 3442 1199 3485 eadem
1217 3450 1286 3487 mate·
1339 3486 1344 3494 ,

54 3517 99 3562 ria
124 3526 152 3558 ac
170 3515 222 3558 ailla
240 3515 332 3557 vascula
350 3514 406 3560 lacta
424 3519 500 3562 11111111
518 3522 576 3566 quae
593 3511 687 3554 ridicula
704 3510 873 3554 consecratione
891 3510 960 3552 letum
976 3515 1114 3552 mutaverant
1130 3521 1209 3561 111111
1227 3521 1285 3566 quae

55 3585 91 3630 ab
116 3581 240 3626 artilleihus
258 3581 363 3624 fabricate
380 3579 446 3623 variis
465 3577 601 3623 contumeliis
621 3590 633 3622 a
651 3577 728 3622 bestiis
747 3577 915 3632 hominibusque
933 3575 1099 3622 alliciebantur:
1118 3589 1144 3620 ac
1163 3589 1229 3634 quam
1247 3579 1287 3621 ab·

263 3645 267 3655 '
312 3649 378 3692 surde
394 3645 479 3692 bestiae
497 3645 584 3699 Libero,
603 3645 682 3702 Cybele
700 3653 721 3689 et
738 3645 833 3689 Caelesti
851 3643 973 3700 applloatne
991 3643 1042 3686 sint.

159 3763 233 3826 Cum
255 3761 327 3825 satis
350 3779 496 3841 superque
517 3760 751 3822 demonstratum
772 3761 814 3821 sit
833 3759 925 3821 falsos
946 3757 1101 3837 utdlosque
1124 3776 1190 3820 esse
1211 3773 1284 3836 gen·

51 3851 171 3914 tilium
199 3848 288 3921 deos,
321 3848 390 3908 inde
416 3844 585 3908 necessario
615 3843 748 3922 sequani·
774 3863 846 3906 rana
868 3861 906 3921 ag
930 3841 1009 3904 nudo
1030 3841 1149 3921 penitus
1170 3841 1285 3902 bonore
1353 3839 1356 3850 '

52 3937 163 4013 digna
186 3950 255 3994 esee
274 3932 393 3994 illorum
414 3929 579 4002 simulacra,
602 3936 713 3990 statuas
730 3938 760 3992 et
773 3927 923 4006 imagines.
955 3925 1038 4000 Quae
1052 3925 1130 3986 enim
1145 3924 1211 3986 lalsi
1226 3924 1283 3998 dei,

49 4017 133 4083 nisi
155 4015 228 4077 lalsa
248 4016 343 4096 imago
365 4035 431 4080 esse
452 4011 574 4095 potest?
594 4013 749 4092 Nunquam
770 4031 840 4092 ergo
862 4029 965 4090 magna
988 4009 1052 4072 sine
1066 4008 1215 4088 impietate
1230 4027 1283 4070 cc-
1349 4071 1352 4074 ,

46 4105 145 4168 litur
167 4108 197 4162 et
217 4101 363 4164 adoratur.
400 4098 597 4162 Tertullianus
620 4105 715 4160 11111111
735 4099 813 4160 huuc
835 4095 1018 4158 ethnicorum
1039 4111 1171 4155 errorem
1191 4112 1283 4173 pecu·

45 4184 198 4252 liaribue
220 4185 393 4265 quihmdam
414 4183 543 4266 explodis
563 4189 766 4264 expugnatque
788 4180 961 4253 rationibus,
985 4196 1059 4258 quae
1072 4195 1151 4239 nunc
1165 4196 1181 4238 a
1195 4177 1282 4240 nobis

44 4269 262 4353 explicandae
283 4279 363 4334 suut.
1068 4295 1075 4310 ·

156 4355 220 4417 lam
240 4371 311 4418 vero
333 4355 416 4418 illum
437 4351 599 4418 andivimus
621 4351 766 4414 1111111111
786 4349 864 4412 nulla
884 4348 1005 4418 Romae,
1027 4353 1167 4444 regnante
1188 4345 1287 4410 Numa

38 4439 219 4520 Pompilio
247 4448 278 4502 et
304 4449 372 4504 aute
397 4439 475 4502 illiue
503 4434 848 4502 memineramus
875 4431 1029 4496 simulacra
1060 4438 1110 4494 aut
1140 4431 1282 4511 imagines

40 4532 195 4593 deomm
218 4523 302 4605 (Cap.
324 4543 414 4605 super
434 4523 572 4600 1111).
614 4520 730 4584 Etenim
750 4519 899 4590 nondum,
929 4517 1039 4596 inquit,
1071 4527 1143 4580 tuac
1164 4519 1283 4597 a'ngeoia

40 4615 259 4682 mosomio
272 4621 361 4693 utque
380 4607 544 4672 1111111111
563 4607 709 4690 finqeodia
732 4603 902 4670 1111111111
929 4599 1036 4668 Urbem
1056 4602 1284 4666 inundaverant
