3132 5238
446 391 580 435 aucronc
603 393 698 436 ranno
720 393 815 438 susm.
837 393 864 438 r.
886 396 914 438 n.
937 395 968 438 u.
1273 383 1315 447 59,

168 539 259 612 Quod
283 541 310 601 si
334 540 362 600 id
384 541 528 603 incertum
555 551 602 604 est
624 553 694 622 post
714 543 944 607 baeerationum
958 556 1116 621 momenta,
1139 559 1168 611 at
1183 551 1240 612 ium
1256 569 1312 614 ne-

98 624 146 704 gari
167 623 288 702 nequit,
312 625 382 704 quin
405 627 537 688 eiusdem
560 645 636 707 pene
659 631 822 708 argumenti
850 631 925 692 liber
952 632 997 693 oui
1030 633 1144 696 titolum
1178 637 1246 698 tecit
1276 638 1313 700 de

97 708 256 788 tirginibtm
279 709 427 784 velandis,
461 711 615 774 eireaboc
638 721 790 793 tempusa
813 715 992 778 Tertulliano
1022 719 1148 798 scriptus
1170 721 1218 781 sit.
1252 721 1312 782 [te-

95 794 129 854 dit
148 795 219 856 bnie
242 793 357 873 scripto
380 797 566 870 occasionem
589 798 735 877 virginum
750 797 1033 878 Carthaginiensium
1054 819 1156 881 parom
1179 806 1312 868 modesta

93 878 292 951 musnetudo,
321 879 428 958 quibus
451 880 481 942 in
505 882 657 944 ecelesiam
682 884 782 946 venire
803 895 905 964 aperto
927 886 1031 964 eapite,
1054 896 1087 949 ut
1108 890 1244 952 maritum
1265 893 1313 952 ia·

91 963 166 1024 tilius
189 972 382 1042 quaererent,
405 964 537 1028 solemne
560 968 624 1028 terit.
655 968 740 1030 lluno
761 987 873 1030 morem
895 971 1036 1032 acerrime
1057 972 1218 1036 insectatur
1236 976 1314 1038 Ter-

91 1049 233 1110 tullianus.
281 1049 343 1110 laur
370 1059 468 1111 autem
489 1051 698 1114 Montanistam
727 1053 818 1115 tuisse
846 1055 953 1116 invicte
980 1057 1108 1135 probant
1129 1078 1203 1138 quae
1225 1061 1313 1123 babet

89 1135 169 1195 buius
199 1134 274 1194 libri
303 1153 366 1212 cap.
392 1139 420 1198 1.
448 1136 485 1196 de
506 1135 672 1198 Paracleto:
710 1137 758 1200 Sic
789 1149 817 1202 et
838 1143 969 1211 iustitio,
1003 1142 1112 1220 inquit:
1145 1163 1215 1207 nam
1238 1147 1313 1208 idem

89 1217 164 1280 neus
193 1222 337 1280 iustitiae
368 1229 396 1280 et
427 1231 583 1282 creaturae
608 1227 710 1302 primo
733 1225 796 1302 (uit
817 1229 849 1285 in
870 1225 1059 1298 uestimentis,
1082 1240 1196 1290 nutura
1218 1229 1313 1292 Deum

88 1313 236 1376 netum,
270 1304 376 1365 debiat
394 1305 566 1385 pertepem
587 1316 615 1368 ct
633 1308 801 1388 propbetas
821 1315 976 1387 promouit
997 1315 1029 1370 in
1051 1313 1228 1390 infantiam,
1259 1316 1311 1376 de-

88 1388 150 1449 tine
177 1407 240 1468 per
269 1389 457 1469 euangelium
487 1391 628 1470 efferbuit
654 1396 686 1452 in
709 1397 906 1463 inventutem,
941 1411 1022 1454 nuno
1040 1413 1099 1474 per
1120 1396 1312 1460 Paracletum

89 1477 284 1554 componitur
312 1478 345 1534 in
365 1478 581 1537 maturitatem.
614 1476 699 1538 Mitto
721 1477 777 1537 alia
800 1477 931 1538 eiusdem
953 1479 1116 1552 commatis,
1140 1500 1214 1559 quae
1236 1501 1309 1556 rem,

89 1559 111 1618 si
130 1558 231 1618 adbuc
261 1568 341 1619 esset
363 1558 394 1618 in
417 1559 569 1638 ambiguo,
599 1569 725 1639 possent
746 1561 807 1622 sola
829 1563 982 1623 conticere.
1026 1563 1069 1624 nd
1091 1564 1169 1626 alind
1192 1566 1310 1629 Tertul-

88 1641 151 1704 liani
175 1642 324 1722 seriptum
347 1643 464 1704 accedo.

167 1727 245 1788 illud
270 1735 318 1788 est
339 1727 376 1788 de
398 1727 606 1790 Exhortatione
626 1728 772 1792 Castitatis
794 1729 878 1802 liber,
901 1731 950 1810 qui
973 1731 1030 1792 boo
1051 1733 1154 1794 ordine
1171 1753 1310 1798 renense-

87 1821 132 1872 tur
154 1812 187 1872 in
208 1811 308 1873 indice
319 1811 497 1890 dgobardini
520 1814 647 1875 codicis:
671 1814 717 1876 Dc
730 1814 820 1877 Cultu
832 1815 1052 1878 Formianorum.
1076 1818 1121 1881 lle
1133 1819 1222 1882 Cltltu
1235 1821 1311 1884 Foe-

89 1901 251 1957 miuorum.
298 1897 345 1958 dd
370 1897 499 1960 Umorem
521 1901 554 1958 tt,
589 1900 633 1961 Ad
659 1898 799 1961 Unorcm.
844 1899 888 1961 Dc
909 1900 1129 1965 detrectatione
1152 1909 1309 1968 castitatis.

174 1980 256 2041 llaud
285 1999 334 2042 me
366 1981 436 2042 latet
459 1981 619 2044 Pamelium
643 1983 715 2044 rebe
737 1984 814 2045 buno
835 1984 942 2047 librum
970 1987 1111 2064 seriptum
1140 1989 1310 2053 consulibus
1353 2045 1357 2058 .

88 2065 203 2126 duobus
224 2066 346 2145 Aspris,
370 2065 401 2127 id
430 2075 476 2128 est
503 2085 579 2128 anno
611 2067 730 2142 coxit,
761 2087 819 2148 quo
842 2077 976 2150 tempore
998 2070 1058 2132 vult
1081 2064 1260 2134 Tertulliano
1283 2083 1312 2136 et

87 2149 192 2212 Proelo
214 2151 415 2231 aZepbprino
431 2151 563 2212 Romano
587 2153 727 2232 episcopo
749 2154 905 2215 anathema
926 2154 1018 2216 inisse
1042 2154 1161 2218 dietum.
1191 2158 1310 2234 Verum,

89 2254 122 2296 ne
150 2235 209 2296 alia
240 2236 299 2296 iam
328 2253 502 2314 congeram,
534 2237 579 2298 rel
608 2257 644 2297 eo
677 2256 736 2298 uno
765 2247 938 2317 argumento
971 2240 1078 2302 invicte
1099 2242 1192 2303 reielli
1213 2252 1313 2321 potest

91 2319 208 2382 Pamelii
232 2321 398 2394 sententia,
431 2321 508 2399 qood
530 2329 656 2383 testetur
678 2338 740 2401 cap.
767 2326 816 2386 12.
839 2324 926 2384 buius
947 2323 1014 2385 libri
1037 2325 1234 2388 Tertullianus
1257 2329 1311 2389 ad-

90 2405 142 2466 buc
162 2405 299 2484 riguisse
321 2405 417 2484 legem
439 2423 512 2484 quae
534 2407 570 2466 ad
592 2407 702 2468 liberos
725 2405 929 2486 suscipiendos
951 2418 1086 2487 cogeret,
1108 2429 1195 2490 quam
1217 2411 1312 2491 legem

91 2489 119 2549 io
138 2489 335 2569 Apologetioo
367 2491 492 2550 testator
518 2491 594 2551 idem
623 2492 770 2552 aSerero
797 2493 889 2554 luisse
917 2493 1112 2572 antiquatam3
1145 2497 1203 2556 iam
1231 2497 1312 2559 enim

94 2575 159 2654 tingi
180 2573 287 2653 nequit
308 2582 379 2653 post
400 2583 526 2635 mortem
549 2576 651 2636 Severi
674 2577 752 2638 buno
772 2577 880 2638 librum
903 2577 1029 2650 editum,
1051 2579 1102 2658 qui
1125 2599 1174 2642 eas
1196 2599 1311 2661 suppo-

94 2669 142 2722 nat
161 2659 291 2721 caluisse
319 2658 399 2738 leges
426 2677 501 2738 quae
523 2679 538 2720 a
562 2661 672 2721 Severo
695 2671 762 2722 ante
784 2661 897 2722 obitum
919 2663 1074 2740 abrogatae
1097 2675 1168 2726 sunt
1188 2673 1218 2726 et
1239 2685 1311 2746 quas

91 2743 154 2805 dein
177 2753 251 2823 post
273 2743 351 2804 illius
374 2743 487 2806 obitum
507 2763 564 2806 usu
585 2745 727 2806 revixisse
750 2744 827 2806 nulla
849 2747 962 2807 ratione
984 2746 1135 2824 probatur.

169 2829 238 2890 [luo
266 2837 430 2907 supersunt
445 2836 585 2890 tractatus
609 2829 789 2902 Tertulliani,
818 2849 893 2908 quos
916 2831 952 2890 ad
974 2830 1145 2910 disciplinae
1167 2833 1309 2895 severita-

89 2922 144 2975 tem
167 2921 307 2992 spectare
328 2927 416 2974 nemo
439 2914 597 2992 negaverit,
620 2914 656 2973 de
679 2913 793 2974 Corona
815 2914 915 2975 llilitis
937 2933 1025 2987 unus,
1049 2915 1084 2975 de
1107 2916 1197 2976 Pallio
1220 2917 1307 2991 alter3

90 2999 249 3077 dequibus
265 3017 354 3076 quam
366 2997 443 3058 inter
454 3017 485 3059 se
501 2998 676 3060 dissentiant
687 2997 740 3058 riri
757 2998 863 3059 eruditi
879 2999 926 3058 vin
940 2999 1012 3059 satis
1026 2999 1125 3060 mirari
1140 3018 1309 3079 possumus.

172 3083 322 3144 baronius
345 3091 374 3143 et
395 3083 556 3161 postillam
573 3082 695 3144 lacobus
709 3081 843 3160 Capellae
859 3101 892 3143 ae
904 3083 1062 3156 scultetus,
1085 3093 1189 3162 putant
1203 3085 1310 3148 librum

93 3165 129 3228 de
149 3167 266 3229 Corona
290 3165 389 3228 blilitis
411 3167 520 3228 Romae
552 3185 629 3228 anno
653 3166 774 3228 CXCIX.
798 3185 814 3228 a
836 3166 1015 3228 Tertulliano
1039 3167 1158 3230 editum.
1203 3171 1310 3233 Verum

97 3251 177 3330 longe
200 3252 310 3314 mebus
327 3251 473 3314 Pamelius
501 3252 561 3312 vult
591 3251 700 3312 editum
730 3251 805 3313 eirea
834 3269 941 3312 annum
965 3251 1094 3325 CCVlll.,
1124 3255 1202 3333 quod
1229 3251 1312 3334 patet
1421 3317 1422 3324 ,

99 3343 156 3396 tom
176 3357 208 3398 aa
232 3355 270 3397 eo
293 3337 372 3414 qnod
395 3335 528 3398 meminit
549 3337 579 3396 in
596 3337 654 3398 boe
668 3336 743 3398 libro
760 3355 822 3416 cap.
836 3340 865 3401 6.
882 3337 948 3397 libri
964 3338 1001 3398 de
1013 3338 1200 3416 Spectaculis,
1224 3359 1311 3420 quem

98 3421 168 3482 enta
188 3439 302 3482 annum
314 3420 407 3482 CCIV.
420 3421 529 3482 editum
544 3429 635 3503 putat,
658 3431 720 3483 tum
735 3441 770 3483 ex
782 3441 828 3497 eo,
841 3422 919 3502 qnod
931 3432 1079 3484 auctorem
1093 3433 1152 3485 tum
1163 3425 1310 3486 llontani-

96 3517 166 3568 stam
188 3506 318 3568 maxime
334 3523 430 3566 acrem
446 3507 536 3568 tuisse
559 3524 646 3567 nemo
663 3507 713 3585 qui
726 3507 803 3568 buno
816 3506 921 3568 libram
936 3507 1041 3569 viderit
1063 3525 1168 3588 negare
1179 3519 1289 3587 potest.
1389 3515 1395 3524 '

174 3591 265 3666 Quod
294 3599 391 3652 autem
421 3598 503 3669 putat
523 3591 669 3652 Pamelios
691 3591 801 3652 Romae
828 3593 922 3652 tuisse
945 3591 1100 3672 seriptum,
1134 3594 1232 3654 nescio
1256 3613 1313 3673 qua

95 3676 205 3738 maone
236 3693 332 3754 qnare
361 3683 536 3754 argumento
564 3676 593 3736 id
623 3675 675 3736 ivit
701 3676 758 3736 sibi
780 3693 963 3756 persuasum.
1008 3677 1108 3756 Longe
1130 3677 1312 3756 probabilius

96 3770 137 3821 est
156 3759 351 3839 Cartbagine,
385 3767 419 3820 ut
451 3767 566 3820 eeteros
589 3758 757 3821 Tertulliani
779 3761 887 3834 libros,
923 3761 1065 3840 seriptum
1088 3761 1188 3821 nisse.
1234 3761 1312 3832 Quid

97 3846 170 3907 enim
193 3845 246 3926 qui
268 3845 326 3905 iarn
348 3852 411 3905 tum
433 3844 468 3904 ab
491 3862 567 3906 anno
591 3843 645 3906 CC.
675 3845 828 3924 presbyter
855 3846 909 3906 luit
940 3844 1187 3924 Carthaginiensis
1209 3844 1312 3905 Ecule-

103 3930 158 3991 siae
179 3931 217 3991 ab
232 3929 395 4010 Agrippino
418 3930 519 4003 lamus,
542 3938 574 3991 ut
595 3937 696 3990 oenset
715 3928 872 4003 Panaetius,
895 3930 1017 3990 Romam
1040 3927 1217 3990 excurrisset
1238 3946 1312 4008 pro-

104 4015 249 4095 priamque
283 4014 465 4075 deseruisset
497 4014 659 4088 stationen,
691 4022 725 4074 ut
756 4015 792 4075 de
815 4015 931 4075 Corona
953 4013 1051 4075 llilitis
1073 4011 1178 4074 libmm
1201 4014 1312 4077 Romae

105 4098 260 4162 ambesa?
291 4098 379 4172 Quod
401 4097 486 4159 miles
510 4117 651 4160 eoronam
672 4099 801 4178 respuit,
825 4097 853 4159 id
877 4098 1049 4176 Cartbagine
1071 4098 1191 4159 omnino
1215 4100 1313 4161 conti-

104 4181 151 4260 git,
168 4185 326 4263 plaudente
347 4183 589 4244 llontanistamm
611 4183 712 4257 ebora,
734 4185 834 4244 ioman
856 4201 915 4244 nnn
939 4182 977 4243 ita
999 4182 1159 4260 gratulante
1182 4183 1312 4246 Catholi·
1360 4201 1361 4206 ¹
1387 4185 1390 4192 ’

103 4285 194 4330 corum
217 4281 316 4341 coetu,
343 4267 422 4346 quod
443 4284 544 4347 paoem
566 4268 620 4330 bae
641 4267 755 4330 radone
770 4285 854 4330 suam
875 4267 1195 4400 interturbar'Ubsque
1210 4267 1314 4348 grandi

102 4356 273 4416 necessitate
296 4361 461 4415 cernerent

177 4441 272 4519 Atque
300 4436 439 4516 equidem
466 4437 569 4498 eodem
588 4438 804 4517 'propemodum
827 4445 960 4515 tempore
982 4436 1019 4496 de
1040 4436 1130 4498 Pallio
1153 4437 1311 4500 Tertullia-

100 4537 164 4583 num
194 4523 356 4604 scripsisse
389 4521 561 4601 Cartbagine
594 4530 682 4601 patet
727 4521 849 4601 Vapulat
881 4521 947 4595 iam,
980 4521 1071 4596 nullo,
1103 4523 1181 4601 quod
1209 4523 1308 4596 sciam,

104 4615 321 4690 propugnante,
344 4605 464 4668 Parnelii
485 4607 645 4682 sententia,
669 4625 732 4670 eam
754 4607 822 4668 licet
844 4613 962 4668 secutos
984 4607 1072 4668 tuerit
1095 4606 1240 4685 Scaliger,
1263 4605 1313 4686 qui
