3078 5248
273 387 336 450 556
359 403 396 446 ott
412 401 485 446 VSM
499 400 613 445 AETATE
627 401 663 444 tn
678 401 825 444 nocratttt
840 399 1026 444 scutrrotttt!
1041 399 1237 446 astruet-tatu
1252 399 1431 444 ntsrttmto

821 604 850 678 s.
874 599 951 662 xtn.

359 717 413 779 Est
434 718 521 796 igitur
543 718 620 779 inter
641 718 729 778 huius
751 717 870 796 generis
892 717 985 779 libros
1006 717 1033 778 is
1048 718 1173 797 primus,
1196 735 1283 796 mem
1299 717 1489 778 'tertullian

274 803 311 866 ad
331 803 474 882 Martyres
496 801 682 881 perscripsit.
726 800 818 863 Cuius
839 801 907 863 libri
929 809 1135 881 argumentum
1157 801 1256 880 ipsum
1277 802 1337 862 iam
1361 809 1428 862 tum
1448 821 1488 862 su·

275 895 391 968 sceptas
414 887 558 948 adversus
581 885 765 948 Christianos
788 885 954 949 inimicitias
976 886 1168 958 demonstrat,
1191 893 1237 946 cst
1257 885 1336 947 enim
1362 888 1487 964 mique

275 976 313 1034 tis
346 971 535 1050 martyribus
569 970 697 1032 dicatum
730 971 808 1044 (coll.
839 989 864 1033 c.
887 971 944 1047 l.);
979 969 1069 1032 modo
1103 969 1346 1032 constituendum
1382 977 1430 1030 est
1459 971 1487 1030 id

273 1053 421 1116 fuerintne
452 1053 503 1115 isti
535 1063 603 1116 ante
635 1062 685 1114 aut
717 1062 786 1134 post
825 1055 927 1116 Severi
961 1054 1088 1116 edictum
1120 1054 1150 1114 in
1179 1071 1327 1116 carcerem
1364 1055 1486 1114 coniecti

272 1140 366 1220 Atque
389 1138 460 1200 illud
481 1137 553 1200 mihi
575 1138 668 1218 magis
690 1137 785 1217 placet
805 1138 939 1218 pluribus
962 1138 998 1200 de
1021 1138 1130 1200 causis
1175 1138 1323 1210 Primum,
1361 1139 1487 1218 quonian

275 1223 459 1285 Christianos
494 1241 554 1283 non
587 1222 775 1304 imperatoris
810 1223 863 1283 sod
891 1223 1079 1302 proconsulis
1108 1221 1214 1284 indicia
1243 1223 1401 1284 sustinere
1431 1223 1486 1283 diei:

276 1311 313 1383 (c.
337 1310 368 1372 2.
391 1325 421 1386 p.
439 1309 509 1371 156.
524 1307 583 1383 h).
615 1307 701 1379 Quod
724 1306 853 1384 quidem,
876 1307 955 1369 haud
976 1325 1063 1386 nego,
1086 1305 1142 1368 dici
1165 1307 1252 1368 etiam
1274 1324 1291 1366 a
1314 1307 1486 1368 Tertulliano

273 1391 422 1471 potuisse,
461 1390 487 1452 si
515 1389 668 1469 praesides
701 1391 823 1452 adhibiti
851 1392 970 1453 luerunt
992 1391 1028 1452 ab
1053 1391 1232 1470 imperatore
1254 1389 1375 1468 legibus
1399 1401 1487 1450 coctu

273 1475 458 1537 Christianos
480 1474 650 1547 dimicante,
683 1483 840 1554 propterea
862 1476 942 1555 quod
963 1475 1113 1556 praesides
1141 1494 1191 1536 aas
1220 1475 1447 1554 exequebantur
1469 1478 1488 1533 ir

272 1558 449 1638 provinciis:
472 1559 525 1620 sed
548 1567 645 1620 mmen
668 1577 703 1620 ex
726 1577 761 1619 eo
784 1559 913 1638 primum
935 1561 1031 1620 oritur
1052 1558 1130 1620 haud
1152 1559 1249 1637 inepta
1265 1559 1416 1638 suspicio,
1439 1561 1488 1638 ipsa

198 1679 207 1697 ·
272 1644 329 1705 hac
356 1643 557 1704 violentia.eo
587 1651 721 1721 tempore
748 1642 903 1721 praesides
937 1643 1030 1722 tnagh
1059 1661 1132 1704 usos
1162 1644 1254 1704 luisse
1277 1661 1372 1720 quarn
1404 1644 1489 1722 ipsun

166 1769 170 1776 -
273 1728 448 1807 Augustum.
479 1727 515 1787 tt
537 1727 563 1788 si
585 1727 662 1788 istud
684 1727 906 1804 argumentandi
929 1745 1023 1805 genus
1045 1727 1179 1788 rideatur
1201 1727 1231 1786 in
1253 1733 1418 1806 utramque
1432 1747 1487 1806 par·

273 1820 333 1872 tem
355 1829 448 1890 posse
470 1811 632 1890 disputari,
655 1811 732 1871 hanc
753 1811 984 1872 controversiam
1007 1811 1119 1872 dirimit
1140 1810 1219 1872 haud
1240 1809 1331 1872 dubio
1357 1812 1400 1883 id,
1425 1813 1488 1890 quod

273 1902 320 1957 est
341 1895 377 1955 ad
400 1894 508 1956 calcem
529 1895 625 1956 nostri
646 1893 747 1968 libelli,
771 1894 835 1955 uhi:
858 1897 898 1957 cd
920 1897 974 1957 boc
996 1897 1122 1976 quidem,
1144 1893 1240 1973 inquit
1260 1895 1450 1973 (patiendum
1468 1897 1487 1954 ia

273 1997 361 2040 causa
383 1977 464 2056 Dei),
501 1979 551 2041 oel
568 1983 745 2060 procreatio
766 1980 853 2042 uobis
882 1991 1022 2060 temporo
1050 1981 1227 2042 documento
1256 1984 1334 2050 siut,
1374 1993 1488 2061 questu

272 2063 432 2144 qualesque
451 2081 601 2143 percouoe
622 2067 796 2143 iuopiuotoc
818 2063 971 2126 ortalibus
995 2074 1023 2126 et
1046 2063 1239 2142 dignitatibus
1262 2074 1292 2125 et
1315 2065 1487 2144 eorporilu

272 2159 301 2209 et
321 2147 469 2211 astaudus
493 2151 557 2208 suia
579 2152 681 2209 emitur
702 2148 854 2224 reserum,
877 2145 1005 2210 hortinis
1028 2166 1135 2220 couso,·
1159 2157 1213 2208 cut
1228 2147 1263 2208 ob
1280 2151 1362 2226 ipso,
1388 2153 1420 2210 ai
1433 2167 1486 2208 cor

274 2241 325 2292 tro
346 2250 413 2292 cum
434 2233 574 2309 secem'ut,
597 2241 651 2292 out
672 2231 708 2291 cb
732 2233 921 2292 aduersariis
943 2236 1017 2303 eiua,
1040 2235 1146 2311 cipro
1169 2250 1202 2292 eo
1224 2237 1390 2305 steterim
1425 2231 1488 2310 qual

271 2313 421 2392 pertinere
443 2314 479 2374 ad
502 2321 627 2393 tempus,
651 2333 709 2392 quo
732 2314 768 2375 ab
790 2315 914 2378 asmodis
937 2315 1052 2395 imperii
1069 2315 1196 2376 Severus
1212 2321 1308 2376 tulum
1328 2313 1488 2376 reddiderat

275 2397 378 2459 orbem
401 2397 582 2471 Romanum,
616 2398 696 2458 nullo
718 2398 808 2459 modo
831 2399 958 2460 dubitari
981 2407 1089 2478 potest.
1133 2399 1205 2460 Nam
1229 2417 1296 2460 oum
1321 2399 1486 2460 sublatnsr

273 2481 372 2542 medio
395 2481 622 2555 essetrllblous,
645 2492 707 2544 tum
729 2482 854 2544 maxime
871 2485 1013 2545 Severum
1036 2483 1278 2545 animadvertisse
1302 2483 1334 2543 in
1359 2484 1431 2556 hos,
1452 2485 1486 2560 qr*

274 2573 417 2626 steterant
438 2584 454 2626 a
476 2565 557 2645 Nigri
571 2565 706 2628 Albiniue
728 2567 873 2645 partibor.
898 2575 1009 2628 tanttun
1031 2567 1168 2646 ignorant
1189 2566 1219 2640 ii,
1243 2568 1293 2646 qui
1316 2568 1388 2630 loca
1411 2587 1487 2646 sup-

148 2715 162 2734 !
272 2649 335 2711 rius
358 2649 480 2711 adducta
511 2650 587 2710 haud
621 2650 800 2712 intellexere.
844 2651 887 2711 Ex
916 2669 974 2730 quo
1004 2669 1065 2714 non
1088 2651 1185 2713 minus
1212 2651 1281 2712 licet
1304 2671 1487 2730 cognoscem

273 2752 331 2812 quo
365 2733 455 2795 modo
487 2735 617 2814 potuerit
649 2734 847 2796 Tertullianus
879 2735 977 2797 dicere
1010 2739 1047 2808 (c.
1071 2737 1101 2808 2,
1124 2755 1153 2814 p.
1180 2738 1250 2800 156.
1273 2735 1331 2812 C),
1366 2737 1425 2797 hos
1447 2737 1488 2796 de

272 2817 404 2896 signatos
425 2829 588 2898 martyres,
611 2817 728 2897 quihus,
757 2827 893 2880 nostrum
916 2818 1045 2880 libebum
1067 2819 1282 2898 componendo,
1307 2819 1435 2900 aliquod
1456 2821 1488 2878 al-

271 2903 348 2963 lerrc
375 2901 597 2964 allevamentum
626 2902 731 2974 voluit,
764 2912 828 2965 uou
846 2907 1036 2984 participare
1063 2904 1210 2966 solemnes
1237 2908 1406 2966 notionum
1440 2906 1489 2964 tter

269 3004 364 3066 oeque
398 2987 482 3048 coedi
512 2986 756 3066 spectaculorum
788 2988 982 3051 clamoribus.
1035 2988 1216 3067 Quamquam
1249 2989 1329 3049 enim
1369 3009 1420 3050 me
1443 3007 1489 3048 neu

270 3088 395 3149 prorsus
416 3070 567 3149 praeterit,
588 3069 676 3131 ludos
699 3070 786 3132 eliam
810 3070 906 3134 aditos
927 3071 1019 3133 luisse
1042 3091 1077 3132 eo
1101 3079 1244 3150 tempore,
1272 3089 1332 3151 quo
1361 3073 1489 3153 superisa

271 3153 399 3215 Severus
421 3153 569 3216 aParthis
591 3154 758 3234 ceterisque
780 3153 913 3216 barbaris
935 3156 1090 3228 rediisset,
1112 3157 1182 3218 lacit
1203 3164 1301 3218 umen
1324 3157 1390 3218 hoc
1404 3159 1490 3236 ipson

271 3246 486 3313 argumentum,
509 3237 588 3316 quod
609 3238 647 3299 ad
669 3239 827 3318 erigendos
849 3247 1009 3318 martyrum
1031 3239 1144 3302 animos
1167 3240 1242 3320 petit
1261 3259 1278 3300 a
1301 3241 1380 3302 viris
1396 3239 1489 3302 claris

271 3319 373 3393 simis,
396 3320 445 3399 qui
466 3322 544 3381 idem
568 3323 681 3406 experti
703 3331 787 3384 crant
808 3324 915 3396 latum,
939 3333 970 3386 ul
991 3323 1078 3386 ludos
1101 3323 1299 3403 intelligamus
1323 3344 1402 3394 eos,
1427 3343 1490 3403 rpus

272 3402 369 3464 editos
393 3405 528 3466 norimus
550 3413 673 3485 propter
694 3407 846 3468 victoriam
869 3427 885 3467 a
905 3407 1007 3486 Nigro,
1030 3407 1124 3486 magis
1146 3409 1234 3469 etiam
1255 3407 1292 3468 ab
1315 3409 1431 3470 Albino
1453 3429 1490 3468 re

270 3495 426 3566 portatam.
472 3487 608 3554 Ceterum
631 3509 686 3568 ego
707 3509 768 3552 nou
790 3491 892 3552 dubito
914 3491 1042 3572 primum
1065 3492 1162 3553 locum
1184 3499 1288 3554 nostro
1311 3491 1419 3554 libello
1436 3495 1490 3553 riu·

270 3571 368 3632 dicare
384 3571 460 3634 iuter
475 3591 539 3646 eos,
562 3592 689 3653 quorum
712 3583 792 3637 aetas
815 3585 893 3637 certa
914 3576 1039 3654 quadam
1060 3576 1174 3640 ratione
1189 3576 1329 3649 cernitm,
1355 3589 1490 3656 propter·

269 3675 303 3718 ea
331 3656 411 3735 quod
440 3657 637 3719 Tertullianus
655 3676 727 3718 mon
748 3659 838 3720 modo
867 3669 1080 3722 commemorat
1109 3669 1237 3722 mutuam
1269 3661 1491 3724 candidatorum

268 3739 384 3820 imperii
414 3741 557 3802 adversus
585 3742 677 3821 partis
705 3743 870 3805 contrariae
898 3744 997 3806 socios
1020 3743 1206 3818 violentiam,
1239 3763 1327 3824 quarn
1352 3765 1425 3808 rem
1449 3746 1491 3805 diu

268 3841 329 3884 non
351 3833 452 3904 potest
474 3825 624 3898 extitisse,
661 3825 718 3887 nisi
747 3827 851 3888 eodem
882 3847 977 3898 anno,
1014 3846 1072 3907 quo
1099 3829 1189 3907 pariit
1215 3827 1339 3890 Albinus
1367 3831 1401 3891 h.
1427 3849 1489 3891 es

266 3907 411 3982 cxevtt,
436 3909 490 3972 sed
512 3908 599 3971 eliam
621 3910 802 3972 mentionem
824 3911 918 3974 inlicit
938 3911 1143 3986 calamitatum,
1166 3929 1237 3990 quas
1259 3912 1391 3976 subiere
1414 3915 1490 3974 Chn-

267 3992 365 4064 stiaui,
389 4001 537 4072 tamquam
560 4012 670 4066 earum,
694 4013 768 4073 quae
789 4013 869 4058 nunc
890 3996 1009 4076 quidem
1031 3995 1148 4058 initium
1170 3995 1319 4075 capariam
1341 3999 1489 4074 ceteriqu

267 4095 373 4138 omnes
394 4077 472 4151 libri,
495 4077 602 4156 quihus
625 4077 790 4140 scribendis
814 4082 1001 4142 occasionem
1023 4081 1096 4142 haec
1116 4088 1282 4159 temporum
1307 4082 1491 4159 perturbatis

267 4158 364 4232 dedit,
399 4162 584 4224 lituistiaoos
608 4163 768 4224 ostendunt
789 4163 847 4224 iam
870 4164 969 4226 multis
999 4164 1174 4226 cruciatibus
1197 4165 1426 4246 tormentisque
1450 4183 1491 4224 ea-

267 4243 403 4321 agitatos.
448 4245 549 4325 Neque
584 4265 638 4326 ego
672 4264 751 4308 nuno
783 4267 904 4322 vercor,
928 4265 979 4308 -ne
1006 4249 1084 4310 huno
1110 4247 1240 4309 libellum
1269 4247 1299 4309 iu
1333 4265 1493 4312 uumerus

266 4343 370 4388 eorum
392 4329 523 4390 relerant
543 4330 695 4404 nonnulli,
724 4349 801 4410 qnos
825 4331 1023 4394 Tertullianus
1045 4331 1228 4411 composuit,
1262 4349 1331 4393 cum
1356 4335 1400 4396 ab
1423 4333 1493 4394 ami·

265 4409 334 4471 cilia
357 4411 546 4474 Orthodoxae
570 4415 717 4477 Ecclesiae
746 4435 779 4478 se
804 4415 998 4489 removisset,
1034 4417 1097 4495 ipsa
1125 4415 1204 4478 enim
1231 4415 1323 4478 libelli
1354 4429 1445 4480 aetas
1471 4415 1495 4474 il

265 4493 385 4571 quidem
407 4513 468 4556 non
489 4499 647 4574 permittit,
686 4500 712 4561 si
734 4519 835 4562 verum
859 4507 903 4564 est
923 4499 970 4572 id,
1004 4500 1084 4578 quod
1105 4499 1233 4562 diximus
1255 4499 1328 4562 alias
1353 4507 1403 4580 (ξ.
1427 4501 1494 4562 lllu

264 4577 477 4641 Tertullianum
498 4581 568 4644 huic
588 4592 655 4645 ante
678 4603 704 4644 a.
721 4583 778 4647 CC.
800 4584 908 4647 bellum
930 4602 992 4646 non
1013 4583 1161 4646 intulisse.
1207 4583 1272 4656 Qua
1293 4584 1326 4646 in
1349 4605 1390 4646 re
1416 4586 1495 4646 ride·
