3144 5236
493 387 628 432 sumens
649 385 708 432 mc.
730 389 767 432 ns
788 387 915 433 sonus.
1247 375 1309 440 211

186 537 306 599 ’l'ransit
326 537 394 600 inda
415 537 525 600 luctor
546 538 583 600 ad
603 539 818 620 Aesculapium,
840 539 889 618 qui
910 538 947 600 ab
969 557 1004 601 eo
1019 547 1139 604 vocatur
1150 543 1311 606 medisina·

119 641 171 686 rso
190 625 429 696 demonstrator,
467 631 497 684 at
522 623 606 698 alibi,
640 630 691 704 psi
707 631 824 706 pransos
844 624 972 688 medelas
994 625 1201 705 ccploroccrit
1222 627 1309 699 (Ter-s

115 709 207 770 tullian.
230 707 384 786 Apolopet
407 727 470 787 cap.
492 711 543 772 23.
567 717 595 770 et
617 708 665 770 lib.
689 709 726 770 dc
748 710 864 772 Corona
885 727 947 788 cap.
965 711 1000 774 s.
1023 709 1108 770 Tom.
1130 710 1152 771 l.
1174 711 1309 792 Apparet.

111 809 165 872 pap.
180 795 297 868 1191.)
340 791 401 853 Nos
423 811 494 854 vero
515 794 547 854 in
568 793 773 873 superioribus
794 794 905 857 nostris
928 793 1185 856 dissertationibus
1206 805 1309 858 osten·

110 879 192 940 linos
213 895 271 956 qua
294 875 408 938 ratione
430 878 537 940 stbnici
559 878 719 942 medicinae
741 879 937 941 inventionem
952 879 993 940 illi
1008 879 1219 942 adscribebant.
1251 881 1310 946 Sed

108 981 155 1041 quo
177 963 206 1023 id
228 962 354 1033 danus,
387 981 423 1023 eo
446 981 517 1024 sane
538 963 681 1025 maiorem
703 964 910 1044 subsequentia
932 964 996 1025 cius
1016 964 1104 1026 rerba
1125 963 1232 1026 babent
1252 966 1308 1027 ob-

105 1048 281 1110 smritatem:
304 1047 372 1109 Atio
394 1049 449 1119 dia,
472 1048 522 1120 ait,
543 1052 703 1112 meritisne
726 1049 870 1112 Socordio
892 1061 920 1112 st
944 1047 1084 1111 Tbeoctio
1106 1047 1309 1130 1111111ρί1-

106 1135 166 1195 doto
186 1137 269 1195 citus
292 1133 541 1195 subministrator
569 1133 702 1205 (Tertull.
723 1134 875 1216 Apologet.
904 1152 967 1213 cap.
990 1136 1063 1210 23.)
1106 1133 1210 1194 Mirum
1232 1134 1310 1198 eslim

104 1227 234 1296 qomtmn
257 1217 332 1278 baec
352 1217 535 1278 eruditorum
556 1217 707 1280 bominum
728 1218 844 1298 ingenia
866 1220 1057 1280 exercuerint
1084 1218 1119 1278 tt
1141 1227 1218 1280 certe
1241 1237 1308 1280 cor·

105 1311 199 1382 ruptus
228 1310 278 1364 est
306 1300 354 1362 bio
381 1301 473 1363 locus.
517 1302 590 1364 Nam
620 1302 649 1364 in
677 1304 787 1364 nostris
815 1303 966 1364 codicibus
994 1321 1082 1365 manu
1102 1311 1132 1364 et
1153 1303 1310 1382 antiquiori

104 1396 128 1448 et
146 1385 306 1448 recentiori
330 1387 454 1448 exaratis
477 1386 615 1448 babetur:
645 1388 712 1450 llio
734 1389 779 1451 dic
799 1392 959 1452 meritricis
981 1388 1039 1460 trel
1060 1388 1122 1449 olio
1144 1389 1309 1452 demoritu-

103 1477 153 1544 ris)
174 1471 324 1534 Socordio
345 1481 374 1533 ct
396 1471 523 1532 Decetio
545 1483 574 1533 st
593 1472 799 1554 Asclepiodoto
822 1475 1078 1535 subministrotor.
1116 1472 1148 1532 ln
1170 1472 1308 1534 editioni-

101 1555 150 1616 bus
165 1557 291 1636 Rigaltio
307 1555 531 1617 vetustioribus:
554 1557 636 1618 Alius
658 1559 852 1621 dernoritsris
868 1555 1006 1619 Socordii
1025 1568 1054 1618 ct
1069 1556 1192 1619 Deuotii
1211 1569 1239 1619 ct
1253 1563 1309 1620 Aa·

102 1642 259 1722 cispiodoti
286 1641 537 1702 subministrator
564 1641 728 1714 (Dissertot.
752 1641 782 1702 in
803 1641 912 1702 Arnob.
935 1659 997 1720 cap.
1020 1644 1050 1706 9.
1073 1643 1133 1703 brt.
1161 1643 1190 1704 2.
1219 1653 1249 1704 et
1277 1641 1308 1704 in

102 1725 224 1788 lactant
248 1743 313 1804 cap.
337 1727 387 1790 30.
410 1726 540 1801 1111.)
584 1724 658 1797 Quis
680 1736 775 1788 antem
797 1745 857 1786 non
879 1725 958 1788 ridet
977 1728 1031 1788 bas
1053 1726 1185 1788 diversas
1206 1725 1309 1788 loono-

101 1829 151 1872 nes
173 1829 281 1889 angere
301 1810 401 1891 potios
423 1829 509 1889 quam
532 1810 633 1871 tollere
655 1808 875 1876 difficultatem?

186 1895 310 1968 Quidam
344 1903 439 1956 tamen
468 1895 655 1974 suspicantur
681 1896 734 1957 bas
760 1898 932 1978 Agyrtarum
962 1913 1016 1956 sen
1046 1895 1308 1974 praestigiatorum,

101 1980 149 2058 qui
163 1979 334 2060 Aesculapio
350 1999 383 2040 se
404 1979 569 2041 ministrare
592 1979 816 2054 mentiebantur,
838 1999 906 2042 esse
926 1999 1024 2053 rocas,
1047 1998 1120 2058 quas
1143 1989 1237 2041 tacere
1258 1999 1308 2042 sa-

101 2064 304 2136 01111111),
337 2081 424 2144 quam
446 2064 476 2124 in
499 2064 536 2124 iis
559 2065 736 2144 explicandis
758 2067 823 2127 risu
844 2065 960 2144 dignam
983 2073 1013 2126 ct
1033 2064 1164 2126 inutilem
1186 2066 1310 2143 perdere

102 2167 223 2228 operam.
269 2149 326 2210 nbi
354 2158 476 2210 censent
497 2149 615 2211 nomina
644 2149 732 2211 trium
755 2169 823 2210 esso
843 2149 1012 2221 bominum,
1042 2148 1148 2229 quibus
1169 2149 1308 2212 Aescula-

102 2235 159 2314 pius
179 2235 257 2296 ritae
284 2234 460 2296 curriculum
482 2234 568 2312 paulo
597 2243 664 2295 ante
684 2235 861 2314 produxisse
881 2233 1039 2295 terebatur.
1082 2233 1141 2294 Sed
1162 2234 1234 2294 baec
1253 2233 1309 2294 ali-

104 2337 150 2397 qua
171 2320 281 2382 saltem
301 2319 416 2379 ratione
438 2317 605 2380 confirmari
627 2318 781 2381 debebant
824 2319 879 2380 1111
901 2337 991 2398 porro
1014 2318 1171 2396 opinantur
1192 2317 1246 2378 tria
1261 2319 1309 2380 illa

108 2422 160 2465 csse
178 2405 307 2466 nomina
333 2403 505 2475 herbarum,
538 2403 645 2482 quibus
666 2405 763 2465 morbi
785 2404 889 2482 depelli
910 2411 1056 2482 poterant
1098 2402 1211 2464 Plinius
1232 2403 1310 2464 enim

110 2486 168 2549 bos
191 2490 279 2552 saria
306 2475 436 2548 antidota
463 2495 596 2550 recenset
624 2491 794 2558 scordotis,
830 2489 873 2549 uti
905 2487 952 2549 ille
982 2487 1036 2558 ait,
1074 2486 1136 2548 sira
1168 2490 1310 2550 scordion

114 2569 211 2642 (1111111
234 2573 294 2636 lib.
316 2572 352 2633 ll.
375 2571 475 2633 Natur.
498 2573 573 2633 nist
596 2591 659 2652 cap.
683 2575 736 2649 0.).
779 2573 854 2634 stibi
877 2591 946 2633 vero
969 2571 1072 2633 scribit
1093 2572 1169 2632 banc
1189 2571 1310 2634 barbana

112 2655 140 2715 ad
156 2659 322 2739 complures
345 2657 466 2718 morbos
493 2657 690 2718 removendos
720 2675 787 2718 esso
810 2658 909 2718 utilem
938 2655 1030 2728 (Idem
1052 2655 1102 2716 lib.
1124 2655 1224 2717 xxti.
1246 2675 1309 2734 cap.

111 2744 131 2803 i.
149 2752 173 2805 et
192 2747 222 2810 8.
247 2751 286 2804 et
307 2759 369 2820 cap.
395 2746 455 2817 10).
498 2744 535 2802 At
555 2741 625 2802 illud
647 2742 742 2802 omitti
764 2740 957 2821 proculdubio
979 2759 1038 2802 non
1061 2740 1200 2813 debebat,
1232 2742 1310 2818 quod
1349 2770 1355 2785 ·

106 2825 160 2890 dibi
185 2829 290 2890 adbuc
320 2825 407 2887 dixit:
446 2827 559 2888 Contra
587 2827 657 2888 lucc
680 2832 778 2889 omnio
800 2845 914 2888 ueneno
939 2831 1125 2907 tropicasque
1147 2837 1230 2888 ortes
1252 2831 1311 2887 crit

100 2917 217 2990 prinum
247 2912 333 2974 illud
353 2909 544 2973 Homericum
569 2911 664 2990 moly,
697 2912 800 2972 deinde
826 2911 1035 2973 mithridatica
1062 2922 1090 2972 st
1113 2910 1261 2972 scordotis
1282 2919 1311 2972 et

103 3004 276 3060 minorica
296 2995 388 3070 (ldem
410 2995 460 3056 lib.
482 2995 570 3056 XXV.
591 3013 655 3074 cop.
679 2999 751 3063 10.)

175 3081 365 3158 Quibusdam
387 3089 483 3142 autem
503 3081 599 3141 visum
622 3088 668 3140 est
688 3078 887 3159 Asclepiodoto·
912 3077 1032 3139 nomine
1053 3076 1173 3138 indicari
1196 3096 1212 3136 a
1234 3077 1309 3138 Ter·

100 3167 209 3230 tilliano
231 3165 406 3246 Asclepion,
429 3165 545 3243 dequo
566 3163 676 3226 baeca
697 3163 792 3225 Plinio
814 3162 930 3242 scriptis
951 3162 1055 3224 tradita
1077 3161 1217 3241 legimns:
1251 3163 1310 3224 Po·

99 3271 181 3315 soses
201 3258 276 3334 ipso
299 3255 419 3312 nominc
440 3255 571 3312 omnium
590 3249 765 3312 morborum
787 3249 915 3310 remedio
934 3251 1093 3327 promittit,
1116 3263 1311 3310 numerosum

98 3349 123 3398 st
142 3341 196 3400 diis
219 3338 421 3415 adscriptum.
457 3333 554 3394 Unum
575 3339 681 3414 quippe
704 3330 862 3413 Asclepion
884 3337 1111 3411 copaominotnr
1132 3331 1225 3402 (ldens
1239 3331 1309 3393 ibid.

98 3437 154 3500 cop.
174 3427 231 3498 4.),
270 3420 306 3480 ab
328 3417 500 3497 Aesculapio
521 3418 654 3479 videlicet
675 3418 747 3479 ialso
773 3415 959 3479 ethnicorum
988 3417 1043 3478 deo
1076 3416 1153 3478 illins
1185 3417 1309 3478 demon·-

99 3515 216 3569 stratore
240 3514 295 3568 aut
317 3503 356 3565 ob
378 3504 441 3565 eius
463 3503 598 3564 virtutem
620 3504 660 3564 ita
682 3502 836 3582 appellato.

175 3593 326 3671 Superest
346 3588 464 3650 tertium
485 3605 605 3660 nomen,
627 3588 657 3648 in
679 3606 738 3666 quo
760 3587 929 3666 explicando
952 3585 1054 3646 baeret
1074 3584 1210 3646 omnibus
1226 3601 1309 3662 aqua.

98 3675 150 3748 011
171 3677 254 3738 enim
277 3673 407 3736 licentio
429 3672 544 3751 legunt,
566 3681 715 3734 antumant
736 3671 843 3750 alitprid
865 3670 997 3732 denotari
1025 3668 1102 3748 quod
1131 3668 1187 3728 iam
1216 3668 1308 3728 mosi·-

98 3763 164 3822 turis
186 3759 328 3841 praeberi
352 3757 474 3820 solebat
520 3756 577 3829 011
597 3773 668 3818 vero
690 3755 786 3835 legere
808 3756 920 3818 malunt
944 3753 1096 3824 Tinnetio,
1123 3751 1310 3828 suspicantur

98 3845 168 3908 abac
195 3843 359 3924 significari
386 3861 445 3920 qno
467 3841 602 3922 spiritum
624 3849 743 3920 agentes
764 3838 891 3901 recreari
912 3848 942 3900 et
962 3848 1099 3918 tanmsom
1121 3854 1137 3895 a
1157 3841 1252 3896 morte
1273 3833 1309 3894 ad

97 3929 179 3992 ritem
202 3928 339 3991 revocari
361 3934 506 4007 poterant
550 3926 608 3988 Sod
630 3925 685 3988 hae
706 3943 805 3986 merae
826 3923 1110 3992 suessoniensem,
1136 3936 1210 3996 quae
1232 3918 1309 3980 nulla

97 4031 217 4094 prorsus
241 4011 358 4074 ratione
380 4011 541 4074 fimnantnr.

176 4097 274 4161 Panlo
289 4096 386 4175 itaque
400 4095 540 4158 attentius
554 4094 696 4175 expende,
719 4111 840 4173 quaeso,
862 4111 900 4154 an
915 4089 1101 4153 tenebricoso
1115 4084 1308 4148 1111111111-
1430 4115 1441 4132 ·

98 4183 138 4244 r'n
155 4182 258 4246 nostri
279 4183 346 4243 loco
367 4181 502 4242 nonnihil
523 4179 642 4242 luminis
664 4179 734 4240 dare
755 4177 870 4257 possint
889 4177 963 4238 baec
978 4173 1042 4236 lnlii
1057 4170 1173 4232 Firmioi
1187 4170 1310 4236 blaterni

97 4269 196 4330 verbs:
227 4265 402 4328 Mercurius
426 4283 491 4328 acm
512 4264 576 4328 sole
597 4266 633 4327 nb
656 4264 822 4342 boroscopo
841 4261 984 4341 purib'tsr
1011 4261 1191 4320 somtitctus
1218 4258 1311 4336 sanct

99 4358 267 4416 morosius
289 4363 317 4412 ct
343 4355 395 4430 poi
422 4351 593 4414 tolerantes
617 4350 791 4411 1111111111
812 4349 983 4408 inmersione
1005 4343 1135 4405 leminea
1158 4346 1236 4421 optis
1257 4361 1310 4404 re·
1399 4369 1404 4380 ·

97 4441 196 4501 medis
221 4435 365 4506 liberem,
397 4436 475 4498 uode
496 4453 534 4496 ss
555 4435 616 4496 illis
638 4433 755 4496 ortibus
783 4435 913 4492 mosiaco
933 4428 994 4491 illis
1016 4427 1186 4490 substantio
1208 4429 1310 4506 consc-

100 4531 188 4586 rotur
211 4519 281 4596 (lul.
304 4519 393 4581 Firm.
416 4519 467 4580 lib.
489 4519 537 4580 lll.
560 4519 725 4580 llstbeseos
747 4535 809 4594 cap.
831 4517 885 4588 0.).
928 4511 1018 4574 ludis
1049 4531 1120 4574 sane
1142 4529 1207 4572 eum
1230 4511 1309 4591 loqui

99 4606 134 4668 ds
153 4604 320 4680 somno,
342 4605 392 4684 qui
412 4603 548 4671 bominac
569 4603 744 4666 daemonum
765 4598 935 4664 incursione
961 4597 1128 4660 laborantes
1156 4594 1231 4674 aptis
1258 4615 1308 4659 rs..
