3078 5248
411 404 585 450 sorsssxurr
608 391 734 474 sonora.
758 403 937 448 censueras.
1224 389 1284 454 535

80 557 221 638 scriptum
245 573 312 618 esse
334 557 475 628 coniecit,
499 556 525 616 si
546 554 594 615 rel
615 554 821 634 ambiguitate,
850 573 906 634 qna
926 563 1115 635 premuntur,
1144 563 1285 629 carerent,

79 642 180 704 neseio
202 650 317 713 mmen,
340 649 479 720 quantum
501 640 578 719 apud
601 657 653 700 eos
675 640 816 702 momenti
837 639 970 702 habitura
992 640 1067 713 sint,
1099 639 1148 718 qui
1170 650 1286 704 rentum

79 727 163 788 annis
186 725 361 804 etamplius
384 725 461 788 inter
483 724 693 786 Tertullianum
716 734 745 786 et
766 724 907 786 Hilarium
936 723 1028 786 luisse
1067 724 1197 802 adeoque
1229 726 1285 788 du-

77 812 160 874 bium
188 828 257 872 esse
285 809 468 887 cogitabunt,
500 817 597 872 utrum
627 809 656 870 in
686 809 777 870 Gallia
797 808 926 870 Hilarius
955 808 1088 870 ordinem
1110 807 1286 888 scriptorum

77 894 248 957 Tertulliani
269 894 330 956 Arri
358 902 428 973 post
453 901 565 955 tantum
596 893 737 973 temporis
766 893 949 955 intervallum
978 901 1110 956 accurate
1131 893 1206 956 scire
1227 911 1284 973 po·

77 980 176 1041 tuerit.
1005 989 1007 994 ’

625 1111 743 1192 §.xrs
765 1092 767 1116 ¹

162 1230 290 1292 Uxorem
319 1247 465 1303 suamne,
494 1229 609 1307 quando
639 1230 724 1292 vidua
746 1231 819 1292 laeta
841 1230 938 1304 luerit,
961 1231 1070 1292 iterum
1089 1230 1189 1304 nubat,
1212 1232 1287 1294 Ter-

76 1315 217 1377 tullianus
239 1323 340 1376 mouet
360 1315 390 1375 in
411 1314 460 1374 lib.
477 1315 500 1374 1.
524 1315 560 1374 ad
582 1314 735 1388 Uxorem,
759 1323 788 1376 et
809 1315 866 1377 boc
887 1315 953 1395 ipso
976 1322 1132 1396 praecepto
1155 1316 1212 1378 iam
1234 1317 1288 1378 ali-

77 1419 167 1480 quam
188 1399 257 1461 buic
277 1398 428 1478 scriptioni
452 1399 650 1478 suspicionem
672 1399 860 1461 blontanismi
886 1400 1038 1462 contraxit.
1081 1399 1123 1460 Ac
1144 1419 1180 1461 ne
1202 1401 1289 1463 nobis

76 1493 249 1564 reponatur,
276 1483 376 1545 multis
400 1483 486 1544 etiarn
509 1483 572 1544 aliis
593 1493 726 1546 veterum
749 1484 868 1546 Petrum
889 1484 1010 1546 minime
1031 1483 1217 1546 Hontanistis
1239 1505 1288 1548 se-

77 1570 187 1631 cundas
207 1569 324 1648 nuptias
346 1567 542 1648 displicuisse,
565 1587 627 1647 age,
656 1569 692 1630 de
713 1569 847 1648 pluribus
869 1569 1048 1650 argumentis
1071 1569 1289 1649 cirurmspicia-

76 1673 154 1726 mus,
176 1673 237 1715 non
259 1653 340 1714 usuri
362 1661 458 1714 tamen
481 1672 528 1727 eo,
551 1653 630 1732 quod
650 1653 788 1715 dUixius⁵
810 1653 1008 1715 ex‘librorum
1031 1653 1118 1727 serie,
1145 1653 1237 1732 qualis
1259 1655 1289 1716 in

76 1738 191 1799 lllSCtis
213 1747 268 1810 est,
290 1737 408 1800 deducit
429 1745 458 1798 et
479 1756 534 1798 nos
557 1738 712 1798 ficulneum
733 1757 803 1819 esse
825 1755 913 1817 supra
936 1739 1072 1800 diximus.
1115 1739 1179 1800 Hoc
1193 1749 1289 1801 autem

78 1823 265 1884 manifestum
286 1830 367 1901 puto,
391 1821 602 1884 Tertullianum
624 1822 659 1882 ad
672 1823 797 1884 Uxorem
820 1823 988 1902 scripsisse,
1011 1842 1076 1884 oum
1098 1824 1230 1902 quaestio
1253 1824 1289 1884 de

4 1969 5 1980 ,
78 1909 148 1986 luga
179 1906 209 1966 in
241 1906 496 1986 persecutionibus
532 1906 589 1968 iam
621 1907 780 1986 agitaretur
813 1915 842 1968 et
875 1907 1003 1969 ilicitam
1032 1911 1100 1970 esse
1131 1907 1289 1987 Septimius

4 2047 5 2068 ,
80 1998 183 2051 noster
211 2009 275 2052 cum
296 1991 482 2052 blontanistis
513 1991 569 2052 iam
599 1991 813 2053 contentarer.
858 1992 932 2054 Sunt
953 1992 1041 2072 igitur
1061 1991 1128 2052 libri
1151 1993 1186 2053 ad
1208 1993 1288 2054 Uxo-

4 2143 5 2152 .
79 2093 142 2135 rem
165 2074 214 2134 illo
237 2075 272 2135 de
295 2075 409 2136 Corona
430 2076 624 2156 posteriores,
644 2085 673 2137 et
694 2075 809 2156 quando
831 2077 861 2137 in
884 2077 927 2138 eis
949 2075 1144 2138 Tertullianus
1166 2077 1205 2137 ita
1228 2077 1289 2138 ool-

4 2223 5 2234 ,
79 2160 151 2238 ligii,
183 2158 287 2220 melius
320 2178 386 2221 esse
418 2161 530 2220 nubere
562 2179 648 2241 quam
681 2160 736 2233 uri,
759 2171 801 2222 ‘ut
828 2161 932 2223 melius
972 2164 1048 2222 loret
1074 2163 1174 2240 lugere
1203 2179 1289 2240 quam

79 2242 199 2305 Christo
221 2245 404 2317 renunciare,
427 2253 563 2305 neutrum
585 2254 682 2305 tamen
703 2245 814 2306 bonum
837 2265 914 2318 esse,
936 2245 993 2307 nisi
1009 2265 1073 2306 cunr
1089 2246 1192 2325 peiore
1207 2264 1289 2306 com-

4 2401 5 2404 *
77 2337 221 2409 paratum,
244 2329 313 2408 quid
334 2328 411 2388 aliud
435 2328 503 2408 agit,
526 2347 612 2408 quam
635 2338 668 2390 ut
689 2329 745 2391 duo
767 2331 924 2410 praecipua
939 2331 1088 2391 doctrinae
1102 2330 1290 2392 blontanisti-

78 2433 129 2474 cae
151 2412 244 2492 capita
266 2412 407 2474 tueatur?
436 2413 590 2475 Praeterea
612 2414 662 2493 qui
683 2413 812 2475 libellum
833 2424 866 2476 ut
887 2413 1082 2476 orthodoxum
1105 2414 1214 2476 laudari
1236 2433 1288 2476 cu-

79 2498 174 2578 piunt,
207 2497 238 2558 id
267 2517 302 2557 eo
335 2499 509 2576 praesertim
543 2498 666 2559 consilio
700 2501 794 2560 lacere
826 2499 972 2572 ridentur,
1007 2518 1044 2560 ne
1081 2499 1289 2560 Tertullianum

79 2582 284 2663 presbyterum
298 2582 478 2644 inveniamus
493 2602 558 2644 curn
573 2595 694 2644 uxoret.
716 2583 864 2644 Norerant
886 2583 962 2644 enirn
985 2583 1038 2644 riri
1061 2583 1149 2656 docti,
1172 2601 1238 2644 eum
1260 2583 1291 2643 in

4 2733 5 2736 ,
77 2667 303 2728 blontanismnm
326 2667 474 2740 incidisse,
497 2675 653 2746 postquam
674 2668 827 2746 presbyter
848 2685 902 2746 per
923 2667 1039 2746 aliquod
1054 2676 1171 2746 tempus
1186 2668 1289 2727 luerat.

77 2753 139 2812 lam
167 2751 194 2811 si
224 2751 260 2811 ad
283 2752 409 2813 Uxorem
425 2752 553 2834 ‘scripsit
575 2752 604 2812 in
625 2751 832 2824 blontanismo,
861 2751 1025 2831 presbyteri
1047 2751 1213 2828 coniugium
1236 2769 1289 2811 ne-

4 2847 5 2856 *
78 2836 140 2916 gari
163 2837 273 2915 nequit,
304 2845 333 2896 et
354 2843 387 2896 ut
408 2836 591 2896 commodius
613 2843 777 2913 negaretur,
806 2835 1040 2896 contendendum
1063 2843 1134 2907 erat,
1162 2832 1291 2895 libellum

4 2921 5 2930 ’
79 2929 234 2998 antequam
268 2918 422 3000 presbyter
452 2921 544 2982 lactus
574 2929 654 2981 esset
675 2927 705 2980 et
727 2919 794 2979 hinc
823 2919 858 2978 ab
890 2919 1062 2981 Ortbodoxo
1092 2917 1289 2998 compositum

79 3004 182 3065 videri.
227 3005 285 3065 Sed
314 3004 371 3066 boc
391 3005 484 3083 magis
506 3012 552 3066 est
573 3012 669 3066 sectae
692 3021 777 3082 quam
798 3004 913 3065 veritati
936 3003 1062 3076 servire3
1090 3001 1168 3081 quod
1190 3000 1291 3063 vitium

81 3088 169 3148 etiam
191 3089 260 3150 alias
283 3089 354 3149 viris
376 3089 470 3150 doctis
492 3089 522 3150 in
546 3087 751 3150 constituendo
773 3087 915 3148 librorum
930 3087 1101 3148 Tertulliani
1122 3085 1290 3148 discrimine

81 3173 223 3251 obrepsit.
266 3174 355 3254 Recte
376 3173 496 3234 Allixius
525 3172 698 3245 observarit,
725 3189 860 3252 magnam
889 3172 967 3232 inter
993 3170 1085 3233 libros
1106 3171 1141 3232 ad
1163 3170 1290 3232 Uxorem

4 3273 5 3282 ¹
80 3267 111 3319 et
132 3257 372 3320 Exhortationem
395 3257 541 3320 Castitatis
564 3256 784 3318 similitudinem
805 3275 881 3329 esse,
905 3275 978 3335 quae
1000 3265 1096 3316 tamen
1120 3255 1185 3317 sine
1200 3255 1289 3317 dubio
1375 3329 1379 3342 Ι

4 3353 5 3368 ’
78 3343 199 3422 scriptis
222 3343 435 3404 blontanisticis
463 3351 680 3403 annumeratur.
724 3342 797 3402 Nam
825 3349 856 3402 ut
878 3343 913 3402 de
935 3339 1092 3402 durissimo
1115 3348 1216 3402 eontra
1239 3359 1290 3402 se-

4 3421 6 3454 *
79 3427 190 3488 cundas
218 3428 335 3507 nuptias
365 3427 478 3488 dicendi
507 3446 613 3506 genere
641 3426 791 3505 stuprique
819 3426 947 3498 nomine,
976 3425 1055 3504 qnod
1083 3425 1126 3486 eis
1149 3425 1289 3496 allricat¹,

4 3509 6 3524 “
79 3511 179 3573 dicere
201 3512 324 3584 mittam,
347 3512 433 3592 plane
447 3510 596 3573 PrisciHae
618 3511 797 3572 mentionem
819 3510 886 3570 lacit
907 3517 936 3570 et
957 3509 1136 3588 evangelium
1158 3510 1222 3570 eius
1238 3527 1290 3570 ore

4 3591 5 3624 ³
76 3597 295 3677 promulgatum
319 3596 439 3671 extollit,
462 3597 511 3675 qui
532 3597 614 3657 loeus
637 3613 696 3655 non
718 3593 835 3674 quidem
856 3595 886 3654 in
910 3593 1045 3655 omnibus
1067 3594 1217 3655 codicibus
1239 3612 1288 3654 re-

4 3675 6 3686 '
78 3682 204 3761 peritur,
233 3681 393 3759 altigaltio
422 3699 491 3742 vero
514 3699 548 3741 ex
570 3678 674 3740 nscio
696 3676 897 3739 vetustissimo
919 3679 1073 3738 restitutus
1096 3687 1170 3738 estt.
1213 3677 1291 3737 llaec
1349 3714 1351 3727 ·

4 3761 6 3792 ³
79 3772 253 3844 argumenta
288 3761 416 3826 tantum
436 3764 542 3826 robore
579 3781 632 3822 suo
669 3763 785 3836 valent,
828 3770 860 3821 ut
895 3779 994 3822 carere
1029 3761 1178 3840 possimus
1215 3757 1289 3832 aliis,
1378 3817 1380 3826 ,

79 3850 162 3911 velut
190 3869 236 3922 eo,
264 3868 321 3928 quo
349 3849 542 3910 Pearsonius¹
569 3863 641 3906 usus
670 3852 725 3920 est,
753 3846 804 3924 qui
830 3844 956 3906 libellum
984 3835 1051 3905 ideo'
1078 3843 1289 3905 blontanisticis

4 3939 6 3968 l
82 3941 235 4008 accenset,
268 3934 345 4013 quod
379 3951 445 3994 eum
474 3930 669 4008 nicophorus.
690 3929 800 3990 eisdem
836 3928 1080 3990 annumeraverit.
1128 3927 1182 3987 Ast
1217 3927 1291 3987 liber
1327 3943 1333 3954 ¹

4 4085 6 4096 ,
82 4018 161 4102 περὶ
185 4013 405 4102 σωφροσύνης,
434 4015 470 4076 ab
492 4014 669 4092 Hieronymo
698 4021 727 4074 et
746 4012 913 4092 Nicephoro
935 4014 1012 4074 inter
1032 4011 1191 4072 haereticas
1214 4009 1288 4071 Ter-

117 4171 138 4205 r.
157 4154 296 4205 Tertullian.
314 4154 348 4203 td
366 4153 438 4203 Uxor.
457 4151 497 4200 lib.
516 4151 535 4200 l.
554 4166 573 4200 c.
594 4150 616 4198 l.
745 4163 768 4197 u.
794 4147 931 4198 Tillemont.
962 4148 1089 4197 Hemoires
1115 4146 1145 4196 de
1169 4144 1289 4196 l'Histoiro

4 4277 5 4292 .
117 4271 138 4305 s.
162 4255 231 4305 stru.
255 4255 284 4306 aa
302 4256 350 4305 vrrs
375 4262 399 4303 n
417 4253 502 4317 Scripr.
522 4248 660 4301 renarras.
711 4213 1095 4344 {332⁶{ssffiaf'hvf'pfqff
1114 4212 1290 4347 Ὧπξιᾝῐ

79 4337 106 4387 Ρ·
124 4322 166 4374 4⁷·
553 4359 559 4374 ‘
711 4357 787 4414 parat.
805 4359 829 4409 p
849 4347 924 4399 1188.

115 4435 132 4475 t.
158 4423 299 4474 Tertulliaa.
318 4423 356 4472 cit.
376 4420 429 4470 loco
448 4437 468 4470 c.
487 4421 518 4470 s:
546 4421 620 4470 Etiam
636 4421 661 4469 io
745 4431 767 4468 x.
785 4415 924 4494 Tertullian.
942 4416 1037 4464 Exhort.
1058 4417 1140 4494 Crstit.
1159 4433 1179 4466 c.
1197 4417 1221 4468 li.

79 4493 280 4559 persecutionibus
297 4492 379 4540 melior
397 4495 431 4538 ert
449 4505 478 4538 eo
492 4491 606 4552 permissu
623 4491 661 4551 [o-
746 4501 767 4548 ι.
786 4483 870 4546 llrgalt.
888 4490 937 4532 not.
956 4484 985 4532 ad
1004 4482 1141 4535 Tertullrnn.
1159 4495 1182 4545 p.
1204 4485 1259 4535 114.

71 4577 135 4625 w,
163 4563 191 4610 a,
218 4560 310 4622 oppido,
339 4571 406 4622 quom
434 4559 616 4620 compertorum
641 4560 663 4604 ct
747 4567 767 4600 z.
793 4552 826 4601 lo.
845 4551 957 4601 Pearson.
982 4550 1069 4602 lindie.
1092 4552 1166 4614 lgent
1189 4564 1213 4613 p.
1231 4551 1287 4603 35².

82 4631 205 4679 distortum
223 4642 313 4689 nepote.
390 4677 394 4684 ,
711 4621 736 4670 in
755 4619 799 4670 l’l’.
815 4620 924 4683 Apostol.
942 4619 1018 4670 Cotet.
1037 4620 1092 4672 edit.
1111 4620 1196 4672 Clario.
