3020 5230
426 395 859 440 speramuslaetantes.
948 425 950 432 -
1187 385 1249 450 623

115 541 325 619 Hieronymum
353 561 408 620 per
436 521 576 604 ecclesias
605 545 809 624 presbyterum
835 545 997 626 intelligere
1018 547 1168 611 Romanae
1195 569 1246 614 ec-

33 625 136 685 clesiae
157 625 373 704 presbyterum,
395 624 440 686 vel
462 645 497 686 ex
518 626 639 689 llnsebii
661 629 709 688 illa
731 630 900 690 narratione
921 630 972 692 lib.
995 631 1031 692 ll.
1055 651 1118 710 cap
1142 637 1171 697 2.
1195 655 1246 696 sa-

33 709 69 769 tis
93 717 203 770 certum
226 717 281 770 est.
327 708 368 769 lta
391 710 469 770 enim
492 709 541 772 ille
562 711 599 772 da
621 712 800 773 Tertulliano
824 713 942 787 scribit,
976 714 1069 776 luisse
1092 735 1158 777 eum
1180 718 1245 782 τῶν

30 788 187 872 μάλιστα
195 788 251 854 ἐπὶ
271 784 390 876 Ῥώμης
413 790 582 875 λαμπρῶν.
628 795 687 856 Sed
718 803 748 856 et
769 796 967 856 clarissime
959 816 1025 875 ipse
1047 798 1245 864 Tertullianus

32 876 133 938 scribit
163 875 273 936 Romae
307 893 339 936 sc
371 877 521 939 vixissem
552 865 743 940 Gcrnmoruric
769 898 884 960 quoque
912 881 1096 943 nobilitatem
1119 884 1246 948 vidimus

31 959 151 1028 bouus,
185 961 218 1021 de
245 961 370 1037 fastidio
394 959 580 1023 Parthorum
607 974 636 1024 et
658 961 815 1024 Medorum
844 973 1069 1044 ceterorumque
1089 967 1247 1043 perititiam

29 1060 154 1104 suorum
177 1061 278 1103 coram
298 1049 447 1104 matronis
471 1045 698 1106 emcbescentem.
742 1045 838 1106 Lubet
865 1046 973 1108 addere
1000 1049 1058 1110 boc
1085 1049 1152 1110 loco
1175 1049 1246 1112 alias

29 1124 205 1197 sententias,
232 1144 307 1204 quae
329 1127 359 1187 id
381 1128 591 1205 comprobant,
615 1128 856 1190 Tertullianum'
849 1147 878 1190 m
902 1131 1024 1192 ecclesia
1046 1132 1177 1194 Romana
1200 1134 1244 1194 vi-

28 1208 107 1270 xisse
129 1209 276 1270 clericum.
319 1209 384 1272 lluo
405 1211 530 1272 manime
552 1211 680 1289 pertinet
701 1211 749 1273 ille
770 1212 892 1274 locas⁰:
927 1213 983 1276 tlte·
1003 1228 1074 1278 tune
1096 1215 1245 1294 Marci,on

27 1292 169 1354 Ponticus
193 1293 372 1365 nauclerus,
396 1295 514 1358 Stoicae
536 1293 716 1357 studiosus?
757 1295 814 1358 Ubi
834 1309 905 1358 tnnc
933 1297 1115 1370 Valentinus,
1139 1299 1245 1364 Plato-

26 1381 112 1437 uicos
132 1375 288 1438 sectator?
331 1377 407 1440 illam
430 1390 549 1442 constat
570 1379 641 1440 ilios
664 1383 810 1442 Antonini
829 1385 1006 1460 principatu
1029 1392 1057 1443 et
1079 1387 1110 1444 in
1139 1386 1245 1447 cotio·

28 1460 117 1519 iicom
127 1465 229 1538 primo
253 1461 420 1524 doctrinam
442 1463 604 1524 credidisse
625 1464 707 1541 opud
728 1463 882 1524 ecclesiam
903 1464 1128 1536 Romanensem,
1152 1469 1245 1531 donec

25 1543 81 1604 snb
103 1549 276 1622 episcopatu
290 1545 448 1608 lilentleri
468 1547 613 1610 benedicti
634 1547 669 1608 oi
691 1550 852 1626 inquietam
874 1565 992 1626 semper
1014 1567 1119 1610 eornm
1142 1556 1246 1613 curios

25 1631 151 1698 sitalem,
175 1646 234 1706 qno
254 1629 373 1705 fratres
395 1647 508 1709 puopnc
530 1631 687 1700 viciabant,
712 1629 802 1692 senei
816 1643 845 1693 et
859 1635 970 1693 iterum
984 1636 1076 1703 eiecti,
1107 1631 1246 1696 Marcion

25 1711 142 1789 quidem
164 1730 231 1772 cum
252 1713 387 1774 ducentis
409 1717 557 1774 sestertiis
580 1717 661 1781 suis,
691 1732 765 1791 quoe
788 1713 927 1776 eeclesiae
948 1716 1111 1786 intulerat,
1140 1722 1245 1779 nonis-

25 1799 97 1854 sime
124 1798 156 1856 iu
181 1805 361 1873 perpetuum
389 1797 547 1858 discidium
574 1796 708 1874 relepati,
742 1815 857 1858 veneno
889 1799 1097 1860 doctrinarum
1118 1818 1246 1863 snorum

26 1878 307 1938 disseminaverunt.
351 1877 545 1942 Postmodum
576 1879 715 1941 Marcion
743 1884 960 1958 poeniteutiam
992 1884 1149 1961 consessas
1178 1903 1245 1947 cum

27 1962 192 2021 conditioni
212 1963 299 2022 datae
320 1963 379 2024 sibi
399 1967 535 2024 occurrit
556 1967 599 2024 ito
617 1979 723 2042 pacem
737 1975 925 2042 recepturus,
948 1970 978 2025 si
991 1975 1104 2028 ceteros
1119 1986 1244 2048 puopne,

26 2062 101 2122 quos
119 2045 287 2122 perditioni
307 2047 464 2117 erudisset,
488 2046 627 2107 ecclcsiae
650 2045 724 2118 (scil.
748 2046 909 2142 Romanae)
931 2053 1124 2110 restitueret:
1146 2061 1244 2112 morte

21 2138 209 2206 praeventus
238 2138 292 2188 est.
342 2127 396 2188 llic
425 2129 497 2189 satis
526 2137 607 2224 patet
634 2147 701 2190 enm
729 2129 776 2206 qui
806 2129 879 2190 baec
907 2137 965 2190 tam
993 2139 1127 2192 accurate
1154 2133 1245 2195 sciret

24 2211 116 2270 luisse
138 2210 280 2272 Romae
272 2229 385 2289 ipsum,
417 2213 512 2272 luisse
533 2213 612 2273 intor
633 2213 773 2284 clericos,
806 2213 856 2291 qui
877 2205 968 2274 iebus
996 2213 1062 2274 istis
1085 2215 1129 2274 sic
1149 2217 1243 2290 gestis

24 2293 228 2354 interlaerant
272 2293 431 2391 Nempa'
406 2315 433 2356 ιι
455 2296 551 2358 adbuc
572 2297 683 2358 Romae
705 2296 820 2368 inisset,
850 2315 916 2358 cum
938 2295 1017 2358 bunc
1037 2296 1144 2358 librum
1167 2298 1243 2360 scri-

22 2377 92 2454 psit,
115 2376 193 2438 ibam
209 2380 395 2450 sententiam,
417 2379 495 2458 apud
511 2379 663 2441 ecclesiam
678 2380 896 2440 Romanensem
911 2397 972 2440 non
987 2380 1030 2440 sic
1044 2380 1244 2459 perscripsis-

23 2470 88 2532 set,
121 2461 205 2539 quasi
233 2462 297 2541 ipse
319 2481 380 2522 non
408 2463 448 2523 sit
469 2464 544 2541 aputl
568 2463 655 2522 istam
678 2463 847 2534 ecclesiam
883 2464 938 2523 init
959 2461 1049 2540 igitur
1070 2463 1128 2524 iam
1150 2464 1244 2525 Roma

22 2544 163 2621 expulsus
193 2551 223 2604 et
250 2544 321 2604 vixit
342 2545 372 2606 in
394 2546 499 2606 Africa.
543 2546 577 2606 ld
599 2544 705 2605 clarius
728 2553 807 2622 patet
829 2564 863 2606 ex
887 2563 949 2622 cap.
973 2549 1024 2608 36.
1048 2546 1136 2608 buius
1160 2547 1245 2608 eius·-

21 2629 90 2686 tlem
119 2626 227 2688 librit:
260 2647 410 2706 percurre
437 2629 575 2690 ecclesias
604 2628 787 2706 apostolicos
813 2661 845 2670 -
869 2633 1014 2706 pronimo
1041 2639 1086 2690 cst
1107 2629 1244 2690 Acboioi’

19 2711 121 2772 Habes
146 2712 378 2773 Corintinm-
396 2743 432 2756 —
450 2717 479 2772 si
497 2721 596 2772 auten
618 2709 725 2772 ltaliae
747 2713 875 2784 adiaces,
899 2711 986 2772 bobes
1009 2710 1142 2780 Romam,
1164 2713 1244 2774 tonde

19 2795 108 2855 uobis
137 2814 251 2874 quoque
272 2798 440 2856 auctoritas
459 2802 585 2873 praesto
609 2804 662 2855 est.
707 2793 831 2870 (Nempe
851 2792 1004 2854 Africanos
1026 2793 1175 2864 describit,
1197 2794 1242 2854 la-

20 2879 83 2938 tina
106 2878 203 2956 lingua
225 2885 364 2952 utentes.)
408 2876 467 2937 lsta
496 2876 620 2936 ecclesia
642 2875 774 2936 Romana
801 2876 966 2946 videamus,
1001 2877 1072 2956 quid
1094 2877 1241 2948 didicerit,

19 2962 93 3040 quid
115 2963 265 3032 docuerit,
296 2979 363 3022 cum
384 2962 540 3036 Africanis
563 2978 682 3040 quoqne
698 2959 827 3020 ecclesiis
851 2963 1075 3020 contesserarit.
1119 2958 1174 3019 llic
1196 2967 1244 3022 cst

18 3047 109 3122 longa
131 3043 336 3117 clarissimum,
359 3043 534 3122 scriptorem
557 3043 614 3102 iam
636 3042 773 3103 inblrica
795 3041 918 3114 versari,
941 3059 1009 3102 cum
1030 3044 1102 3103 baec
1124 3040 1242 3115 scribit;

18 3147 90 3188 eum
122 3128 211 3204 igitur
240 3135 324 3188 antea
353 3134 472 3204 oportet
493 3126 605 3186 Romae
631 3124 742 3198 inisse,
775 3126 804 3185 in
827 3125 883 3185 ista
906 3125 1028 3186 ecclesia
1050 3124 1241 3199 Romanensi,

18 3213 99 3272 inter
115 3210 256 3282 clericos;
277 3227 373 3289 neque
395 3211 473 3270 enim
497 3209 572 3270 scire
594 3209 667 3270 istas
689 3207 903 3270 ecclesiasticas
918 3208 1076 3268 interiores
1091 3227 1140 3268 ras
1155 3217 1243 3286 atquc
1290 3205 1293 3210 ’
1379 3201 1384 3206 ’

17 3295 161 3356 historias
191 3302 348 3372 potuerant
374 3293 422 3354 alii
450 3311 538 3372 quam
561 3292 668 3354 clerici.
712 3292 806 3354 linias
829 3292 945 3370 generis
974 3300 1043 3352 sunt
1065 3299 1095 3352 et
1116 3291 1242 3370 plurima

18 3378 88 3450 alia,
110 3372 243 3448 τοπικά,
266 3377 406 3439 historica
429 3385 459 3438 et
479 3377 608 3456 politica,
631 3393 704 3454 qaae
727 3376 878 3436 bominem
893 3375 1005 3436 Romae
1027 3375 1151 3436 maltum
1172 3393 1240 3436 rer-

19 3471 121 3522 satum
143 3462 222 3523 inter
242 3461 316 3522 alios
339 3461 464 3522 clericos
486 3460 569 3522 laoilc
591 3459 732 3540 produnt.

584 3663 614 3734 s.
637 3659 686 3719 ιιι.

327 3775 360 3824 be
379 3777 471 3837 graecis
489 3775 670 3838 scriptionibus,
689 3790 748 3838 quas
767 3789 824 3824 suas
842 3773 937 3835 aberat.

107 3889 280 3950 Simillimus
302 3889 342 3949 ilb
364 3889 442 3962 loco,
465 3907 551 3966 quem
574 3907 609 3949 cx
631 3888 715 3950 initio
736 3889 803 3950 libri
826 3889 967 3949 adversus
982 3888 1112 3948 Praxean
1127 3885 1242 3946 descri-

16 3973 176 4044 bebamus,
200 3980 247 4032 est
268 3972 316 4033 ille
339 3971 411 4032 alter
433 3990 469 4033 ex
490 3971 565 4032 libro
589 3972 625 4031 de
647 3971 763 4032 Corona
784 3971 898 4032 blilitis:
931 3979 1031 4030 narrat
1051 3969 1146 4030 varias
1170 3985 1241 4028 sen-

18 4055 131 4119 tentias
153 4054 286 4134 proditas
309 4055 401 4140 inisse
423 4055 460 4116 tle
482 4056 540 4116 isto
564 4053 666 4128 milita,
689 4056 739 4133 qui
761 4071 901 4117 coronam
924 4052 1058 4114 manibus
1074 4050 1197 4130 gestavit
1212 4057 1242 4112 et
1295 4129 1298 4136 Ι

18 4241 65 4282 ors,
91 4237 194 4286 qnorum
215 4221 316 4283 maligna
335 4221 421 4271 indicia
438 4230 495 4287 post
513 4223 608 4274 Damasi
659 4222 785 4272 tullianum
808 4221 922 4270 adversos
940 4219 1096 4270 llontsnistas
1114 4219 1242 4281 scripsisse

17 4299 125 4342 mortem
147 4291 198 4352 ipse
217 4298 329 4352 expertus
347 4290 432 4338 inerat.
660 4289 725 4348 dicit,
743 4289 910 4351 presbyteram
929 4287 1158 4346 Carthaginiensem.

56 4374 81 4407 n.
108 4357 143 4406 lle
163 4357 232 4408 Cultu
252 4357 344 4404 Femin.
368 4357 446 4405 tib.l.
467 4355 531 4406 ob.
566 4356 608 4406 His
693 4355 769 4406 nube
789 4352 1030 4417 Praeseript.c.30.

18 4427 82 4475 loris
102 4427 149 4473 iam
169 4439 227 4472 neus
246 4431 283 4472 cst
300 4422 398 4472 Ceillisr
410 4423 432 4472 in
444 4423 548 4472 Histoire
560 4425 608 4474 Gi·
694 4437 717 4485 p.
741 4423 831 4470 locam
854 4421 901 4470 itm
920 4420 1090 4470 illustravimus
1108 4420 1132 4468 in
1150 4431 1243 4482 appon-

18 4494 105 4542 ntrate
123 4493 279 4541 destituare
295 4489 494 4553 Ecclesiastiquos
513 4490 608 4540 tomll.
659 4489 712 4538 dice
730 4488 760 4537 ad
778 4489 903 4537 Wetstenii
921 4487 1093 4548 Proleponane
1113 4485 1206 4534 observ.
1225 4485 1265 4542 l..

17 4575 43 4622 p.
64 4558 123 4608 376.
149 4567 231 4608 cantra
251 4557 464 4617 Praedestinatum,
490 4558 530 4620 qui
548 4558 608 4606 'ler-
660 4554 908 4618 pissettana.

908 4795 917 4824 Ι
