3122 5250
286 353 349 420 362
384 370 576 415 nissnnrtrlo
591 370 621 414 ln
638 369 686 422 QU·
701 369 785 416 SEP'l'·
799 369 886 415 FLOR·
902 368 1096 414 Taurunum
1109 367 1337 413 erotooemcutt
1351 369 1430 412 GETT.

263 520 461 668 penterpssilpp,
493 539 580 602 quam
610 520 676 604 ipse
706 521 800 584 adhuc
831 520 994 594 confirmat,
1027 520 1071 582 uti
1102 539 1138 582 ex
1167 519 1360 602 sequentibus
1387 519 1478 582 arban

295 624 321 668 rs
343 623 379 686 pa
429 625 438 666 1
536 684 540 695 ,

780 757 946 810 turrentes
964 757 994 808 ll.

284 861 418 918 Expenditur
434 871 507 906 utrum
524 861 611 906 tiarcue
622 859 725 906 turelius
743 861 875 905 christianae
892 861 994 915 religioni
1012 869 1129 917 prepterea
1146 862 1231 914 torena,
1248 861 1311 917 quod
1325 859 1435 904 concana
1449 857 1477 901 ni·

284 929 334 976 lites
358 930 462 974 exercitui
486 930 534 974 eius
558 929 593 972 siti
615 936 709 974 enecato
732 929 824 972 imbrem
841 940 887 974 nan
904 929 952 973 sine
969 941 1049 984 magno
1067 929 1175 972 miraculo
1193 941 1205 972 n
1223 929 1271 973 lieo
1290 927 1446 984 impetraverint
1458 937 1478 968 ec

352 999 462 1054 quomado
479 997 557 1042 iisdem
575 995 702 1040 Christianis
719 1008 804 1052 poenes
821 995 934 1052 impositae
950 1008 994 1041 non
1012 997 1131 1050 dimoverit,
1149 997 1189 1040 sed
1205 998 1280 1052 palam
1299 995 1430 1053 disperserit

367 1112 484 1175 Ethnici
510 1111 715 1175 iniustissimis
743 1113 942 1193 pessimorum
970 1112 1178 1192 imperatorum
1207 1112 1323 1191 legibus
1354 1109 1389 1172 ad
1410 1109 1478 1170 Chri·

283 1199 396 1260 ofianos
419 1197 665 1260 excarnificandos
687 1215 723 1258 eo
745 1197 857 1258 maiore
877 1197 1068 1276 perversitate
1090 1196 1294 1271 abutebantur,
1317 1215 1376 1275 quo
1391 1193 1478 1256 certius

283 1290 427 1362 noverant
452 1282 540 1362 longe
565 1281 703 1343 meliores
729 1281 821 1344 luisse
850 1298 927 1342 suos.
948 1281 1150 1360 imperatores,
1179 1281 1229 1360 qui
1257 1291 1310 1342 aut
1331 1281 1362 1341 in
1383 1279 1478 1340 illorum

284 1367 406 1446 gratiam
432 1368 566 1428 lecerunt
593 1367 710 1428 decreta
740 1374 790 1427 aut
817 1383 920 1427 eorum
947 1366 1077 1428 fautores
1104 1368 1224 1428 luerunt
1250 1376 1282 1428 et
1314 1365 1476 1427 defensore.

282 1451 457 1514 Nominibus
489 1459 586 1513 autem
617 1450 680 1513 suis
708 1450 904 1514 Tertullianus
938 1449 1005 1512 illos
1038 1451 1177 1530 appellat,
1210 1452 1265 1512 sed
1293 1468 1356 1510 non
1384 1457 1479 1510 serrato

283 1536 516 1615 uniuscuiusque
544 1537 645 1597 aetatis
673 1535 787 1597 ordine.
831 1535 954 1597 Orditur
980 1535 1058 1597 enim
1085 1554 1103 1596 a
1127 1535 1224 1596 llarco
1246 1535 1378 1607 Aurelio,
1410 1547 1477 1611 quen

284 1619 518 1683 Christianorum
536 1631 739 1701 protectorem
759 1619 853 1680 luisse
874 1629 1031 1682 asseverat.
1060 1619 1121 1681 Nec
1134 1619 1220 1693 ullus,
1241 1619 1349 1699 inquit,
1371 1631 1478 1696 unquam

283 1704 470 1766 diffitebitur:
493 1704 528 1767 Si
548 1705 667 1768 litterae
688 1705 772 1766 illias
792 1707 966 1784 pravissimi
984 1709 1177 1784 imperatoris
1199 1709 1407 1786 requirantur,
1427 1701 1478 1782 qoi-

285 1789 340 1852 bns
362 1789 446 1852 illam
468 1789 673 1852 Germanicam
694 1793 776 1852 sitim
804 1789 1038 1852 christianornm
1058 1791 1142 1867 sorte
1162 1789 1293 1851 militnm
1312 1785 1477 1869 precationi

284 1875 339 1936 bas
360 1879 520 1954 impetrate
543 1875 634 1936 iniri
653 1874 818 1936 discussam
840 1883 1029 1936 contestatur
1052 1873 1235 1948 (Tertullian.
1257 1872 1411 1952 Apologet
1430 1885 1476 1944 cap·

284 1961 340 2036 5.).
370 1959 488 2020 Certum
510 1957 627 2036 quidem
649 1977 683 2019 ac
703 1957 835 2019 unanimi
856 1958 988 2018 amnium
1013 1958 1075 2020 sire
1096 1957 1246 2037 peculium
1269 1959 1334 2019 sire
1355 1952 1475 2018 Christia-

283 2061 392 2106 noram
420 2060 567 2104 consensu
595 2041 751 2122 probatum
778 2049 825 2104 est
845 2042 917 2104 haec
938 2042 1105 2122 contigisse,
1135 2061 1201 2104 oum
1222 2043 1341 2104 Marcus
1362 2036 1477 2102 lurelus

232 2185 237 2206 ,
285 2127 428 2190 adversus
451 2127 612 2188 Germanos
639 2146 674 2188 ac
704 2127 852 2189 Sarmatas
880 2135 1060 2206 pugnaturus
1089 2126 1180 2188 eciem
1207 2127 1378 2189 instrueret
1419 2121 1476 2182 roo

286 2211 394 2291 quippe
422 2212 485 2273 cius
512 2211 638 2284 milites,
672 2211 720 2291 qtni
748 2211 798 2273 siti
826 2211 1036 2286 enecabantur,
1067 2211 1224 2291 impetrato
1253 2210 1377 2273 coelitus
1402 2205 1478 2269 inbre

285 2296 408 2358 recreati
436 2303 514 2374 punt.
557 2295 616 2357 Sed
643 2297 674 2357 in
702 2295 824 2358 dubium
851 2296 956 2375 aliquis
984 2296 1100 2358 vocabit
1125 2304 1224 2358 utrum
1245 2295 1425 2358 ethnicorum
1443 2285 1476 2347 vti

287 2380 521 2443 Christianorum
541 2379 679 2459 precibus
701 2379 839 2441 obtentus
861 2380 957 2442 tuerit.

368 2465 473 2528 Plures
494 2483 619 2543 namque
640 2465 799 2544 scriptores
821 2464 929 2526 ethnici
949 2464 1028 2526 hunc
1048 2464 1173 2526 imbrem
1194 2465 1357 2544 precationi
1377 2455 1475 2549 pietati·

285 2568 344 2629 que
371 2549 502 2612 eiusdem
529 2549 716 2629 imperatoris
743 2557 893 2629 acceptum
918 2549 1060 2611 referunt.
1102 2549 1218 2612 Primus
1245 2558 1345 2612 antem
1371 2563 1404 2608 cx
1426 2543 1477 2602 isus

285 2635 413 2696 occurit
432 2634 519 2696 nobis
541 2633 733 2712 Capitolinas,
754 2633 837 2696 cuius
859 2634 932 2696 baec
952 2642 1022 2695 sunt
1043 2634 1080 2696 de
1100 2634 1150 2694 illo
1171 2634 1277 2695 verba:
1315 2632 1433 2697 Fulmen
1450 2623 1476 2684 11⁶

285 2720 366 2783 caela
386 2720 528 2800 precibus
550 2723 614 2780 sais
638 2731 744 2782 contra
759 2720 889 2782 bostram
901 2719 1169 2782 machinamentum
1184 2724 1324 2790 contorsit,
1346 2719 1406 2779 sais
1417 2709 1475 2792 plr-

139 2859 142 2868 .
285 2807 336 2866 aia
357 2809 525 2885 impetrata,
559 2822 624 2865 cnm
655 2808 710 2868 siti
739 2803 916 2866 laborarent
946 2803 1081 2882 (Capitol.
1104 2804 1134 2865 in
1155 2802 1219 2865 Vita
1239 2803 1280 2866 bl.
1301 2803 1405 2863 Antan.
1423 2808 1475 2874 pti·

186 2925 190 2930 =
285 2889 387 2966 305.).’
429 2887 536 2949 Fusius
572 2906 641 2949 voro
674 2887 854 2949 Themistius
889 2886 1005 2966 publica
1039 2888 1076 2950 ad
1107 2887 1312 2951 Theodosium
1347 2881 1474 2946 oratione:

282 2962 469 3057 Ἀντωνίοῳ
489 2971 536 3056 τῷ
555 2963 719 3054 Ῥωμαίων
736 2965 950 3055 αὐτοκράτορι
962 2971 1021 3034 τοῦ
1037 2992 1077 3036 ar
1098 2964 1360 3053 campanariae
1375 2965 1476 3060 δίψους

285 3051 374 3158 priapi
396 3055 590 3139 πιεζομένου
612 3051 761 3138 ἆοοσχώο
786 3052 833 3120 aci
852 3056 941 3139 χεῖρε
962 3049 980 3120 ὃ
1001 2995 1154 3139 flaccianis
1175 3053 1261 3140 πρὸς
1274 3053 1332 3120 τὸν
1347 3044 1473 3134 aripawt'

287 3147 415 3250 Tproap,²
431 3139 503 3244 imp,
525 3141 565 3248 τῇ
584 3151 672 3244 petae
691 3133 949 3248 npoiapctlaappv
970 3161 1008 3206 σε
1028 3141 1082 3242 nal
1106 3139 1252 3244 inemec
1268 3138 1328 3243 aba
1342 3127 1475 3238 ζωῇςρῩῙ

234 3309 241 3324 ·
285 3247 378 3375 ‘itt
393 3223 1158 3398 tittttti‘ttttttttttriturati?
1170 3245 1241 3387 lizi
1257 3229 1472 3394 tilieti}

285 3397 359 3459 Οοοι
380 3399 527 3460 Antonini
545 3397 750 3460 Romanorum
777 3402 969 3478 imperatoris
991 3401 1141 3461 ementitas
1164 3399 1218 3458 siti
1237 3397 1397 3462 laboraret,
1421 3399 1473 3445 mi·

284 3499 345 3544 nas
366 3481 418 3543 ille
439 3482 478 3542 ad
500 3481 613 3543 caelum
634 3486 748 3545 eretait:
774 3480 841 3543 Hae
862 3501 912 3561 epo
933 3501 1034 3553 mann,
1056 3485 1203 3562 inquiens,
1225 3482 1355 3563 suppleat
1375 3487 1400 3538 tt
1416 3465 1473 3551 pli·

285 3583 357 3630 care
385 3566 471 3628 notai
497 3577 525 3626 et
554 3570 644 3628 orani
668 3570 748 3629 vitae
776 3564 960 3647 tarpitarem
989 3585 1048 3642 aaa
1074 3564 1156 3628 nelli
1175 3585 1238 3627 eam
1258 3567 1374 3646 eripui:
1400 3565 1473 3631 rapae

282 3669 374 3733 prete
395 3652 454 3713 sibi
469 3650 608 3731 placasse
630 3669 747 3721 namen,
770 3669 805 3712 ac
826 3654 928 3714 rtatim
949 3654 1110 3714 serenitate
1129 3652 1213 3729 iacta
1232 3667 1341 3731 empna
1354 3640 1472 3709 merito

286 3741 373 3818 capia
400 3737 440 3798 ai
466 3735 626 3797 militarem
656 3735 817 3798 scaloniam
843 3739 924 3798 sitim
949 3739 1050 3816 empti
1082 3734 1239 3810 (Themist.
1267 3735 1350 3797 Orat.
1378 3729 1420 3792 15.
1444 3713 1471 3776 id

286 3820 436 3884 Theodos.
458 3839 489 3900 p.
513 3822 607 3896 tet).
653 3820 728 3882 'lum
757 3819 895 3881 continuo
923 3819 1034 3880 addidit
1060 3837 1094 3881 se
1114 3819 1287 3881 meminisse
1307 3817 1394 3879 visam
1413 3824 1427 3866 ἃ
1444 3815 1471 3858 ⁵⁸

285 3907 431 3987 picturam
462 3904 494 3966 in
514 3903 639 3984 imagine
662 3903 849 3983 descriptam,
876 3904 906 3966 in
928 3923 984 3983 qua
1005 3904 1164 3984 imperator
1185 3903 1280 3966 media
1302 3903 1331 3964 in
1351 3891 1470 3980 pbaltssi⁰
1528 3965 1529 3970 ,

283 3990 381 4071 pictus
408 4011 442 4055 ae
467 3989 576 4052 milites
598 3989 688 4070 galeis
709 3989 833 4050 imbrem
855 3988 1033 4068 excipientes
1054 3988 1356 4068 repraesentabantur.
1394 3977 1468 4038 13³⁰·
1528 4001 1529 4010 ³

285 4075 353 4138 nius
383 4095 453 4137 vero
482 4075 610 4154 speciem
639 4073 768 4135 exhibuit
794 4071 955 4146 columnae,
981 4073 1016 4133 in
1043 4091 1099 4152 qua
1126 4073 1266 4134 mirificus
1293 4071 1340 4133 ille
1359 4061 1468 4150 imbtti

284 4157 355 4220 love
375 4160 473 4239 pluvio
496 4168 526 4222 ct
546 4159 716 4221 fulminante
737 4175 898 4222 concessus
920 4158 1100 4238 conspicitur
1120 4159 1237 4234 (Baton.
1252 4157 1287 4218 ad
1303 4171 1367 4218 ann.
1381 4141 1468 4208 Ght¹⁵²¹

371 4247 405 4388 lin
430 4249 532 4390 llioiris
560 4338 658 4392 umen
678 4328 814 4409 Epitome
839 4327 963 4407 legimus
990 4329 1067 4390 lama
1092 4314 1292 4408 p'orrulgatum
1318 4307 1467 4406 quihustltffl

283 4411 406 4491 magiam
427 4413 538 4476 artibus
559 4414 725 4477 invocatum
746 4413 783 4475 ab
804 4411 935 4491 tmopm
954 4412 1039 4492 llagc
1053 4412 1193 4493 Aegyptio
1207 4407 1375 4474 llcrcurium
1393 4394 1465 4488 alps-
1528 4453 1529 4496 ,

285 4514 343 4576 quo
364 4497 413 4576 qui
435 4497 466 4558 in
488 4503 556 4559 aere
578 4499 688 4579 degrmt
708 4498 878 4570 daemones,
899 4514 1128 4576 quorumopera
1141 4497 1217 4559 banc
1230 4483 1465 4567 extorsitpluntttt
1528 4513 1529 4530 ο

284 4581 384 4661 (ilion.
405 4581 484 4664 Epit.
504 4601 535 4664 p.
550 4584 647 4662 iit).
676 4581 816 4658 Quemvis
838 4589 935 4646 autem
955 4581 1122 4674 Xipbilinus
1143 4581 1269 4646 itionem
1289 4578 1328 4644 ibi
1345 4560 1463 4638 mendace
