3126 5250
474 405 609 452 aaaroan
630 407 688 452 aaa
709 407 748 450 ιι
767 405 895 451 saunas.
1238 389 1302 456 ²99

87 531 172 618 diam'
201 563 322 636 harere
356 573 391 618 aa
425 572 611 620 commorere
642 557 870 620 concitabantur
904 555 1088 634 (Tertullian.
1120 555 1302 638 dpolopetic.

89 659 147 721 cap.
169 643 248 718 ab).
839 669 842 677 ’

167 724 285 804 Negare
306 731 485 787 autem‘non
506 743 667 806 passumus
687 725 724 788 ab
746 725 871 788 ethnicis
892 743 1009 806 quoque
1030 733 1093 788 aeta
1115 724 1256 804 quaedam
1271 725 1302 786 ia

87 807 213 890 publicis
235 809 447 872 calamitatibus
469 809 668 890 poenitentiae
689 828 789 890 opera,
818 809 925 890 quibus
947 811 1020 872 dees
1041 827 1113 872 suas
1134 810 1252 872 llcattre
1273 819 1304 872 et

86 895 153 957 illos
177 894 277 956 sedari
298 911 390 974 passe
411 894 637 957 arbitrabantur.
666 895 753 968 :Tum
776 895 854 957 euim
875 894 1019 975 aquilicia,
1040 893 1222 973 nudipedalia
1244 912 1302 974 po-

83 979 155 1059 pulo
185 978 406 1054 denuntiabant,
435 978 835 1060 deponebant-magistratus
864 986 894 1041 et
915 980 1088 1060 dignitatum
1110 997 1231 1040 sumum
1252 979 1302 1040 in·

84 1063 182 1144 signia
213 1063 326 1142 aliaque
354 1063 487 1142 agebant,
521 1065 558 1127 de
586 1063 693 1144 quibus
725 1064 863 1126 omnibus
886 1063 961 1126 iufra
983 1082 1101 1143 agemus
1134 1063 1216 1140 (lah.
1238 1080 1302 1142 cap.

83 1151 132 1213 13.
160 1148 223 1210 hrt„
246 1152 301 1224 4.).
333 1147 392 1211 Sed
414 1147 555 1212 laetitiam
576 1149 675 1212 larem
696 1148 839 1227 aliosque,
861 1148 910 1228 qui
932 1148 972 1210 dii
994 1166 1056 1210 nan
1078 1155 1170 1222 arant,
1192 1165 1303 1228 perpe-

81 1251 143 1295 ram
172 1232 346 1294 invocabant
368 1240 398 1294 et
417 1233 622 1313 precabantur.
653 1235 762 1295 Verum
785 1232 894 1294 atenim
914 1233 1009 1295 lleum
1030 1231 1128 1312 impiis
1149 1232 1207 1295 illis
1229 1231 1302 1294 acti-

82 1317 136 1380 bus
166 1325 198 1379 et
218 1317 479 1397 superstitionibus
500 1318 650 1380 britanum
671 1317 745 1380 nihil
765 1317 959 1398 proculdubio
982 1317 1018 1380 ab
1041 1337 1088 1392 eo,
1111 1316 1189 1379 sicat
1206 1335 1262 1378 nea
1285 1335 1303 1377 a

84 1403 170 1466 loisis
189 1402 250 1464 diis
272 1401 346 1477 sois,
367 1410 504 1484 poterant
524 1402 691 1484 impetrare.

581 1639 748 1692 sericatus
765 1639 807 1690 111.

85 1743 131 1794 Quo
150 1741 272 1786 censurat
289 1741 356 1786 mado
373 1741 443 1786 ileum
460 1749 606 1799 precarentur
622 1741 670 1786 alae
687 1742 804 1794 monitore.
827 1742 929 1798 expantia
947 1742 974 1786 ad
993 1742 1082 1786 eaelum
1097 1741 1207 1793 mambae.
1232 1741 1303 1797 capite

125 1811 199 1864 ando,
216 1811 289 1854 anima
307 1809 433 1862 macerate,
451 1818 517 1866 atque
535 1811 562 1856 ad
580 1811 688 1856 orientem
705 1810 816 1864 conversi,
833 1821 944 1864 quamque
962 1808 1062 1854 animai
1078 1809 1162 1854 radone
1181 1808 1262 1854 athalai

443 1879 498 1922 deae
516 1890 570 1923 ruas
589 1889 615 1922 ae
632 1877 714 1922 Persae
733 1879 804 1922 salem
822 1878 947 1922 adorarent
997 1879 1003 1888 '

187 1991 346 2054 Christiani
372 1991 429 2066 bis‚·
463 2011 537 2072 quac
570 1991 734 2066 retudimus,
765 1991 895 2053 horridis
926 1989 1123 2070 poenitentiae
1153 1989 1305 2054 laboribus

84 2095 143 2138 nan
171 2076 268 2138 solum
289 2075 472 2156 publicarum
493 2077 689 2139 calamitatum
710 2086 854 2156 tempore,
878 2073 932 2136 sed
954 2075 1077 2154 singulis
1093 2075 1180 2136 etiam
1196 2083 1225 2136 et
1239 2083 1302 2137 sta-

88 2161 123 2222 tis
144 2162 324 2240 praesertim
357 2161 461 2225 diebus
483 2161 575 2223 Deum
597 2170 628 2223 et
647 2179 702 2241 pra
725 2179 758 2223 se
779 2169 808 2221 cl
828 2179 883 2241 pro
905 2159 970 2221 aliis
993 2159 1124 2231 orabant,
1155 2163 1219 2222 erite
1239 2177 1305 2222 aaa·
1428 2229 1430 2238 ,

88 2251 198 2317 nitore,
220 2245 264 2307 uti
285 2245 326 2306 ait
345 2246 453 2310 ductor
480 2254 592 2318 noema,
614 2245 668 2308 sed
689 2245 727 2307 de
744 2256 867 2327 pectore
888 2243 993 2306 intimo
1015 2243 1198 2320 (Tertullieu.
1221 2244 1303 2324 dpa-

90 2329 361 2409 ingoaranae).
404 2330 475 2392 llete
501 2339 600 2392 autern
627 2349 716 2410 opera
744 2329 817 2392 dixit
848 2333 913 2392 riae
940 2332 1103 2402 maritare,
1137 2328 1203 2408 huia
1233 2347 1303 2390 oras

94 2415 274 2477 ethnicorum
302 2422 374 2488 erat,
406 2424 440 2477 ut
467 2415 572 2494 abquis
602 2414 740 2477 amnibus
769 2413 818 2494 qui
845 2413 1040 2493 precabantur
1064 2413 1194 2493 praeiret
1220 2431 1303 2486 vace,

98 2515 196 2578 meque
211 2507 428 2578 praemoneret.
457 2499 501 2561 hd
521 2500 600 2562 bunc
620 2518 691 2562 vero
712 2517 826 2560 marem
848 2498 965 2578 quidam
985 2498 1158 2560 referendos
1181 2505 1305 2560 censent

99 2579 147 2643 has
166 2583 252 2646 Statii
273 2601 395 2646 uersus:

240 2666 320 2730 iliae
341 2669 397 2730 tibi
416 2678 487 2731 eota
504 2679 632 2749 patrare
653 2667 738 2730 credi
756 2683 957 2747 preeraaapue
976 2667 1069 2746 palea

241 2751 447 2815 remaritari
469 2756 541 2832 rapi,
563 2769 663 2816 mares
685 2760 714 2814 et
733 2752 819 2832 sacta
837 2755 980 2831 priorum

240 2837 359 2900 Dicere.
776 2835 862 2910 (Stat.
884 2834 934 2895 lib.
957 2834 991 2895 V.
1013 2832 1083 2895 Silr.
1105 2851 1133 2894 r.
1155 2834 1242 2909 488.)

90 2919 143 2982 Sed
164 2921 206 2982 ibi
230 2939 291 2982 non
313 2921 408 3000 agiam
429 2920 466 2982 de
486 2919 554 2982 ullis
574 2919 712 2999 precibus
733 2919 883 2981 monitare
904 2917 1000 2997 eliqua
1022 2925 1181 2997 praeeunte
1196 2915 1303 2978 recita-

89 3005 135 3066 tis.
179 3005 224 3066 hd
247 3025 298 3066 eas
318 3014 415 3068 aarum
433 3005 560 3085 propius
582 3004 695 3066 accedit
715 3003 762 3065 his
784 3003 898 3065 Plinius
919 3001 1035 3064 verbis:
1062 3001 1190 3064 Vr'ieaer
1213 3006 1304 3064 certia

85 3091 313 3169 precationibus
342 3092 514 3154 obsecrasse
541 3106 671 3160 sammaa
696 3093 895 3169 mapiatrates
921 3096 960 3158 et,
987 3105 1025 3148 ae
1053 3087 1123 3166 perid
1142 3087 1306 3148 verboram

87 3184 304 3252 praetereatur
330 3187 384 3238 aet
407 3184 642 3255 praeposteram
674 3173 805 3246 dicatur,
834 3173 868 3235 de
889 3175 1004 3252 scripta
1022 3175 1146 3252 praeire
1167 3170 1305 3252 alopecia,

90 3277 261 3340 terrasque
292 3259 386 3322 abbat
418 3258 583 3321 aratoriam.
597 3259 667 3320 dari
692 3260 745 3339 pati
771 3257 915 3328 attendat,
950 3255 1044 3318 aliam
1065 3273 1138 3317 aera
1156 3259 1309 3336 praepari

89 3349 140 3424 pei
158 3345 266 3425 sanni
284 3343 405 3424 lr‘rtpaia,
428 3343 456 3405 id
479 3350 526 3405 est
547 3351 653 3416 haere,
676 3343 776 3405 iub'eat
797 3341 883 3416 (Plia.
905 3339 1095 3402 lib.llllVlll.
1115 3339 1305 3402 Natumllist.

91 3445 152 3507 cap.
174 3431 230 3505 1.).
274 3427 307 3489 81
336 3427 403 3507 quis
435 3436 534 3490 tamen
556 3427 675 3488 obiiciat
695 3426 744 3488 hia
764 3425 800 3488 de
821 3425 987 3506 praestigiis
1014 3432 1133 3504 tumque
1154 3442 1306 3503 praenun-

91 3511 168 3573 tiatis
189 3511 312 3574 vocibus
343 3530 511 3574 sermonem
539 3512 664 3585 institui,
691 3510 718 3571 is
740 3519 819 3573 certe
840 3527 949 3590 negare
970 3507 1102 3588 nequibit
1120 3508 1307 3570 Plutarchum

91 3595 126 3657 de
153 3597 336 3660 solemnibus
364 3597 515 3676 gentilium
543 3596 761 3676 precationibus
782 3595 873 3675 loqui,
900 3593 951 3656 ubi
973 3594 1101 3656 manitas
1122 3611 1179 3655 nos
1200 3593 1306 3654 lenita

90 3679 182 3743 Numa
203 3681 352 3760 Pompilio
380 3690 567 3761 praeceptum
594 3681 698 3753 luisse,
726 3689 760 3742 ut
786 3699 853 3742 cunr
879 3679 1065 3757 magistratus
1088 3675 1306 3738 et·sacerdates
1409 3674 1415 3684 '

91 3765 199 3844 aliquid
227 3767 272 3828 rei
301 3765 417 3828 divinae
444 3767 561 3839 induat,
591 3763 744 3828 antecedat
769 3781 876 3842 praeeo
903 3781 937 3824 aa
962 3781 1067 3842 magna
1092 3779 1164 3822 roae
1186 3759 1306 3822 elamet:

92 3849 157 3911 llac
176 3869 249 3932 ape:
279 3842 419 3934 ὃκήρυξ
438 3845 574 3932 πρόεισι
594 3843 716 3932 μεγάλῃ
740 3847 844 3932 φωνῇ,
868 3841 906 3910 da
927 3839 986 3930 ὅγε
1008 3844 1166 3918 (Plutarch.
1190 3850 1261 3905 tom.
1284 3841 1307 3906 1.

91 3933 207 3997 inlita
229 3934 339 3997 Carial.
361 3952 391 4015 p.
413 3937 510 4012 bib).
545 3934 667 3997 lubebat
687 3940 783 3994 summ
806 3952 841 3993 ea
861 3950 943 4006 vace,
966 3931 1069 4010 iuquit,
1093 3946 1197 3990 omnes
1217 3927 1307 3990 rebus

93 4018 196 4082 divinis
220 4037 288 4082 esse
310 4019 440 4082 intentos
462 4037 519 4080 nec
540 4019 598 4080 ulla
621 4036 711 4098 apere
732 4025 783 4078 aut
803 4015 921 4096 negotio
943 4013 1132 4095 interpellari.
1171 4012 1235 4074 lluc
1255 4029 1306 4074 ec·

93 4101 170 4166 cadit
189 4103 346 4178 luvenalis,
378 4103 428 4183 qui
455 4103 493 4165 de
521 4103 629 4166 lamina
655 4102 757 4164 lanum
777 4102 964 4181 Vestamque,
997 4108 1030 4162 ut
1050 4096 1144 4160 Pollio
1165 4097 1326 4178 vhmret„

92 4197 212 4266 rogante
232 4189 307 4252 haee
326 4188 447 4250 cecinit:

241 4317 251 4339 .
274 4319 282 4336 .
306 4317 315 4335 .
337 4271 429 4336 Stetit
448 4283 519 4336 ante
539 4289 626 4335 arare
646 4287 701 4333 aea
722 4279 811 4350 turpe
828 4274 951 4349 putauit

240 4357 305 4421 Pro
327 4357 446 4420 cithara
466 4357 568 4420 velare
589 4366 688 4438 caput,
711 4356 879 4434 dictataque
899 4353 993 4416 cerba

240 4441 387 4514 Protulit,
408 4453 528 4504 atenac
550 4452 604 4504 eat.
751 4437 890 4514 (luvenal.
907 4436 1054 4498 Saticvl.
1070 4435 1243 4516 postmed.)

96 4521 162 4596 hdi,
182 4525 309 4590 siverat
330 4534 361 4588 et
381 4525 471 4600 lubet,
492 4525 679 4587 Brissanium
700 4524 731 4586 in
752 4542 809 4585 suo
830 4523 868 4584 de
888 4521 1035 4584 Parmalis
1056 4521 1133 4583 libra
1160 4520 1307 4594 (Brissan.

96 4603 150 4670 lib.
168 4609 203 4672 lb
224 4612 261 4676 de
281 4611 382 4676 Form.
409 4630 438 4692 p.
462 4612 537 4690 68).
578 4609 688 4674 Verum
715 4607 876 4671 Christiani
907 4607 993 4670 talem
1023 4625 1085 4670 non
1117 4603 1309 4670 admittebant
