3020 5230
425 380 560 455 lucrose
582 403 624 446 ιο.
647 403 710 448 ssu.
732 403 868 450 sennes.
1208 381 1272 454 629

29 551 174 626 solebant,
208 568 244 612 eo
280 550 485 612 vehementius
519 549 678 614 vellicaret
712 549 834 628 Spernit
870 549 960 630 igitur
996 551 1115 614 codices
1148 573 1272 634 graecos

30 635 115 714 quasi
137 641 304 712 corruptos,
327 641 415 714 atque
437 633 481 694 sic
502 641 609 712 posset
631 633 707 694 ratio
730 634 874 711 quaedam
901 634 996 708 reddi,
1032 655 1084 698 cin
1113 655 1266 717 nunquam

30 719 188 781 lectionem
225 718 351 796 aliquem
383 715 557 779 auctoritate
592 735 765 795 graecorum
795 718 931 779 codicum
959 719 1165 784 confirmatum
1201 733 1267 798 eat;

30 802 191 866 contemsit
214 800 290 862 nltm
314 809 344 864 et
365 801 463 862 dedita
486 817 576 880 opera
599 819 722 879 graecos
746 801 875 876 codices,
905 821 981 881 qnos
1010 803 1122 864 sciebat
1144 824 1212 866 esse
1232 807 1264 868 in
1326 801 1330 809 '

31 886 168 948 manibus
198 883 426 957 Catholicorum,
464 901 538 962 quos
572 883 630 945 iam
659 885 855 947 adversarios
889 903 961 946 suos
991 895 1130 966 expertus
1158 889 1265 951 iuerat.

29 971 93 1032 llac
121 970 185 1032 sola
213 969 329 1032 ratione
356 976 457 1047 potest
484 967 556 1028 illud
585 967 733 1048 explicari,
767 988 819 1032 cur
847 987 908 1030 non
936 970 1033 1032 solum
1061 971 1110 1032 bic
1138 971 1267 1051 scriptor

31 1061 148 1115 tueatur
177 1061 207 1114 et
234 1052 372 1114 defendat
397 1051 573 1126 lectionem,
607 1051 751 1131 aliamque
785 1053 863 1114 dicat
897 1071 966 1114 esse
997 1061 1181 1135 corruptam,
1211 1057 1266 1118 sed

31 1138 120 1199 etiam
142 1140 192 1216 qul
214 1135 273 1209 liat,
301 1144 333 1198 ut
361 1143 407 1196 tot
427 1134 477 1196 alii
498 1135 581 1196 latini
618 1135 792 1216 scriptores,
825 1137 894 1200 licet
921 1138 1062 1200 sciverint
1089 1147 1193 1218 postea
1216 1140 1264 1202 di-

30 1221 203 1284 tersitatem
226 1226 255 1280 et
275 1219 447 1280 varietatem
462 1237 528 1280 esse
549 1219 581 1280 iu
596 1219 709 1297 graccis
724 1220 887 1294 codicibus,
911 1229 1008 1284 tamen
1023 1241 1115 1302 porro
1132 1241 1261 1303 semper,

30 1305 116 1384 qnasi
138 1303 212 1366 nihil
234 1302 389 1382 quicquam
411 1304 450 1364 ad
470 1320 523 1364 eos
546 1303 702 1382 pertineat,
732 1305 850 1372 tarnem
879 1305 1038 1384 pristinam
1059 1307 1265 1368 recensionem

31 1388 184 1450 mordicus
216 1386 402 1450 retinuerint
457 1386 547 1449 Forte
579 1387 637 1448 iam
670 1388 729 1450 boc
757 1388 857 1450 seculo
886 1389 923 1450 ll.
953 1389 1048 1452 divisa
1069 1391 1181 1452 Romae
1209 1390 1266 1456 luit

31 1471 158 1534 ecclesia
180 1469 308 1546 illorum,
331 1470 381 1551 qni
403 1489 508 1549 graece
529 1470 726 1550 loquebantur
748 1481 778 1533 et
798 1472 910 1550 graecis
926 1473 1078 1536 codicibus
1094 1474 1263 1546 utebantur,

30 1556 68 1616 ab
93 1555 215 1616 ecclesia
237 1555 355 1627 borum,
393 1555 443 1634 qui
471 1555 560 1616 latina
588 1555 687 1634 lingua
719 1564 748 1616 et
768 1556 857 1618 latina
880 1557 1074 1618 translatione
1097 1557 1263 1619 utebantur.

32 1639 70 1700 lli
93 1639 198 1711 Latini,
222 1639 289 1717 qnia
305 1656 366 1700 non
381 1637 558 1718 ignorabant
580 1639 801 1703 bausiaticuem
824 1640 997 1712 anctoritate
1020 1659 1087 1704 esse
1104 1641 1264 1704 secundant

33 1731 65 1784 et
86 1723 248 1796 minorem,
279 1723 335 1784 hac
366 1741 459 1802 porro
488 1723 602 1784 ratione
631 1723 810 1803 singularem
839 1726 1049 1804 praestantiam
1078 1724 1175 1786 latinis
1200 1725 1262 1786 suis

33 1805 200 1869 codicibus·
211 1806 397 1868 conciliatum
420 1807 546 1879 iverunt,
570 1807 650 1885 quod
672 1825 764 1870 novas
787 1808 901 1887 glossas
929 1809 978 1870 bic
1000 1808 1040 1870 ibi
1063 1809 1263 1881 inseruerunt,

32 1890 141 1968 quibus
170 1889 266 1968 graeci
293 1889 360 1950 libri
382 1889 423 1950 illi
445 1890 603 1963 carebant;
637 1891 692 1952 bac
720 1892 834 1954 ratione
862 1892 1060 1971 praestantiae
1087 1891 1264 1970 praecipuae

31 1973 153 2052 aliquod
175 1973 268 2034 instar
289 1973 416 2034 accessit
437 1975 473 2034 ad
495 1974 552 2034 bos
583 1973 677 2036 libros
705 1975 832 2049 latinos,
866 1984 954 2054 atque
985 1975 1058 2037 haec
1089 1983 1148 2036 tam
1177 1981 1262 2035 verm
1326 2043 1331 2056 ‚

33 2056 195 2127 accusatio,
218 2065 376 2134 corruptos
399 2075 467 2116 esse
488 2057 582 2118 libros
604 2075 726 2136 graecos
748 2077 803 2137 per
824 2059 1005 2131 haereticos,
1036 2077 1072 2119 eo
1094 2057 1208 2118 lacilins
1231 2058 1263 2120 in

33 2140 179 2202 memoria
199 2140 358 2202 latinorum
381 2140 561 2218 scriptorum
582 2141 695 2216 haesit,
733 2142 801 2219 quia
830 2142 938 2204 invidia
971 2141 1056 2220 quasi
1085 2143 1210 2220 quadarn
1231 2141 1263 2202 in
1290 2197 1294 2204 .

32 2243 157 2304 graecos
188 2223 371 2295 laborabant,
408 2223 458 2303 qni
495 2225 678 2304 archetypos.
697 2225 814 2304 quidem
847 2225 941 2286 libros
974 2243 1076 2288 sacros
1109 2225 1262 2297 baberent,

34 2327 156 2386 graccos
180 2307 274 2386 ipsos,
298 2307 354 2368 sed
374 2307 472 2370 minus
495 2308 597 2369 lideles
621 2315 708 2388 atque
730 2309 873 2388 integros,
907 2317 1064 2388 comuptos
1086 2310 1188 2388 potins
1215 2317 1262 2369 at-

35 2411 93 2471 que
115 2392 213 2452 minus
235 2391 376 2470 copiosos
400 2401 430 2452 et
450 2393 624 2470 frugiferos,
654 2411 740 2471 quam
763 2393 937 2456 Latinorum
959 2393 1026 2456 libri
1049 2401 1159 2484 essent
1203 2391 1263 2454 Sed

32 2478 72 2536 dc
95 2476 141 2538 illa
164 2494 250 2536 causa
270 2493 362 2553 porro
384 2475 520 2555 pluribus
542 2477 687 2556 agendum
711 2485 765 2539 est.

609 2681 638 2754 s.
661 2677 694 2738 v.

120 2793 258 2856 Pluribus
282 2793 362 2856 cuim
384 2791 457 2852 locis
480 2793 568 2852 nobis
591 2812 668 2873 opus
691 2802 746 2865 est,
775 2799 808 2854 ιιι
834 2791 952 2853 tandem
981 2809 1016 2851 en
1041 2789 1107 2850 istis·
1130 2787 1262 2848 tenebris

31 2879 144 2958 aliquid
166 2878 239 2940 lucis
262 2875 431 2956 perspicere
453 2875 611 2954 contingat.
654 2875 747 2954 Igitur
770 2873 861 2936 Galat.
885 2875 920 2934 ll.
944 2873 1001 2934 iam
1023 2871 1262 2950 designationum

31 2966 128 3026 istum
158 2963 255 3024 locum
285 2959 421 3021 similiter
449 2959 536 3039 paulo
566 2959 734 3038 diligentius
763 2965 899 3020 excutere
921 2955 1037 3018 videtur
1059 2974 1168 3034 operae
1189 2973 1261 3033 pre-

34 3049 121 3120 tium,
150 3045 217 3125 quia
239 3063 330 3124 porro
353 3043 585 3116 confirmabitur,
614 3044 694 3122 quod
715 3043 854 3116 diximus,
886 3042 966 3102 buno
993 3039 1171 3118 scriptorem
1193 3047 1288 3128 tan-¹

33 3143 100 3192 tum
121 3130 211 3192 latino
234 3136 314 3190 textu
337 3145 435 3204 nsum,
464 3137 549 3206 atque
579 3127 681 3189 vel'in
710 3127 882 3207 quaestione
911 3125 948 3185 de
977 3123 1064 3184 variis
1085 3121 1262 3184 lectionibus

31 3227 123 3296 atque
146 3215 181 3276 de
204 3211 397 3294 praeferenda
420 3211 581 3292 scriptione
604 3212 729 3291 quadam
757 3211 793 3272 ad
821 3210 955 3270 codicum
983 3225 1156 3286 graecorum
1182 3224 1262 3266 nun·
1328 3225 1336 3240 ·

34 3389 138 3435 illorum.
173 3385 242 3434 Porro
268 3385 290 3432 si
314 3388 375 3442 sunt,
403 3397 450 3432 can
475 3382 536 3430 oliae
560 3389 625 3432 erum
676 3380 851 3430 Tertullianum
871 3379 958 3441 legisse
977 3375 1066 3440 aliquid
1085 3375 1156 3425 buius
1175 3373 1262 3424 lliltia·

34 3469 106 3518 quom
131 3467 188 3515 quoe
207 3457 367 3500 retractantur.
403 3449 472 3498 licaeo
491 3455 538 3498 tom
565 3450 625 3497 otio·
676 3444 735 3497 dis?
770 3447 882 3496 lliltiadis
906 3445 998 3508 aliquas
1022 3445 1166 3508 scriptiones
1186 3441 1262 3492 Euse-

35 3535 78 3568 sns
96 3523 169 3580 [ιιιιιι
187 3519 248 3578 stilo,
276 3523 300 3566 ιιι
318 3518 426 3566 materias
442 3517 529 3565 lobene
546 3517 624 3578 depol.
676 3516 730 3564 bins
749 3529 776 3564 er
795 3514 910 3563 Rbodone
928 3513 1044 3570 nominat,
1068 3519 1149 3560 contra
1170 3509 1263 3559 Μοιιιι-

36 3589 114 3636 Totus
139 3586 177 3634 laic
200 3585 269 3634 locus
292 3583 384 3633 ridetur
407 3583 497 3648 aliquid
524 3584 624 3632 monstri
676 3597 742 3642 nom,
770 3582 904 3632 Priscillam
932 3588 956 3630 et
982 3578 1149 3636 Maximillam,
1178 3585 1262 3628 contre
1342 3616 1347 3624 .

1 3673 3 3696 ι
36 3655 149 3716 prodere.
186 3653 210 3700 Si
229 3652 310 3702 omnis
329 3652 419 3700 ltoosee
437 3650 544 3714 alibique
562 3651 625 3700 aire·
675 3659 759 3712 gentes
783 3658 806 3698 et
832 3649 942 3706 ludaeos,
965 3647 1008 3698 ead
1034 3653 1115 3694 contra
1136 3643 1262 3718 Gnosticqs

35 3723 95 3770 bant
126 3721 236 3770 homines
262 3718 389 3775 baeretici,
414 3733 456 3766 eos
481 3717 553 3776 igitur
576 3731 624 3766 non
677 3724 718 3766 aut
735 3717 876 3766 llaereticos
895 3713 961 3762 nibil.
998 3713 1046 3761 Cur
1064 3725 1121 3770 ergo
1141 3710 1179 3757 lnc
1198 3722 1261 3783 excr-

1 3815 2 3835 t
36 3789 106 3837 stilus
124 3784 287 3834 Tertullianus
305 3790 417 3842 noverat;
437 3782 565 3830 Christiani
585 3783 624 3830 alii
678 3789 749 3840 tatur,
777 3783 845 3844 qnasi
871 3780 995 3844 scripserit
1021 3777 1134 3826 adsersus
1157 3773 1262 3822 Valenti·

1 3882 2 3904 t
34 3853 149 3902 similiter
168 3848 625 3899 bancbaeretieamcansamsciebant.
678 3845 786 3898 alanos?
822 3847 913 3896 irenaei
933 3861 1004 3896 cansa
1023 3842 1134 3892 similiter
1153 3847 1261 3889 monstro

36 3924 122 3982 itaqua
140 3932 187 3967 nou
206 3914 371 3975 intelligimus,
390 3929 436 3977 qna
455 3915 625 3962 rationeamo·
677 3929 725 3964 oon
744 3921 819 3974 caret,
837 3923 862 3963 nt
878 3913 1020 3976 paulopost
1035 3909 1183 3968 ridebimus;
1201 3907 1261 3958 adeo

37 3989 111 4036 liatnr
128 3985 168 4034 bic
185 3983 291 4045 scriptor
309 3995 361 4030 eam
380 3981 554 4044 suspicionem,
579 3995 624 4044 qua
677 3979 840 4033 Tertullianus
859 3981 984 4044 exscripsit
1002 3975 1074 4026 latine
1092 3975 1158 4038 quod
1176 3976 1199 4022 in
1212 3974 1263 4022 lre·

37 4053 86 4102 dici
115 4052 167 4115 ipse
199 4050 278 4114 possit
303 4048 349 4098 sibi
376 4050 473 4098 linxisse
505 4047 626 4096 materies.
669 4063 738 4108 ,naso
758 4049 843 4110 legitur
861 4062 954 4109 graece,
979 4045 1033 4108 ipso
1052 4052 1131 4118 tamen
1150 4055 1197 4088 non
1217 4054 1262 4089 uc-

39 4123 116 4169 l’orro
140 4119 191 4183 ipse
212 4116 252 4165 iile
271 4115 380 4165 delensio
399 4124 436 4164 est
453 4115 512 4164 satis
532 4114 625 4164 medio·
678 4115 775 4164 minato.
807 4115 923 4164 Proculus
941 4121 1019 4161 antem
1039 4109 1088 4168 ille,
1107 4123 1126 4157 si
1147 4109 1207 4183 torte
1226 4113 1264 4155 est

1 4224 3 4248 ,
38 4189 88 4236 cris
107 4193 130 4235 et
148 4183 283 4234 imbecillis.
314 4182 397 4232 lostini
416 4181 481 4232 illins
499 4183 625 4245 scriptoris
677 4181 787 4242 Procles,
807 4182 912 4244 pertinet
929 4181 958 4228 sd
977 4175 1140 4227 Montanistas.
1176 4174 1262 4223 ilrer'o-

38 4267 138 4304 cansam
162 4253 239 4316 ipsam
263 4250 353 4300 seimus
378 4265 432 4299 esse
450 4249 509 4300 satis
527 4249 624 4298 dubiam
676 4263 762 4314 aymus
781 4249 838 4298 nibil
858 4248 910 4298 cios
928 4247 964 4296 rei
982 4245 1048 4302 dixit,
1064 4241 1130 4320 qnod
1145 4241 1263 4304 eloquen-

38 4333 111 4386 ntqne
141 4318 284 4383 ancipitem}
318 4319 370 4368 eius
402 4318 499 4368 nomina
531 4318 625 4367 conficti
677 4318 723 4366 tias
742 4317 887 4368 christianae
905 4313 1044 4376 dignitatem
1062 4325 1086 4360 ιιι
1105 4316 1262 4385 suspectare

38 4397 97 4440 saint
113 4388 174 4439 tales
193 4385 278 4444 libclli,
299 4399 329 4433 eo
348 4385 458 4443 consilio,
477 4391 503 4434 nt
520 4385 625 4434 auctori·
677 4383 764 4435 iubeat
789 4383 863 4444 lgitnr
881 4395 929 4430 non
948 4387 985 4430 cst
1003 4377 1069 4428 urrlla
1086 4390 1262 4452 susprcrocon-

38 4465 87 4507 tate
106 4457 158 4506 eins
176 4468 251 4520 porro
269 4451 340 4502 liceat
357 4453 398 4502 nti.
419 4447 625 4502 Miltiadesrero?
676 4451 773 4501 finxisse
791 4448 965 4500 Tertullianum
989 4444 1108 4514 scribendi
1134 4457 1262 4506 argumen-

38 4525 126 4588 ecqoid
144 4523 241 4574 tandem
264 4520 325 4572 iilnd
348 4527 395 4581 est,
420 4521 568 4572 ecclesiarum
585 4535 625 4569 ao·
676 4526 736 4580 tum,
754 4525 780 4570 nt
798 4517 889 4568 laeana
906 4515 1090 4566 declamatores.

1 4629 3 4654 ,
34 4593 135 4656 pbietai
163 4590 222 4656 qnid
250 4588 348 4640 tandem
377 4583 435 4642 esti
479 4587 624 4640 Putemnsna
