3020 5230
419 415 554 467 sacrans
575 415 617 460 ro.
641 397 716 458 sin(
729 417 853 478 sartan.
1005 443 1008 448 ,
1029 371 1054 429 ’ς’
1187 405 1249 468 ost

174 565 294 616 ldrersns
311 565 465 633 llereicaem.
686 557 688 562 ’
830 567 951 617 ldrersus
970 567 1079 618 ludaeos.

6 650 99 728 pisum
116 650 232 712 scilicet
247 660 277 713 et
291 651 410 712 damaim
424 659 453 732 et
463 653 611 712 ciuitatem
661 650 823 729 sapientem
839 650 1040 726 architectum,
1056 652 1105 732 quii
1120 654 1253 718 aedificat

6 735 79 795 Dei.
121 733 196 794 Nam
213 734 317 795 exinde
333 737 416 815 apud
429 734 500 796 illus
516 735 610 798 cletti-
661 733 826 808 ecclesiam,
842 735 900 797 liei
914 735 1055 818 templum
1066 746 1093 798 et
1104 742 1251 802 ciuitatem

6 824 45 879 tit
64 817 123 878 Dei
140 819 244 896 gratia,
263 827 293 878 et
305 818 473 880 mandatum
489 827 537 879 est
550 838 609 879 nu·
661 831 798 880 sanctam
823 830 852 880 et
872 821 991 881 domum
1016 822 1136 883 domini.
1177 823 1250 886 Nam

6 903 120 975 bibus,
147 921 186 962 ne
212 903 349 981 pluerent
373 902 498 964 imbrem
521 921 612 982 super
662 903 767 964 exinde
791 905 903 966 destitit
924 907 1005 984 apud
1027 905 1097 967 illos
1113 905 1165 967 llei
1180 895 1250 986 gra-

6 988 131 1048 vineant
141 985 264 1060 Sorech,
276 985 360 1048 idest
370 986 609 1070 epelestibushe-
663 987 711 1048 tia.
741 987 778 1046 Et
798 987 966 1048 mandatum
986 997 1031 1050 est
1045 989 1189 1064 nubibus,
1212 1012 1249 1054 ne

6 1071 145 1142 nelleiiS,
168 1089 206 1131 ne
226 1071 416 1149 provenirent
437 1071 537 1132 domui
560 1071 610 1133 ls-
660 1071 797 1150 pluerent
817 1071 940 1134 imbrem
957 1091 1047 1152 super
1060 1075 1175 1135 vineam
1191 1075 1249 1136 So-

6 1157 122 1218 raelis.
147 1155 270 1216 Fecerat
281 1155 359 1216 enim
371 1154 483 1234 spinas,
495 1156 608 1234 exqui-
661 1156 748 1228 rech,
776 1156 805 1216 id
834 1164 879 1216 est
903 1157 1078 1218 caelestibus
1100 1159 1250 1222 benefieiis

6 1239 69 1300 bus
96 1241 253 1302 dominum
274 1247 480 1301 coronaverat:
505 1247 536 1300 et
550 1242 610 1299 non
660 1257 698 1301 ne
720 1240 911 1319 provenirent
931 1241 1030 1302 domui
1050 1242 1160 1305 lsrail.
1192 1245 1249 1305 Fe-

5 1323 173 1397 iustitiam,
186 1324 238 1384 sed
249 1323 417 1396 clamorem,
429 1341 487 1402 que
496 1323 528 1384 in
539 1341 609 1384 eru·
661 1333 740 1385 cerat
755 1325 833 1386 eninr
849 1325 962 1406 spinae,
978 1345 1011 1386 ex
1028 1326 1136 1405 quihus
1161 1329 1251 1390 Chri-

6 1427 77 1468 cem
107 1426 177 1468 eum
200 1415 372 1469 extorserat.
411 1407 450 1467 Et
474 1408 514 1468 ita
535 1408 609 1470 suh·
660 1418 740 1470 stum
760 1418 959 1484 coronaverat,
980 1418 1009 1471 et
1023 1429 1083 1471 non
1098 1411 1250 1484 iustitiam,

6 1493 118 1554 tractis
137 1493 353 1555 charismatum
369 1493 502 1565 roridos,
518 1492 563 1552 lex
580 1500 610 1552 et
661 1492 713 1552 sed
736 1491 906 1566 clamorem,
927 1513 986 1573 quo
1003 1493 1032 1554 iu
1051 1513 1167 1556 crucem
1183 1515 1250 1558 eum

6 1578 180 1656 prophetae
196 1595 289 1656 usque
304 1577 340 1636 ad
351 1575 522 1638 lohannem.
547 1577 609 1638 De·
659 1585 840 1651 extorserat,
870 1586 899 1638 ct
928 1577 967 1639 ita
993 1578 1153 1640 subtractis
1179 1582 1251 1642 eha-

9 1662 84 1722 hiuc
107 1679 175 1723 cum
198 1680 231 1721 ea
253 1661 473 1740 perseverantia
489 1648 609 1734 luroris,
660 1667 795 1723 rr'smatis
808 1663 968 1743 prioribus
982 1662 1029 1722 lex
1045 1671 1074 1723 et
1088 1665 1250 1744 prophetae

8 1759 41 1808 et
58 1763 171 1806 nomen
184 1743 294 1806 domini
309 1763 363 1825 per
374 1744 457 1824 ipsos
468 1744 608 1823 blasphe-
659 1747 800 1824 usquead
812 1747 1110 1808 lohanuernluerant.
1136 1747 1174 1811 m
1182 1753 1249 1828 pi's-
1269 1799 1274 1810 .

7 1839 157 1903 meretur,
181 1829 257 1890 sicut
279 1829 420 1908 scriptum
442 1837 503 1890 est:
531 1829 609 1889 Pro·
662 1835 730 1892 cina
745 1831 905 1892 Bethsaida
927 1850 1021 1912 usque
1036 1833 1076 1892 ad
1089 1833 1250 1895 aduentum

8 1923 80 1993 pter
96 1933 152 1986 vos
166 1913 609 1994 hlaspheruaturnomeunte-
663 1914 777 1976 Christi
802 1915 938 1976 curando
971 1915 1191 1978 invaletudines
1212 1917 1250 1979 ah

8 2017 64 2058 um
81 2003 114 2058 iu
130 1999 314 2068 notionibus,
330 1996 366 2056 ab
381 1997 439 2057 illis
451 1997 528 2058 enim
542 1993 610 2059 cie·
661 1997 776 2069 lsrael,
806 1999 893 2060 desiit
920 2017 937 2058 a
960 2000 1109 2079 heneficiir
1135 2000 1248 2071 deinde.

6 2087 60 2162 pit
85 2083 220 2144 infamia:
246 2091 275 2142 et
300 2089 416 2159 tempus
442 2081 571 2142 medium
593 2099 609 2142 a
660 2099 726 2143 curu
753 2101 789 2143 ex
811 2083 1030 2161 perseverantia
1055 2083 1164 2144 suroris
1190 2088 1248 2157 sui,

10 2166 138 2227 Tiberio
154 2184 247 2245 usque
262 2164 297 2226 ad
313 2165 535 2244 Vespasianum,
547 2184 610 2228 uon
660 2185 769 2227 nomen
792 2166 903 2228 domini
927 2186 982 2247 per
1003 2167 1087 2245 ipsos
1108 2166 1248 2246 blasphe-

6 2255 231 2331 paenitenticm
266 2249 495 2322 intellexissent,
535 2252 609 2311 iacta
658 2259 805 2312 meretur:
828 2251 905 2312 sicut
925 2251 1067 2330 scriptum
1084 2259 1140 2320 est,
1155 2270 1249 2331 prop-

12 2343 62 2395 est
87 2342 166 2396 terra
189 2353 292 2395 eorum
314 2333 446 2406 deserta,
475 2334 608 2395 civitates
659 2343 705 2396 ter
732 2355 786 2395 ans
813 2354 921 2398 nomen
947 2331 1003 2396 Dei
1022 2335 1251 2415 blasphematur

13 2439 123 2480 eorum
153 2427 289 2492 exustae,
321 2417 473 2496 regionem
503 2437 609 2481 eornm
658 2422 859 2498 ingentibus.
895 2418 939 2479 Ab
961 2417 1018 2480 illis
1044 2421 1121 2479 enirn
1144 2423 1250 2498 incipit

12 2505 72 2565 suh
88 2509 226 2585 ipsorum
238 2511 399 2583 conspectu
414 2502 545 2563 extranei
557 2503 609 2564 tle-
658 2503 788 2575 infamia,
805 2513 835 2564 ct
849 2511 965 2581 tempus
981 2503 1110 2564 medium
1126 2521 1141 2563 a
1157 2503 1248 2562 'libe-

12 2599 138 2658 oarant,
161 2587 299 2648 derelicta
316 2585 373 2646 lilia
389 2587 472 2658 Sion,
495 2596 524 2647 et
539 2593 606 2646 tan-
657 2587 704 2647 rio
727 2588 879 2665 usquead
901 2587 1125 2664 Vespasianum.
1147 2587 1250 2660 ,Quae

13 2691 103 2752 quarn
121 2671 239 2750 specula
254 2670 285 2730 in
300 2671 396 2744 vinea,
411 2670 455 2730 rel
472 2669 501 2730 in
517 2688 606 2730 nacu-
658 2689 725 2732 uim
739 2677 782 2731 itu
792 2675 1009 2732 commisissent
1019 2688 1073 2731 nec
1085 2669 1248 2730 intellexis-

12 2755 144 2818 mernrio
167 2755 276 2827 casula,
299 2773 335 2815 ex
351 2773 410 2833 quo
433 2754 544 2814 scilicet
559 2752 606 2812 ls-
658 2761 728 2816 sent
744 2755 895 2816 Chm'stum
913 2757 945 2813 in
965 2765 1097 2832 tempure
1113 2771 1186 2814 suae
1201 2758 1250 2814 vi-

13 2840 79 2902 rael
95 2840 246 2901 dominum
262 2857 323 2900 uon
339 2838 486 2916 cognovit,
505 2845 534 2898 et
547 2855 606 2916 po·
658 2840 811 2898 strationis
841 2837 1068 2909 inveniendum,
1091 2837 1173 2896 iacta
1202 2841 1251 2898 est

13 2925 105 3005 polus
121 2943 187 2985 eum
203 2942 263 2984 non
279 2921 432 2993 intellexit,
449 2921 502 2981 sed
518 2920 606 2982 dere·
657 2929 736 2982 terra
752 2938 855 2980 eorum
871 2920 986 2980 deserta
1003 2927 1032 2980 et
1046 2917 1178 2979 ciuitates
1194 2937 1248 2979 eo-

13 3009 113 3088 liquit,
128 3017 157 3070 et
171 3012 203 3070 in
219 3006 449 3085 indignationem
461 3023 607 3085 provoca·
657 3023 723 3065 runt
746 3009 809 3082 igni
828 3010 958 3064 exustae.
988 3003 1149 3080 Regionem
1166 3008 1250 3082 ipso-

12 3095 58 3155 uit
80 3100 211 3154 sanctum
238 3091 376 3153 israelis.
413 3089 462 3150 Sic
488 3097 516 3150 et
542 3107 606 3149 ma·
658 3107 729 3150 rum
749 3094 781 3150 iu
803 3097 964 3169 conspectu
989 3105 1092 3148 eorum
1118 3088 1249 3148 extranei

16 3181 140 3240 chaerae
166 3174 379 3238 conditionalis
406 3173 608 3246 comminatio,
660 3173 856 3234 devorantes:
877 3170 1013 3232 derelicta
1036 3183 1082 3234 est
1102 3171 1159 3232 lilia
1176 3171 1249 3232 Sion

16 3263 48 3324 Si
66 3261 219 3323 nolueritis
235 3279 290 3321 nec
304 3257 456 3320 audieritis
472 3277 525 3329 me,
541 3275 608 3318 ma·
657 3267 795 3336 unquam
824 3255 942 3335 specula
969 3255 999 3315 in
1024 3255 1123 3326 uinea,
1145 3254 1190 3316 vel
1214 3267 1251 3320 ut

18 3349 128 3410 charra
142 3363 195 3408 aas
208 3343 352 3412 comedet,
368 3341 504 3422 probavit
520 3341 606 3402 Chri-
658 3341 688 3401 in
705 3340 905 3402 cucumerario
921 3339 1034 3426 casula:
1056 3339 1098 3400 Ex
1113 3358 1172 3418 quo
1188 3339 1248 3400 sei·

17 3441 96 3494 stum
121 3430 230 3504 luisse,
254 3447 342 3508 quem
367 3445 428 3488 non
461 3426 607 3488 audiendo
658 3425 832 3486 licctlsrael
848 3424 1004 3485 Dominum
1025 3443 1085 3484 non
1103 3423 1249 3503 cognorit,

17 3515 177 3598 perierunt.
208 3513 266 3586 Qui
287 3521 317 3574 et
336 3513 367 3573 in
388 3512 503 3590 psalmo
519 3515 609 3592 quin·
660 3517 690 3570 et
709 3511 838 3590 populus
859 3528 927 3570 enm
948 3525 1008 3569 non
1024 3507 1174 3579 intellexit,
1195 3508 1249 3568 sed

16 3603 181 3683 pauperimo
194 3609 299 3660 octauo
312 3597 531 3676 dispersionem
544 3595 609 3656 eius
658 3594 816 3674 dereliquit
835 3599 944 3672 magis,
966 3599 995 3653 et
1016 3593 1055 3654 ad
1070 3591 1249 3670 indignatio-

17 3682 144 3766 postulat
166 3701 182 3742 a
204 3689 297 3761 patre.
333 3681 475 3760 Disperge
497 3699 551 3740 eos
577 3675 620 3739 in‘
657 3697 725 3738 nem
742 3673 1178 3758 provocavitsanctumlsratl.
1200 3673 1250 3734 Sic

18 3769 125 3829 uirtute
158 3773 216 3824 tua.
262 3763 320 3835 Qui
352 3771 382 3823 et
411 3781 524 3824 rursus
553 3780 608 3841 per
658 3770 687 3822 et
709 3763 879 3822 machaerae
899 3757 1105 3820 conditionalis
1123 3754 1249 3817 commi-

21 3849 133 3911 Esaiam
149 3854 179 3908 iu
195 3847 380 3907 exustionem
396 3863 497 3906 eorum
510 3862 606 3925 pero-
655 3845 752 3905 natio:
779 3843 811 3904 Si
827 3841 992 3914 nolueritis,
1008 3858 1063 3902 nec
1077 3839 1249 3900 obaudieri-

22 3950 114 3996 rans:
134 3937 255 4008 propter
271 3947 318 3989 me
333 3928 415 3999 haee,
437 3927 542 4006 inquit,
560 3928 604 3987 la·
656 3927 706 3996 tis,
727 3925 847 4006 pladiue
869 3944 923 3986 ros
946 3924 1093 3996 comedet,
1111 3921 1249 4001 probarit

24 4026 68 4080 cta
94 4023 160 4074 sunt
182 4013 299 4074 vobisz'
314 4012 344 4073 in
365 4012 511 4072 anxietate
532 4011 605 4071 dor·
657 4009 808 4071 Christum
823 4009 927 4082 luisse,
943 4025 1103 4088 quemnon
1124 4005 1248 4066 audien-

21 4099 125 4164 mietis.
657 4093 696 4153 do
716 4094 880 4174 perierunt,
902 4092 952 4172 qui
974 4101 1003 4152 et
1018 4090 1048 4150 in
1067 4089 1185 4151 Psalmo
1200 4088 1248 4150 di·

67 4183 182 4256 (Cetera
201 4199 277 4262 puae
297 4192 405 4242 cantra
421 4177 606 4241 Marcionem
657 4178 844 4256 spersionem
876 4181 941 4239 eius
970 4173 1100 4253 postulat
1124 4191 1140 4234 a
1166 4180 1249 4252 patre

25 4271 215 4348 disputantur
238 4285 257 4326 a
279 4264 358 4327 lihro
385 4265 454 4324 ado.
475 4262 604 4325 ludaeos
657 4262 774 4323 dicens:
791 4261 928 4338 disperge
942 4259 1009 4320 illos
1025 4258 1055 4318 in
1070 4257 1247 4318 uirtutetua.

24 4355 150 4428 Μ)
653 4343 714 4488 n
730 4352 760 4405 )
775 4363 902 4490 retr
916 4339 1247 4504 erestein:-

675 4446 720 4489 em
737 4447 773 4489 eo
896 4447 938 4488 a.
1167 4471 1175 4496 ‚
1230 4459 1246 4471 ·

652 4512 727 4591 quit,
749 4512 822 4573 haec
844 4511 918 4571 lacta
938 4517 1007 4571 sunt
1023 4507 1125 4570 vohis:
1148 4508 1248 4569 inan-

650 4595 758 4658 xietate
773 4593 939 4656 dormietis.

13 4687 14 4692 ¹
61 4703 208 4750 intraturam
223 4713 275 4749 arr.
288 4713 326 4748 n.
341 4711 441 4748 οιιιιι.
470 4699 534 4746 τοι.
546 4697 585 4744 nt.
1000 4690 1034 4744 tt
