3132 5238
488 383 622 430 taurona
644 385 749 428 uooao
771 383 907 430 emessa.
1262 367 1304 431 29

91 536 116 596 in
135 533 248 596 sanetis
275 533 410 612 agnoseit
436 533 514 596 idem
534 534 568 596 B.
590 533 788 614 Hieronymus
808 533 902 613 Epist.
925 535 960 596 ad
982 533 1097 597 Damas.
1120 532 1157 594 de
1179 533 1304 612 prodigo

91 620 209 697 utrugt
233 618 324 695 liliis),
346 619 399 680 sed
422 627 451 680 et
471 619 713 692 contumeliarum
733 619 953 681 nomenclatura
967 619 1032 697 ipse
1045 620 1218 681 traduceret
1241 617 1303 680 Nos

91 703 195 781 itaque,
219 703 337 782 siquid
359 703 389 764 iu
411 722 444 764 re
467 703 577 764 ineerta
599 703 730 764 divinare
752 704 853 777 lioeet,
885 703 1057 765 aoniiaimus
1090 701 1303 764 Tertullianum

89 795 149 865 post
169 787 284 848 obitum
309 787 463 866 Agrippini
485 788 516 849 iu
538 787 699 864 obtinendo
722 787 892 867 episcopatu
907 787 1138 864 Carthaginiensi
1154 787 1302 865 repulsam

89 889 203 949 passum
226 871 361 933 fortassis
383 871 492 932 invidia
511 872 684 932 clericorum
712 872 895 950 quorundam
924 871 1064 932 eeclesiae
1087 871 1251 943 Romanae,
1285 890 1301 931 a

89 955 186 1032 pulsus
209 956 336 1034 proinde
359 956 447 1017 etiam
469 956 654 1018 assutumeliis
679 955 801 1018 affectus
823 956 858 1016 ad
874 964 973 1035 partes
984 954 1114 1016 lloutaai
1135 955 1300 1020 desciverit.

89 1039 165 1100 Certe
188 1040 322 1101 tamtum
345 1040 404 1101 illis
427 1039 553 1102 invidiae
575 1040 780 1102 administrare
801 1047 961 1118 potuerunt
974 1039 1031 1100 loei
1047 1038 1158 1116 aliquot
1171 1039 1202 1099 in
1217 1037 1301 1101 libris

90 1123 345 1202 praecedentibus,
373 1123 480 1204 quibus
503 1125 589 1185 tacite
612 1124 793 1202 quorundam
817 1124 1007 1196 elericorum,
1030 1120 1167 1184 tortassis
1191 1122 1301 1182 lloma·

89 1225 196 1280 nomm,
219 1208 290 1269 vitia
312 1208 513 1287 reprehendit,
536 1227 597 1268 non
618 1207 704 1269 aliter
724 1216 809 1288 atque
831 1208 1022 1287 postmodum
1043 1206 1100 1266 uu.
1122 1204 1302 1284 Hieronymo

90 1305 114 1352 rt
132 1292 255 1353 Paulino
278 1293 383 1354 oceidit
405 1293 506 1354 eadem
528 1293 564 1353 de
587 1311 690 1366 oausa3
711 1291 856 1371 imprimis
873 1293 909 1353 de
924 1291 1160 1369 frequentatione
1182 1299 1301 1366 specta-

90 1375 226 1438 culorum:
258 1376 316 1438 Sed
339 1377 481 1456 trapoedo
503 1376 610 1455 (inquit
630 1377 673 1438 lle
692 1377 791 1454 Speet.
814 1394 876 1454 oap.
894 1379 958 1452 25.)
981 1376 1168 1454 oaer'ferante
1198 1373 1301 1434 eaelu-

91 1457 224 1523 naliones
246 1461 303 1522 e'lle
334 1463 453 1540 (nempe
475 1460 580 1540 aliquis
603 1460 640 1520 de
662 1461 752 1537 clero)
775 1460 903 1521 aliaur'ue
922 1459 1091 1540 prophetoe
1114 1457 1300 1519 retractabit.

92 1543 166 1604 later
186 1547 420 1626 effnninationis
442 1546 555 1616 modos,
574 1544 727 1625 psalmum
748 1563 847 1606 seeum
870 1547 1107 1605 amministretur
1114 1560 1123 1612 ;
1161 1551 1190 1602 et
1211 1559 1301 1620 quum

93 1627 207 1690 athletae
228 1640 329 1708 apent,
352 1628 404 1691 ille
427 1630 563 1691 dicturus
586 1639 630 1690 est
651 1627 914 1708 repercutiendum
934 1644 997 1688 non
1020 1643 1098 1697 eese;
1133 1630 1251 1704 poterit
1272 1635 1301 1686 et

94 1713 121 1772 de
143 1714 352 1776 nr'serieordio
379 1717 496 1776 moueri
520 1713 640 1794 defiens
669 1717 700 1774 in
721 1729 842 1774 marsus
863 1729 1010 1772 ursorum
1031 1719 1061 1771 et
1082 1713 1225 1788 eponpias
1248 1725 1300 1769 re-

95 1799 248 1859 dariorum.
297 1799 425 1859 Avertat
446 1797 525 1858 Dms
548 1815 567 1858 a
589 1800 654 1858 suis
684 1807 800 1858 tantam
826 1795 993 1876 uoluptatis
1015 1797 1160 1854 enitiesae
1181 1794 1300 1871 crepidi-

98 1890 178 1941 laten.
207 1880 310 1955 Quale
331 1891 377 1942 eet
399 1885 485 1954 enirn,
509 1879 689 1942 deecclesia
711 1879 770 1941 tter
788 1884 820 1940 in
845 1877 998 1941 eeclesiam
1020 1876 1133 1939 dioboli
1153 1875 1300 1938 tendere?

99 1963 127 2022 ie
145 1965 215 2026 eaelo
239 1963 449 2046 (quodetiam)
472 1969 505 2027 in
528 1962 675 2026 coenum?
696 1963 766 2024 illos
787 1981 906 2034 omnus,
929 1979 1003 2042 puae
1015 1963 1055 2022 od
1069 1959 1229 2022 Dominum
1243 1979 1299 2020 ea-
1323 2025 1327 2038 ,

97 2047 195 2121 tuleris,
214 2051 412 2129 postmodum
433 2048 585 2110 laudando
608 2048 784 2110 histrionem
799 2043 992 2126 defatiparei
1013 2064 1051 2106 ece
1067 2061 1120 2106 are
1135 2061 1192 2122 pao
1208 2047 1299 2104 Amen

96 2135 267 2196 inimatum
294 2133 486 2213 protuleris,
519 2133 685 2211 pladiatori
705 2135 907 2193 testimonium
928 2127 1079 2191 reddere?
1108 2123 1155 2202 εἰς
1176 2123 1299 2202 αἰῶνας

96 2215 141 2276 alii
162 2221 279 2280 annino
304 2218 418 2289 dicere,
449 2217 594 2278 nisiben
619 2213 765 2278 Cltre'etoil
806 2215 880 2275 ltem
902 2213 1030 2275 illudio
1052 2211 1177 2272 artilioes
1200 2210 1297 2271 idolo-

95 2315 161 2359 rum:
184 2300 264 2374 Tota,
289 2301 395 2380 inquit,
418 2300 463 2362 die
485 2301 523 2361 ad
545 2301 621 2361 dane
633 2310 752 2381 purtem
773 2298 859 2360 seins
879 2298 953 2378 fidei
969 2297 1129 2376 perorabit
1149 2300 1299 2372 inpemene

97 2381 285 2447 Christianum
308 2387 344 2448 ab
367 2385 457 2448 idolis
479 2390 511 2446 in
533 2384 686 2446 ecelesiam
707 2387 822 2457 venire,
846 2382 892 2443 bis
905 2382 1043 2442 manibus
1061 2381 1201 2449 adorare,
1224 2397 1299 2458 puae

94 2467 160 2542 [oris
187 2471 339 2532 adversus
369 2469 465 2530 Deerm
493 2469 674 2537 adoraretur,
696 2485 803 2528 manus
832 2467 989 2528 admovere
1021 2467 1147 2543 corpori
1166 2461 1297 2535 Domini,

95 2569 157 2630 puae
182 2553 346 2616 demoniis
369 2570 501 2633 corpora
524 2554 698 2633 conferunt.
743 2551 804 2612 Nea
826 2549 880 2612 hoa
902 2550 1027 2629 suspicit.
1069 2547 1182 2607 Parum
1204 2552 1252 2618 eit,
1271 2551 1301 2608 ei
1379 2549 1381 2556 '

95 2635 124 2694 al
142 2637 205 2699 aliis
225 2639 537 2717 manr'bue-aaerpiant
558 2637 638 2716 puod
660 2639 879 2706 contaminant,
902 2635 954 2695 sed
974 2637 1057 2712 r'peae
1080 2631 1206 2692 tradunt
1227 2631 1297 2691 aliie
1389 2685 1392 2694 .

95 2721 160 2798 prod
179 2725 471 2784 contaminaverunt.
502 2720 683 2799 Allepuntur
702 2724 735 2780 r'n
759 2720 894 2782 ordinem
916 2717 1149 2778 ecclesiasticum
1164 2715 1297 2793 artifices

94 2803 236 2867 idolorum.
280 2805 366 2869 Proh
397 2799 515 2866 scelus!
557 2803 655 2865 Snnel
687 2801 792 2864 ludaei
821 2819 930 2862 manue
964 2800 1084 2860 Christo
1117 2797 1296 2866 abtulerunt,
1371 2855 1375 2864 ,

95 2889 138 2946 isti
155 2891 283 2968 prioridie
303 2909 416 2970 eorpus
438 2893 500 2950 erbe
523 2889 685 2950 lacessunt.
710 2887 853 2946 Omanae
861 2874 1138 2964 praescindendae!
1161 2879 1297 2954 (lleldol.

96 2975 180 3048 ol).
208 2973 340 3035 Rursum
363 2972 434 3034 illud
456 2973 492 3034 de
512 2971 681 3050 pastoribus
697 2969 728 3029 iu
742 2968 950 3047 perseeutione
971 2963 1164 3043 fugientibus:
1201 2962 1297 3024 Plane

96 3069 226 3133 superest,
245 3069 283 3120 ut
305 3063 396 3120 ete'om
417 3060 566 3136 martyria
589 3071 730 3116 remeare
751 3053 928 3124 meditetur,
951 3054 1003 3130 poi
1019 3047 1196 3126 prophetias
1218 3051 1298 3107 eries-

98 3137 149 3199 drn
159 3145 280 3219 spiritus
292 3145 394 3204 sanati
402 3145 534 3219 respuit:
557 3143 632 3201 noui
642 3149 670 3199 et
681 3148 824 3216 pastores
839 3138 926 3197 etiam
937 3151 1043 3195 eorum
1054 3136 1085 3192 in
1097 3149 1173 3210 paee
1189 3131 1296 3202 leones,

99 3224 556 3372 trutmundum
564 3223 652 3388 tit
668 3224 804 3385 tidie
822 3217 1018 3384 tittutt
1039 3213 1176 3362 utta
1199 3215 1295 3361 ta·

98 3391 247 3466 prolueret,
277 3399 342 3456 nisi
367 3393 464 3474 alr'pui
484 3393 568 3465 tales,
591 3391 693 3472 quales
716 3394 847 3470 viraines
869 3392 963 3466 ipsae.
1010 3383 1093 3446 Tales
1117 3389 1195 3445 enim
1217 3383 1299 3445 aauli

100 3471 183 3536 ualent
201 3483 347 3558 eirpinem
369 3482 473 3548 uisam,
496 3475 598 3558 pualee
621 3475 706 3537 babet
727 3478 812 3553 virpo
835 3491 908 3552 puae
930 3472 1029 3532 uideri
1048 3468 1136 3530 ualet.
1167 3468 1296 3530 lnoiaem

99 3573 124 3614 te
145 3561 234 3623 eadem
266 3562 425 3625 emiorum
451 3578 562 3640 patero
595 3561 775 3621 desiderant.
819 3555 960 3618 Eiusdem
982 3553 1113 3616 lihidinis
1134 3564 1179 3614 eet
1201 3553 1300 3613 uideri

98 3651 121 3698 et
138 3644 229 3706 uidere
258 3647 313 3721 (De
335 3645 456 3708 Velaud.
479 3644 587 3722 Virgiu.
610 3661 673 3721 eap.
696 3645 749 3719 2.).
792 3640 902 3701 ductor
935 3635 1138 3700 commentarii
1169 3635 1201 3696 S.
1223 3635 1295 3728 hm3

98 3721 183 3787 brasio
204 3731 341 3810 adscripti
363 3730 395 3790 in
417 3730 503 3810 epist.
514 3728 597 3790 Pauli
612 3727 725 3788 ridetur
739 3724 925 3802 interpretari
947 3722 1084 3783 invidiam
1099 3719 1188 3790 illem,
1211 3735 1297 3794 quast

98 3808 184 3871 luisset
204 3812 294 3892 ipsius
316 3813 453 3876 Auctoris
474 3813 505 3873 in
525 3813 637 3874 olerum
657 3811 833 3872 Romanum.
863 3808 913 3869 Sia
934 3811 1019 3876 enim
1044 3803 1147 3881 inquit,
1169 3817 1226 3879 per
1247 3803 1297 3860 in·

99 3894 191 3958 vidium
222 3904 377 3960 raritatem
409 3906 633 3976 corrumpentes
674 3899 835 3956 scientiitm·
866 3894 906 3954 ad
936 3890 1062 3952 nibilum
1095 3884 1295 3946 aranearum.

100 3973 160 4036 llum
185 3993 212 4042 et
235 3981 442 4046 Tertullianus
470 3991 498 4043 et
521 3981 715 4044 Novatianue'
741 3997 804 4040 non
833 3993 949 4056 parvae
981 3973 1121 4034 see'entiae
1150 3969 1294 4048 suerunt3

103 4061 143 4119 sed
160 4069 220 4143 pria
237 4085 297 4146 per
317 4066 419 4129 selum
442 4070 578 4127 aan'tatia
599 4064 725 4142 foedera
753 4062 970 4143 perdideram,
998 4061 1030 4116 in
1057 4051 1186 4148 schisma
1213 4057 1299 4149 aerei

102 4143 135 4200 td
148 4151 335 4222 perditionem
358 4155 409 4213 sui
439 4151 577 4212 haereres
611 4158 801 4210 creauerunt.
844 4145 888 4206 Ex
909 4141 1016 4220 quibus
1033 4136 1132 4199 verbis
1153 4139 1187 4199 lit
1208 4145 1296 4201 atram

101 4227 265 4296 terbimilior
286 4253 354 4296 mea
376 4234 541 4296 oouieetura
564 4251 599 4293 ex
621 4250 668 4305 eo,
690 4231 769 4308 quod
792 4228 831 4290 ob
844 4226 992 4306 repulsam
1008 4223 1194 4302 episeopatus
1208 4221 1294 4282 Rom.

99 4306 123 4368 ln
141 4315 256 4378 tabisrm
279 4327 309 4380 et
330 4319 468 4380 haeresin
488 4316 626 4379 inciderit
646 4315 836 4376 Noratiauus.
864 4311 958 4371 Porro
980 4308 1006 4369 si
1028 4305 1294 4368 excommunicatus

98 4393 185 4472 luerat,
206 4402 519 4480 iustissimisproleato
541 4402 577 4462 de
600 4399 714 4472 arusie,
737 4399 825 4460 etiam
847 4391 982 4456 tortuosis
1003 4393 1035 4454 iu
1057 4391 1209 4452 absentem
1231 4407 1295 4450 eam

98 4479 151 4540 tulit
170 4487 342 4548 senteutiam
356 4486 390 4546 B.
402 4485 582 4566 zephyrinus
596 4484 738 4564 pontilex.
768 4479 901 4543 Primum
916 4477 1041 4538 enimin
1059 4475 1142 4536 libris
1158 4473 1295 4534 omnihus

97 4563 201 4644 scriptia
221 4570 295 4632 eitra
315 4569 387 4632 xlv.
410 4571 527 4649 imperii
549 4569 651 4632 Severi
672 4584 800 4639 anuum,
828 4561 983 4626 Paracleti
1001 4577 1098 4626 novoe
1116 4557 1296 4640 prophetiae
