3126 5250
432 397 435 402 ·
491 395 625 442 romeus
644 397 703 444 mc.
725 399 763 444 us
784 399 910 446 nonme.
1238 387 1302 456 m

90 541 199 622 Gorgia
222 548 254 604 et
273 541 403 605 tixiocbo
424 544 556 609 invenies
579 546 766 629 (Athenagor.
788 549 887 630 legat
909 569 963 633 pro
986 551 1143 617 Christian.
1164 572 1229 638 pap.
1253 559 1303 622 12.

92 626 159 689 rue
185 626 276 707 Gorg.
298 628 415 691 tomi.
438 647 467 709 p.
492 634 562 695 124.
586 639 616 693 et
636 633 755 696 Axioch.
778 642 850 696 tom.
872 635 922 698 lll.
944 655 974 717 p.
997 639 1092 716 371.).

173 709 208 772 Si
231 711 299 792 quis
320 731 390 775 vero
412 713 538 794 aliquem
558 715 662 780 saltem
683 738 719 780 ex
741 717 835 782 citatis
857 720 893 782 ab
909 721 1088 784 Tertulliano
1109 723 1207 804 poetis
1227 743 1302 806 pro·

89 795 154 856 lerri
180 795 341 870 desiderat,
364 797 438 861 duos
461 799 638 864 Graecorum
661 811 691 864 et
700 802 873 867 Latinorum
894 807 1073 886 coryphaeos
1093 807 1253 873 llomerum
1273 818 1304 874 et

89 879 243 962 Virgilium
265 881 430 945 citabimus.
472 883 506 946 ln
529 885 659 966 Odyssea
681 887 760 950 enim
781 888 829 951 ille
851 889 924 952 baec
944 892 981 954 de
1002 891 1091 954 erebo
1113 893 1233 958 cecinit:

234 1007 330 1082 Ἔνθ’
353 1012 430 1102 ἤτοι
449 1021 575 1084 Μίνωα
595 1019 678 1101 iiior,
700 1019 785 1100 Διὸς
806 1013 928 1107 ἀγλαὸν
947 1022 1029 1104 oldr,

240 1097 392 1186 Xprioeov
413 1104 579 1190 σκῆπτρον
601 1103 723 1212 ipone,
746 1105 986 1190 θεμιστεύοντα
1006 1107 1155 1178 omdoora

231 1179 392 1268 Ἢμενον·
415 1186 448 1252 ol
469 1187 506 1253 δέ
525 1211 582 1272 μιν
604 1191 691 1278 αμφὶ
713 1190 805 1269 δίκας
826 1191 953 1278 εἴροντο
968 1189 1099 1274 ἄνακτα,

231 1265 382 1354 Ἦμενοι,
402 1267 556 1352 ἑσταότες
576 1298 613 1342 re
633 1268 705 1342 κατ’
730 1271 907 1360 εὐρυπυλὲς
914 1273 1030 1356 brutos
1051 1278 1109 1344 ddi.

705 1362 838 1437 (Homer.
861 1364 968 1445 Odyss.
988 1369 1038 1441 A,
1060 1367 1122 1432 ooo
1144 1368 1238 1446 seqq.)

240 1473 291 1539 lbi
309 1475 440 1540 Minoes
461 1479 526 1540 eidi
545 1477 626 1542 louis
648 1479 838 1562 splendidum
858 1481 966 1563 filium,
1076 1503 1079 1510 ·

239 1561 373 1623 loreum
394 1574 545 1643 sceptrum
565 1573 738 1646 portantem,
761 1564 838 1646 lepos
859 1568 1009 1645 [crearem
1028 1571 1166 1642 mortuis,

241 1643 412 1708 dedentem:
435 1647 491 1709 olii
502 1665 575 1710 cero
593 1651 673 1710 circo
686 1653 787 1730 ipsum
802 1669 908 1712 cousus
925 1653 1061 1716 dicebant
1074 1671 1180 1732 repens,

239 1729 391 1804 Sedcrrtes,
414 1735 525 1796 statuti
539 1751 600 1814 per
619 1731 714 1796 lotam
734 1733 873 1797 Plutonis
896 1736 1023 1799 domum.

82 1865 229 1949 Virgilius
247 1881 333 1928 vero:

240 1983 298 2048 Nec
321 2003 393 2048 uero
417 1985 471 2048 bne
492 1989 558 2049 siae
578 1994 662 2049 sorte
683 1987 779 2058 dotoe,
802 1989 866 2050 sinc
887 1989 982 2050 iudice
997 1987 1096 2050 sedo:

241 2069 405 2144 Quaesitor
426 2069 524 2133 Meiros
545 2089 656 2133 urnom
677 2081 784 2144 movet,
807 2069 860 2134 iiie
881 2072 1023 2134 silentum

238 2155 457 2238 conciliumque
478 2163 565 2218 occat
586 2159 721 2237 ortusque
743 2165 771 2217 et
792 2160 920 2218 crimino
941 2158 1037 2219 discit.

88 2321 111 2384 Τ
180 2321 273 2385 d'd
538 2239 649 2320 (virgil.
671 2239 721 2301 lib.
744 2239 790 2302 vl.
811 2240 934 2302 deneid.
955 2259 983 2303 v.
1005 2241 1065 2306 d3i
1090 2247 1120 2302 et
1140 2241 1236 2320 seqq.)

112 2343 159 2386 om
203 2341 253 2384 ern
275 2341 306 2384 e:

236 2441 383 2504 moseos
406 2439 476 2504 boec
496 2439 721 2504 ilbodomcnros
744 2441 830 2506 dolet
851 2443 1005 2506 dirissimo
1026 2461 1128 2524 reposo,

237 2525 424 2606 turpatque
447 2526 586 2608 auditque
609 2527 693 2590 dolos
716 2528 881 2608 subipitque
901 2529 998 2607 soteri

239 2609 326 2683 Qooe
348 2613 414 2692 pois
436 2611 519 2692 opud
538 2630 676 2691 superos,
699 2612 787 2690 forto
811 2612 941 2677 loetotos
963 2615 1055 2686 r'nosi,

235 2694 365 2758 llr'stolr‘t
386 2697 419 2756 io
440 2713 541 2757 serem
562 2699 718 2760 comou'sso
735 2696 860 2777 piaculo
880 2707 1017 2760 mortem.

846 2779 931 2856 (lbid.
952 2800 981 2841 v.
1004 2783 1063 2845 561
1089 2786 1118 2841 et
1139 2781 1233 2860 seqq.)

88 2909 163 2972 ltsi
185 2911 306 2986 ethnici,
329 2911 406 2974 siout
425 2919 504 2974 recte
526 2913 620 2993 arguit
641 2912 849 2990 Tertullianus,
871 2913 920 2975 bis
942 2914 1039 2994 poetis
1062 2921 1091 2976 et
1111 2911 1298 2996 philosophis

89 2996 281 3065 crediderunt.
309 2997 401 3058 multo
429 2997 520 3077 magis
553 2998 731 3059 credendum
760 2997 853 3060 sacris
880 2997 990 3060 nostris
1013 2997 1217 3078 scriptoribus,
1246 2995 1298 3078 qui

88 3079 182 3142 divino
205 3081 313 3159 spiritu
334 3081 438 3160 repleti
471 3069 640 3144 constanter
660 3081 829 3160 praedicant
848 3082 947 3161 ipsum
968 3099 1037 3143 esse
1059 3081 1217 3155 Christum,
1247 3081 1298 3162 qni

83 3167 233 3244 producto
262 3183 317 3227 seu
344 3175 462 3245 peracto
495 3178 525 3228 et
556 3173 733 3246 consumpto
765 3184 838 3229 oeoo
860 3171 918 3229 isto
945 3167 1135 3229 iudicaturos
1157 3175 1203 3229 ert
1223 3185 1297 3230 soca

87 3250 216 3313 caltores
244 3253 278 3312 irs
305 3255 383 3312 ottae
410 3263 550 3314 memore
579 3253 816 3323 retributionem,
840 3251 994 3331 profanos
1026 3255 1059 3313 irs
1089 3253 1186 3330 ipecm
1206 3269 1298 3334 cepoe

82 3348 233 3416 perpetem
255 3339 411 3416 colopene,
435 3339 587 3398 sosc'torr's
610 3337 745 3398 omm‘dos
769 3337 805 3398 ab
826 3339 912 3398 initio
936 3336 1083 3414 defunctis
1099 3345 1128 3397 et
1142 3336 1296 3414 reformo-

87 3423 123 3480 rr's
149 3429 178 3481 er
194 3423 351 3481 recensetis
373 3421 412 3480 ad
431 3424 591 3502 ornusque
612 3424 721 3493 mereti,
752 3418 814 3481 sive
835 3419 905 3481 boni
924 3420 988 3482 sire
1008 3419 1087 3496 muli,
1109 3421 1296 3501 dispunctio·

87 3521 158 3564 sess.
186 3503 272 3565 Nunc
292 3503 362 3564 dicit
382 3504 418 3565 ad
440 3503 683 3584 dispunctionem,
705 3503 783 3566 houd
805 3504 892 3567 dubie
913 3503 1017 3566 eodem
1038 3523 1137 3578 sensu,
1159 3523 1217 3584 quo
1240 3523 1295 3566 an-

87 3594 130 3648 tea
150 3588 187 3649 ab
208 3606 245 3649 eo
267 3587 377 3652 dictum
391 3587 515 3650 vidimus
531 3589 570 3650 od
584 3590 821 3670 eopoopendom.
849 3589 923 3650 Nam
938 3589 974 3651 ab
989 3589 1056 3668 ipso
1071 3587 1139 3650 alibi
1153 3587 1296 3668 scriptum

86 3669 220 3734 vidimus:
255 3671 318 3734 Nos
348 3677 400 3753 poi
423 3674 479 3737 sco
500 3673 562 3736 llco
585 3677 716 3736 omarum
736 3672 926 3756 speculatore
949 3675 1164 3756 dispuopimur,
1197 3671 1296 3735 idest

87 3756 283 3820 examinamur
310 3763 339 3817 et
366 3755 529 3820 iudicamur
556 3757 664 3831 alleo,
695 3758 745 3836 qui
767 3757 865 3820 omnia
887 3757 1049 3838 cognoscit,
1081 3757 1294 3852 oetmcomod

87 3841 474 3999 tittttt’ttittt
496 3841 864 4006 iiititttitntt
877 3847 1294 4008 P‘ttittttriittu

87 4013 116 4068 et
135 4027 246 4072 morum
267 4010 432 4090 integritate
454 4011 481 4072 ci
505 4015 702 4080 occurrimus,
724 4028 763 4072 ne
784 4019 918 4073 aeternas
939 4013 1120 4092 perieramus
1134 4007 1294 4088 impiorum

88 4109 192 4169 poenas
219 4103 395 4174 aeternaque
422 4095 573 4175 supplicia.
617 4095 651 4158 ln
677 4095 780 4156 ultimo
808 4096 904 4175 itaque
926 4094 1034 4158 Christi
1066 4091 1174 4154 iudicio
1195 4109 1292 4156 unus·

89 4175 205 4256 qouque
233 4197 357 4244 suorum
383 4177 532 4248 bonorum
558 4179 605 4242 vei
626 4179 770 4242 mulorum
791 4180 964 4242 meritorum
985 4179 1116 4240 rationes
1138 4177 1241 4240 reddet
1262 4185 1293 4242 et

90 4257 125 4320 iis
149 4269 207 4326 tum
235 4264 407 4326 examinetis
435 4264 592 4346 ultimoque
618 4265 676 4326 lata
704 4265 848 4326 sententia
875 4263 1002 4344 improbi
1036 4261 1195 4342 punientur
1223 4261 1292 4342 igne

90 4351 214 4424 aeterno,
241 4347 310 4412 iusti
339 4357 434 4411 autem
457 4350 653 4431 sempiternae
673 4349 805 4430 praemio
827 4348 972 4411 felicitatis
994 4347 1187 4410 donabantur.
1231 4345 1292 4410 Sed

90 4426 127 4488 de
150 4430 203 4493 boc
230 4441 351 4496 aeterno
380 4440 409 4495 et
434 4433 501 4514 igno
531 4444 562 4498 et
587 4433 718 4516 praemio
747 4433 817 4514 quid
839 4433 943 4495 doceat
963 4433 1071 4496 Auctor
1091 4439 1203 4508 noster,
1230 4431 1292 4498 iam

91 4513 289 4592 explorandum
311 4538 327 4581 a
349 4517 436 4582 nobis
458 4525 515 4582 est.
