3166 5250
502 405 636 450 lucrose
658 407 716 450 ure.
740 407 776 450 us
799 405 925 452 nousnr.
1257 391 1320 454 473

707 477 720 506 0

185 521 337 616 (laetarum
368 556 435 636 quia
456 555 568 618 Numae
595 521 739 638 ternpore*
756 558 832 620 nulla
862 557 939 640 apud
960 558 1109 620 Romanos
1138 566 1222 620 erant
1244 558 1319 620 deo-

99 659 167 702 rum
180 639 343 713 simulacra,
360 640 450 701 immo
465 659 547 715 varo,
570 643 637 723 quia
652 661 686 706 ea
701 643 764 704 lieri
779 642 837 714 ille,
860 653 893 705 ut
906 643 974 705 alibi
990 643 1172 705 ostendimus
1194 647 1278 714 (tom.
1293 645 1317 706 l.
1387 702 1391 718 ,

12 743 13 782 r
98 726 237 805 Apparet.
259 743 326 804 pag.
349 727 409 790 733
433 734 463 788 et
487 729 566 790 1227
590 735 619 788 et
640 737 752 808 seqq),
785 728 992 807 prohibuerat,
1025 728 1092 789 inde
1121 728 1318 790 Tertullianus

12 845 14 868 ;
98 809 211 872 intulit:
255 810 295 872 llt
314 810 397 872 Deua
419 814 483 890 ipse
504 829 660 894 nusquam.
705 813 884 874 Persuasum
906 813 1061 892 siquidem,
1085 813 1126 873 uti
1149 811 1242 892 eapite
1264 832 1318 874 se-

12 915 13 952 r
97 894 201 974 quenti
222 894 401 966 ridebimus,
424 896 546 957 omnino
568 895 707 959 habuisse
728 897 845 958 videtur
871 915 936 960 eam
957 915 1010 975 per
1031 897 1181 976 gentilium
1204 897 1319 960 animos
1365 955 1368 962 .

97 978 267 1058 pervasisse
298 979 486 1058 opinionem,
520 999 581 1042 non
614 980 687 1042 alios
715 1000 783 1044 esse
812 982 883 1046 deus
905 1000 991 1061 quam
1014 981 1130 1044 illorum
1153 981 1318 1057 simulacra,

14 1114 17 1122 .
98 1063 145 1126 vol
167 1064 303 1143 ipsorum
325 1063 355 1124 in
377 1064 420 1126 eis
442 1065 574 1126 residere
595 1065 784 1128 divinitatem.

185 1147 273 1209 Vides
296 1167 365 1226 ergo
389 1167 476 1227 quarn
497 1159 576 1212 reate
598 1169 634 1211 ex
655 1149 741 1214 dictis
765 1150 932 1214 concludat:
962 1151 1043 1230 Brpo
1065 1169 1128 1214 oon
1150 1161 1220 1214 onte
1242 1151 1319 1213 reli-

95 1235 178 1312 pa'osi
197 1232 327 1296 lioneoro'
346 1253 433 1314 quom
453 1239 567 1313 mopsi,
590 1235 713 1316 ideoque
734 1254 797 1298 aon
820 1237 854 1298 ob
878 1236 932 1298 hoo
952 1239 1068 1316 moqm',
1094 1241 1164 1317 quio
1186 1235 1322 1315 reliqt'ori

12 1345 14 1382 r
96 1317 284 1392 (Tertullian.
306 1317 458 1398 Apologet.
487 1337 549 1398 eap.
573 1322 648 1396 Ab).
691 1321 855 1382 Fundatum
883 1321 991 1400 quippe
1020 1329 1050 1380 et
1077 1319 1238 1383 stabilitum
1263 1320 1320 1380 fuit

95 1401 216 1464 illorum
238 1403 409 1481 imperium,
441 1403 614 1483 priusquam
641 1412 691 1466 aut
718 1405 791 1466 deos
820 1405 962 1467 habereut
990 1414 1040 1466 aut
1067 1423 1120 1466 eos
1149 1405 1252 1466 saltem
1273 1413 1320 1466 tet
1396 1441 1403 1464 .

12 1517 16 1546 r
95 1487 317 1566 superstitiosis
339 1487 443 1549 ritibus
465 1496 553 1568 atique
574 1488 654 1550 inani
676 1498 721 1550 tot
742 1491 993 1550 caeremoniarum
1015 1507 1122 1570 pompa
1138 1488 1267 1550 colerent
1288 1497 1320 1550 et

12 1603 14 1640 ;
97 1571 265 1634 adorarent.
295 1573 332 1634 At
353 1581 432 1634 uerte
453 1581 513 1634 tam
536 1573 571 1634 ad
593 1573 663 1636 illud
678 1574 833 1653 imperium
849 1574 1070 1653 propagandum
1086 1591 1172 1652 quam
1187 1573 1320 1636 iacienda

12 1667 13 1724 ἶ
97 1655 162 1720 eius
183 1657 369 1718 fundamenta
390 1657 455 1736 pari
476 1658 608 1736 prolecto
627 1659 751 1720 deorum
767 1678 822 1740 ope
838 1678 872 1720 ao
886 1658 1020 1721 subsidio
1036 1659 1214 1738 indigebant,
1238 1659 1319 1738 quod

12 1773 16 1812 r,
97 1749 197 1802 tamen
219 1759 366 1822 nunquam
389 1741 527 1806 habuisse
554 1743 740 1805 manifestum
768 1752 822 1805 est.
867 1744 929 1804 Sed·
950 1743 1014 1806 aliis
1037 1743 1132 1805 adhue
1153 1743 1317 1805 rationibus

57 1825 63 1835 “
99 1824 131 1887 id
154 1824 189 1886 ah
212 1825 260 1886 illo
282 1827 500 1888 evidentissime
523 1827 750 1902 demonstratur,
774 1847 848 1908 quae
870 1848 885 1890 a
907 1827 995 1890 nohis
1014 1827 1222 1890 examinandae
1238 1837 1317 1890 sunt.

593 2013 760 2066 sustentus
778 2015 819 2064 lll.
904 2017 912 2028 '

12 2113 19 2156 i
96 2114 147 2159 Non
164 2115 233 2170 mama
251 2095 323 2160 datum
343 2123 541 2172 autpropugntum
560 2117 656 2161 ebullis
675 2107 789 2171 qentltium
812 2117 853 2162 diis
879 2118 994 2174 imperium
1013 2118 1162 2163 homanorum
1187 2131 1253 2174 quarn
1272 2118 1316 2162 Bu·

12 2235 13 2240 ¹
95 2181 242 2238 brioniorunr,
261 2183 381 2236 bledorum,
398 2185 560 2240 Aegyptiorum,
577 2185 730 2242 Assyriorum,
748 2188 882 2230 Amazonum
903 2193 924 2230 et
941 2186 1081 2238 ludaeorum,
1099 2187 1136 2242 qui
1155 2193 1205 2230 ants
1224 2187 1315 2230 eosdem

95 2251 208 2295 Romanos
227 2259 387 2305 regnaverunt:
405 2254 484 2296 horum
502 2253 612 2308 impietate
631 2261 651 2295 et
669 2254 791 2308 sacrilegiis
809 2261 942 2310 propagatos
961 2253 1044 2309 imperii
1064 2254 1098 2298 tui
1116 2255 1186 2298 tinas:
1206 2267 1232 2297 ae
1249 2255 1316 2297 nullis

94 2319 162 2374 plane
180 2319 302 2372 miraculis,
321 2319 497 2376 divinationibus,
515 2321 612 2364 oraculis
630 2321 802 2432 qiqqqqqudpqgse
820 2323 878 2366 ullos
898 2323 990 2366 existere
1008 2322 1086 2365 horum
1106 2322 1243 2430 imvm
1261 2333 1315 2375 geu·

182 2501 302 2564 Certum
322 2500 439 2580 quidem
462 2510 523 2575 est,
553 2503 631 2582 quod
655 2516 684 2565 et
705 2503 762 2584 ipsi
784 2503 910 2565 Romani
930 2503 1026 2584 palam
1047 2503 1228 2578 fatebantur,
1250 2512 1315 2564 ter-

96 2603 168 2648 rena
188 2605 279 2664 regua
302 2585 337 2648 ab
360 2586 455 2666 aliquo
478 2586 601 2662 institui,
625 2587 688 2649 dari
711 2597 740 2650 et
761 2588 936 2667 dispensari.
979 2589 1017 2648 At
1044 2607 1078 2650 ea
1103 2595 1237 2667 potestas
1259 2606 1316 2666 pe·

96 2690 151 2732 nes
173 2690 240 2734 eum
263 2671 411 2733 dumtaxat
433 2671 528 2734 solum
551 2691 618 2735 esse
638 2681 746 2752 potest,
769 2672 817 2752 qui
840 2673 939 2734 omnia
961 2673 1075 2734 creavit.
1119 2671 1195 2734 Nulli
1218 2672 1316 2750 itaque

95 2755 298 2818 Romanorum
320 2755 360 2818 dii
383 2775 506 2836 regnum
529 2756 644 2836 aliquod
667 2756 829 2818 cultoribus
851 2757 913 2817 suis
935 2765 986 2820 aut
999 2757 1063 2818 aliis
1079 2773 1207 2835 unquam
1223 2755 1315 2816 dede-

93 2850 175 2904 runt.
218 2840 256 2901 Et
276 2849 355 2902 certe
377 2850 444 2903 aute
465 2840 583 2902 illorum
605 2841 772 2920 pontifices,
802 2841 1080 2914 Quindecimreros,
1111 2840 1223 2913 Salios,
1250 2838 1315 2899 Lu-

95 2943 214 3005 percos,
236 2924 380 3000 Vestales,
404 2925 440 2986 de
462 2925 569 3005 quibus
592 2945 647 2986 uos
670 2925 748 2996 abbi,
772 2935 801 2985 et
822 2933 889 2986 ante
905 2943 1009 2986 omnes
1024 2925 1225 2986 homanorum
1240 2923 1316 2984 deo·

97 3028 163 3071 rum
185 3009 347 3083 ministros,
370 3010 460 3072 immo
479 3018 634 3090 antequam
650 3009 700 3072 ulli
715 3009 755 3070 dii
771 3009 881 3071 Romae
896 3008 1075 3082 colerentur,
1097 3008 1231 3070 instituta
1248 3009 1315 3069 lue-

13 3169 14 3180 *
97 3100 166 3154 rant
185 3093 426 3174 babyloniorum,
449 3095 612 3168 Medorum,
635 3094 852 3174 Aegyptiorum,
873 3093 1063 3173 Assyriorum
1086 3101 1115 3155 et
1135 3093 1316 3156 Amazonum

14 3229 16 3242 .
97 3196 191 3258 regna
211 3197 387 3259 magnaque,
410 3179 451 3240 uti
473 3197 561 3240 nemo
584 3179 694 3252 nescit,
728 3186 873 3260 potestate
895 3188 925 3239 et
946 3178 1038 3257 gloria
1059 3177 1203 3238 llorebant
1225 3176 1315 3252 (Ter-

97 3262 210 3324 tullian.
237 3263 387 3343 Apologet.
416 3281 478 3342 cap.
507 3266 558 3330 26.
589 3272 618 3324 et
639 3263 688 3324 lib.
712 3263 748 3324 ll.
777 3263 813 3324 ad
836 3263 951 3324 Natiou.
981 3283 1044 3343 cap.
1067 3265 1142 3340 Th).
1194 3261 1317 3324 Constat

14 3345 16 3428 J
97 3365 170 3426 ergo
191 3347 243 3408 bas
266 3349 402 3410 nationes
423 3367 480 3409 neo
501 3367 517 3409 a
539 3349 739 3410 Romanorum
767 3347 823 3410 diis
850 3365 905 3409 nee
927 3346 963 3410 ab
985 3347 1032 3408 his
1055 3365 1131 3427 quos
1153 3348 1210 3427 ipsi
1234 3346 1315 3408 eole-

14 3429 16 3474 ῗ
95 3433 168 3494 baut
189 3435 340 3512 accepisse
361 3433 503 3513 regnandi
524 3441 717 3512 potestatem:
749 3451 809 3494 non
836 3452 852 3494 a
882 3433 944 3495 suis
966 3433 1100 3512 quidem,
1129 3433 1179 3512 qui
1202 3451 1270 3505 eos,
1299 3449 1318 3493 a

14 3517 16 3526 ’
95 3517 204 3596 quihus
227 3535 344 3579 summo
366 3518 532 3580 inhonore
554 3517 746 3591 habebantur,
770 3517 885 3579 delendi
907 3535 969 3579 uon
990 3526 1159 3597 potuerunt,
1183 3535 1277 3596 neque
1299 3535 1316 3576 a

14 3601 15 3682 g
94 3602 298 3664 Romanorum
320 3602 388 3674 diis,
411 3603 461 3681 qui
482 3604 614 3665 noudum
635 3603 695 3664 fieti
718 3613 801 3664 erant
822 3611 851 3664 et
873 3621 888 3664 a
911 3601 1016 3682 quibus
1040 3621 1142 3664 eorum
1160 3602 1316 3679 imperium

93 3706 231 3750 eversum
253 3687 345 3749 luisse
366 3687 491 3749 llomani
514 3687 717 3767 opinabantur.
761 3687 821 3748 lam
844 3705 913 3748 vero
941 3687 1067 3748 vidimus
1095 3687 1261 3761 (Dissertat.
1285 3684 1315 3743 iu

94 3771 203 3833 hlinue.
227 3791 290 3851 cap.
309 3775 357 3836 18.
380 3771 478 3835 Artd
501 3781 530 3834 et
551 3776 605 3848 5.),
627 3772 776 3850 quomodo
798 3771 942 3833 hlinueius
964 3771 1044 3833 Felix
1065 3773 1123 3833 hoe
1144 3774 1314 3846 argumento

94 3855 239 3918 adversus
261 3857 395 3918 ethnioos
416 3857 598 3937 pugnaverit.

184 3939 244 4001 Sed
266 3950 299 4002 ut
319 3942 495 4021 quibusdam
517 3939 657 4020 exemplis
678 3940 860 4001 manifestius
876 3939 905 4000 id
922 3941 980 4013 liat,
1001 3946 1088 4018 urget
1101 3935 1315 3998 Tertullianus:

99 4024 162 4086 Cur
177 4025 308 4087 Athenas
330 4025 466 4089 ollares
481 4025 620 4088 Minerua
640 4043 703 4086 aon
725 4025 866 4104 defendit,
890 4025 939 4086 uel
958 4043 1014 4086 eur
1027 4022 1161 4103 llelphor
1177 4021 1210 4082 de
1223 4037 1317 4081 manu

97 4108 216 4188 Pyrrhi
236 4111 342 4191 Apollo
365 4129 427 4173 oon
450 4115 530 4174 eruit
552 4109 686 4184 (Tertull.
708 4109 727 4170 l.
750 4109 786 4170 ll.
809 4108 845 4168 ad
866 4108 984 4170 Nation.
1006 4108 1062 4168 loe.
1084 4103 1169 4180 sibl?
1212 4103 1315 4165 Nullus

97 4195 177 4256 enim
205 4193 291 4273 plane
320 4195 503 4258 ethnicorum
533 4195 606 4256 deus
629 4212 723 4272 neque
744 4193 855 4254 Romae
877 4211 973 4272 neque
995 4189 1076 4252 ullibi
1099 4197 1178 4251 tauto
1200 4190 1316 4251 honore
1373 4191 1376 4199 '

95 4278 198 4340 diuino
220 4287 342 4342 ornatus
365 4289 421 4354 est,
444 4287 553 4360 quanto
568 4281 697 4341 blinerva
716 4277 850 4350 Athenis,
873 4277 921 4339 ubi
945 4275 1078 4336 exstabat
1099 4273 1214 4354 insigne
1236 4274 1314 4336 illius

94 4371 260 4444 notumque
287 4365 425 4426 omnihus
454 4365 651 4428 simulacrum.
695 4363 796 4443 Neque
822 4361 927 4422 maiori
954 4358 1032 4422 eultu
1059 4359 1134 4421 ullus
1156 4359 1234 4420 lieus
1256 4360 1314 4421 ho·

94 4457 232 4511 nestatus
255 4457 303 4512 est
322 4468 409 4530 quam
430 4449 534 4528 Apollo
556 4448 687 4530 Delphis,
709 4447 760 4510 ubi
781 4446 897 4509 oracula
919 4451 982 4506 toto
1003 4453 1147 4506 terrarum
1171 4443 1242 4506 orbe
1262 4463 1314 4506 oe-

95 4532 208 4596 lebrata
236 4534 361 4598 fundere
393 4533 573 4597 credebatur.
615 4534 823 4595 Verumtamen
855 4549 912 4593 nee
942 4530 998 4592 iste
1025 4530 1166 4609 Delphos
1184 4547 1240 4590 nee
1266 4529 1327 4604 illa¹

93 4616 226 4683 Athenas
247 4620 285 4683 ab
306 4620 437 4684 hostium
459 4619 692 4707 suorumlarmis
715 4625 777 4680 tuta
799 4615 962 4680 reddidere.
1009 4614 1164 4688 Quomodo
1180 4631 1251 4695 ergo
1273 4615 1315 4676 dii
