3144 5236
243 385 310 450 220
346 401 538 446 utssmts'tto
554 401 584 444 itt
600 401 648 452 ut'.
665 399 750 444 ΕΒΗ.
767 397 1409 444 uuou.‹uttntut1.utttwotouuutculcn'ru.

246 561 404 615 utcontra
433 551 565 612 omnium
593 550 728 612 codicum
755 550 1024 629 manuscriptorum
1053 557 1095 611 et*
1110 549 1259 611 editorum
1286 549 1385 610 fidem.
1430 547 1478 611 lle

246 637 295 700 lois
322 653 413 715 porro
441 635 520 697 loris
547 635 584 697 od
605 635 735 714 uirgines
756 644 788 695 et
808 635 948 696 mulieres
969 633 1205 714 omstupmndss
1227 634 1477 696 courmuiouilsus

246 740 263 783 s
292 720 380 782 uobis
408 719 517 781 dietum
540 720 639 780 ostiu
662 719 868 799 superioribus
890 718 1002 780 nostris
1031 737 1066 780 uc
1096 719 1272 798 praesertim
1295 719 1325 779 iu
1347 719 1474 780 Amulii

246 804 342 868 libros
363 801 626 866 dissertationibus
649 803 816 879 (llissertet
839 804 870 864 in
891 803 1001 864 Amuli.
1024 819 1088 882 cop.
1110 805 1142 867 9.
1164 803 1226 864 Μ.
1250 807 1304 880 C).

749 1023 916 1074 surrectus
935 1022 965 1072 ll.

276 1127 377 1175 Eundem
396 1127 475 1172 Ctrkti
492 1126 514 1170 io
530 1134 603 1170 wreus
619 1127 738 1170 mosomus
755 1135 800 1170 osu
818 1137 885 1236 ριῖιιι
902 1123 981 1179 πυκνί
997 1135 1011 1168 s
1027 1123 1126 1177 lucusta,
1143 1124 1186 1168 uisi
1204 1135 1274 1168 cumn
1291 1123 1440 1170 cosdootione

800 1203 837 1236 mu
847 1191 918 1236 utatis.

332 1309 491 1388 Postquam
520 1307 718 1370 Tertullianus
747 1308 887 1369 aduersus
916 1305 1041 1385 gentiles
1069 1323 1123 1379 eo,
1150 1321 1237 1384 quem
1266 1305 1472 1384 explicuimus,

247 1395 338 1458 modu
365 1393 540 1474 disputavit,
569 1403 631 1454 tum
659 1392 800 1454 contiuuo
828 1391 875 1452 ille
904 1409 974 1452 vere
997 1406 1064 1452 esse
1085 1390 1193 1469 probru
1213 1407 1288 1470 quse
1310 1389 1472 1452 Christiani

247 1487 351 1542 contre
372 1477 498 1539 ludaeos
521 1479 558 1538 de
579 1477 689 1538 Christi
710 1475 828 1538 Domini
850 1473 976 1536 adventu
998 1474 1151 1536 docebant
1196 1475 1245 1536 Sic
1265 1474 1373 1554 quippe
1395 1493 1473 1555 pro-

248 1563 397 1644 sequitur:
434 1561 573 1625 Sciebant
594 1573 623 1626 ιι
643 1561 752 1623 lndcet'
771 1573 935 1623 centorum
957 1578 1021 1622 esse
1045 1560 1206 1628 Cinistnm.
1230 1559 1344 1620 scilicet
1363 1562 1475 1639 quidne

245 1648 412 1729 prophetoe
440 1647 651 1727 loquebantur.
696 1645 773 1707 Ncns
798 1653 828 1706 et
849 1663 932 1706 nnnc
952 1646 1114 1707 edomitam
1135 1647 1198 1704 eins
1231 1655 1388 1724 emperiam
1416 1663 1475 1706 nec

248 1732 311 1794 uicit
331 1736 425 1810 stupis
447 1735 529 1792 inter
550 1747 607 1792 nos
628 1739 658 1792 et
680 1729 749 1791 illos
773 1729 969 1809 compulsatio
991 1739 1045 1799 est,
1067 1747 1157 1808 prtem
1176 1729 1257 1809 prtod
1278 1733 1335 1790 sont
1348 1733 1475 1790 senisse

247 1833 311 1878 non
334 1815 470 1878 credent.
515 1814 641 1876 Molos
670 1819 747 1876 annin
774 1818 838 1876 eins
867 1813 1043 1875 adventitios
1072 1813 1259 1893 ss'pnificutis,
1278 1815 1390 1892 prims,
1419 1817 1478 1894 oni

247 1903 308 2046 {zm
330 1909 508 1978 cmpnnctns,
529 1898 594 2044 Ξίιι
615 1905 735 1999 exectus
757 1899 969 2044 {iudeorblectuu
992 1907 1037 2040 ιῗι
1059 1897 1274 2042 ιἰιΙιιιιιιιξιιιιιι
1289 1898 1475 2043 ιοιόιιᾰιϊίξιιξι

290 2003 406 2055 monce,
436 2001 580 2053 secnno,
650 2001 761 2044 scouc
816 2000 890 2043 eno
919 1999 1039 2042 succiso
1066 1999 1186 2042 emmone
1227 1999 1261 2042 ιιι
1288 1999 1324 2042 sn
1358 1999 1474 2044 rsneae

249 2069 418 2130 dr'uinitotis
446 2077 577 2137 euectus,
604 2001 702 2128 ignea
723 2066 901 2146 conspicuae
924 2073 954 2126 et
974 2064 1157 2137 meniiestae,
1183 2070 1318 2144 prunnon
1337 2083 1401 2127 non
1422 2071 1475 2126 in·

251 2152 415 2231 teltependo
437 2153 609 2220 secondum,
639 2169 724 2230 poeno
754 2153 946 2230 manifestias
979 2152 1187 2230 praedicaturo
1208 2160 1346 2230 sperent,
1373 2169 1474 2211 nnnns

248 2240 503 2300 coistinrooernnt
529 2235 712 2310 (Tertulliano.
736 2234 889 2314 Apuloget.
911 2251 975 2313 cap.
997 2237 1073 2309 ll).
1117 2233 1159 2294 lle
1187 2234 1245 2295 noc
1271 2241 1370 2295 autern
1392 2234 1473 2295 'ler-

248 2319 360 2382 tullinui
389 2321 470 2380 lente
492 2318 653 2399 Cypnieuus
681 2337 764 2380 more
792 2335 847 2379 suo
868 2319 982 2398 poterit
1003 2326 1089 2396 sique
1110 2335 1182 2378 suos
1204 2317 1248 2379 sic
1268 2317 1418 2379 transtulit
1441 2319 1474 2380 iu

248 2421 338 2467 usus:
376 2403 514 2466 Sordent
542 2413 570 2466 et
598 2403 704 2465 lndcei
730 2403 883 2464 Clrr‘stnrn
917 2421 982 2465 cose
1010 2412 1182 2464 centumon.
1227 2401 1304 2463 licon
1332 2403 1379 2464 iic
1405 2403 1474 2465 illis

248 2507 367 2568 semper
385 2487 544 2568 prophetis
567 2489 794 2550 admonentibus
816 2488 1069 2549 onnrrnts'odottor.
1100 2486 1159 2548 Sed
1173 2487 1342 2566 sipnificcto
1358 2487 1478 2566 duplici

249 2579 313 2636 crios
342 2574 480 2643 adventu,
508 2590 571 2634 uno
599 2590 655 2652 poto
684 2577 716 2632 in
745 2576 890 2633 executio
919 2583 947 2633 et
968 2571 1104 2652 eccempio
1127 2570 1254 2632 luminis
1276 2573 1472 2650 fnnperetsor,

249 2657 348 2720 sltero
376 2660 429 2738 qni
447 2657 544 2718 lienem
570 2657 732 2734 fateretur,
764 2673 827 2717 non
855 2655 1048 2736 intellipendo
1067 2658 1200 2734 priosum
1222 2655 1392 2725 odoentnrn,
1421 2661 1478 2736 poi

246 2746 391 2822 pensione
409 2745 579 2820 praecessit
607 2740 753 2816 occultos,
781 2759 877 2801 snum
899 2751 1017 2803 tontum
1040 2741 1175 2810 credent,
1206 2743 1259 2821 psi
1277 2745 1338 2803 ecit
1359 2744 1393 2801 in
1411 2757 1475 2820 po-

249 2836 356 2890 testate
376 2826 556 2904 mcor‘sestns
579 2823 725 2903 (Cyprian.
749 2823 785 2884 de
807 2823 917 2884 ldolor.
939 2823 1035 2884 Venit.
1057 2841 1086 2902 p.
1106 2828 1184 2896 ld).

207 2967 210 2974 ,
332 2905 462 2988 Utc'rquc
484 2908 573 2988 igitur
593 2910 701 2970 latetur
721 2926 822 2970 verum
842 2908 935 2969 luisse
950 2907 1060 2970 Christi
1076 2913 1224 2988 assumpta
1238 2906 1368 2968 hominis
1381 2925 1474 2969 carue

249 2995 416 3056 adventum.
460 2993 578 3054 Etenim
599 2992 635 3056 eb
657 2992 806 3054 ademirus
829 2992 979 3070 sacrisque
1000 2992 1154 3072 prophetis
1175 2999 1236 3052 taur
1250 2999 1360 3071 operta,
1382 2992 1474 3056 nero

247 3079 337 3159 poulo
359 3085 427 3138 unte
448 3077 629 3149 monuimus,
651 3077 876 3156 praenuntiatus
899 3085 956 3150 est,
979 3085 1012 3138 ut
1032 3076 1132 3137 lodoci
1154 3076 1235 3137 illum
1257 3077 1474 3158 ignorare-nou

247 3162 409 3241 potuerint
452 3163 560 3221 Verum
591 3161 659 3240 quia
689 3161 826 3222 Christus
858 3160 888 3220 in
917 3160 1063 3222 homones
1095 3159 1274 3221 conditionis
1305 3160 1475 3222 humilitate

249 3245 405 3306 mortalem
432 3245 521 3305 ritem
543 3245 612 3322 egit,
641 3245 719 3306 hune
739 3245 838 3306 ludaei
858 3261 959 3305 rerum
982 3245 1117 3306 Messium
1138 3261 1208 3306 esse
1229 3246 1393 3324 praeneste
1414 3263 1473 3306 ne·

249 3336 392 3408 paverunt
413 3347 447 3389 uo
469 3328 605 3408 superbis
627 3329 720 3390 inllsti
742 3337 897 3408 expectant
918 3329 1051 3402 alterum,
1074 3329 1125 3407 qui
1146 3329 1177 3389 in
1197 3329 1256 3390 line
1278 3327 1381 3390 mundi
1403 3342 1473 3392 otum

247 3419 310 3474 tota
331 3411 447 3472 divinae
468 3411 630 3474 maiestatis
651 3413 743 3492 glorio
765 3425 906 3474 venturus
928 3421 983 3475 est.
1027 3413 1086 3475 Sed
1114 3411 1183 3474 olibi
1206 3413 1392 3474 ostendimus
1415 3431 1472 3474 vo·

248 3495 408 3558 luntarium
429 3495 523 3556 tuisse
546 3497 624 3558 hunc
644 3495 820 3560 Iudaeorum
835 3515 977 3571 errorem,
999 3498 1051 3577 qui
1067 3515 1126 3558 uon
1144 3498 1240 3559 selum
1255 3515 1272 3558 e
1286 3497 1473 3560 Tertulliano

236 3589 354 3642 vuosuo
382 3587 411 3642 et
432 3580 588 3660 Cypriane,
615 3599 718 3642 verum
745 3582 833 3642 etiem
862 3599 879 3641 e
899 3581 1051 3644 Lactantio
1072 3581 1202 3644 llruditus
1225 3581 1367 3643 evertitrrr
1388 3581 1471 3656 (uis-

249 3673 349 3727 sertst.
372 3665 403 3726 in
426 3664 557 3726 Luctum
577 3683 643 3746 cop.
669 3670 717 3729 17.
740 3666 801 3726 Art.
824 3671 878 3740 5.).

333 3749 420 3812 'lenti
449 3756 545 3811 autem
567 3749 743 3811 ludseorum
772 3767 882 3812 errons
903 3757 1058 3828 mutaeque
1080 3750 1226 3811 mediatis
1249 3767 1346 3822 muso,
1375 3749 1474 3829 iuquit

248 3834 459 3908 Tertullianus,
488 3849 591 3894 eorum
619 3834 676 3894 luit
702 3834 850 3907 delictum,
878 3834 1125 3914 quemadmodum
1153 3834 1245 3895 lseius
1264 3833 1471 3914 'praedixerat

188 3973 193 3982 .
247 3919 305 3981 Sed
327 3917 454 3998 ipsemet
464 3918 574 3979 Auctor
594 3927 698 3979 noster
719 3919 813 3981 sdlouc
833 3919 997 3980 audiendus
1020 3925 1080 3979 est:
1104 3917 1149 3981 Ne
1169 3923 1248 3980 enirn
1263 3917 1474 4000 inteileperent

245 4007 412 4082 pristinum
429 4003 545 4065 Cirt'sti
563 4003 733 4074 cdoentnsrn,
757 4004 914 4075 credituri,
938 4009 967 4065 si
980 4003 1209 4075 inteliemissent,
1232 4014 1263 4064 et
1279 4007 1476 4066 consecuturi

247 4086 385 4156 solertem,
414 4093 444 4148 si
471 4085 675 4157 credidissent,
702 4091 844 4150 coemisse
870 4089 932 4166 fnit
960 4085 1100 4149 delictum
1121 4105 1236 4149 eorum
1281 4087 1348 4167 lpsi
1368 4087 1473 4167 lepnnt

247 4173 291 4231 ito
319 4171 664 4249 conprensionem
693 4189 725 4234 se
753 4176 900 4251 sopienda
927 4184 957 4234 et
977 4171 1181 4252 inteilcpcntio
1211 4183 1240 4234 et
1261 4171 1423 4233 oculorsssn
1444 4181 1474 4232 et

247 4257 369 4315 coriam
399 4255 491 4334 sinope
522 4253 708 4330 (Tertullieu.
736 4255 890 4336 Apologot.
918 4245 982 4334 cop.
1005 4259 1081 4332 lh).
1124 4255 1286 4335 Cyprianus
1319 4271 1392 4316 nero
1427 4257 1473 4316 siu

246 4353 366 4399 rursum
395 4338 458 4400 eius
485 4340 596 4419 pressit
622 4339 760 4420 uestigio:
800 4341 890 4413 Quod
916 4351 1016 4402 octos
1046 4340 1101 4402 leuc
1128 4339 1311 4403 lndoeornrn
1334 4339 1472 4421 popotos

246 4422 419 4500 intellcpere
433 4441 496 4485 non
514 4431 624 4504 potnit,
648 4425 829 4488 delictorum
849 4427 991 4486 meritum
1012 4425 1083 4502 sroit.
1129 4424 1178 4486 Sic
1201 4436 1290 4487 erunt
1304 4429 1473 4504 sopientioe

246 4517 275 4569 et
289 4507 506 4586 intellepcntioe
530 4514 670 4570 ccedtcte
689 4509 836 4580 snsclctcti,
858 4520 894 4572 nst
915 4513 968 4588 proi
987 4510 1182 4589 cito‘r'sndipni
1195 4519 1303 4580 essent,
1327 4509 1473 4570 Miscent

247 4597 341 4656 sitem
361 4601 432 4655 onte
454 4591 566 4664 oculos,
589 4611 643 4656 nec
664 4595 801 4658 uiderent
822 4592 970 4673 (Cppriou.
993 4592 1044 4655 lib.
1067 4593 1104 4654 de
1118 4593 1471 4673 ldolor.lleuitp.16.)·
1537 4611 1542 4618 ·
