3078 5248
416 421 550 464 lucrose
573 422 614 464 ro.
637 423 704 466 aco.
727 423 891 468 soasssnr.
1198 413 1261 476 obli

45 567 219 630 existimant.
263 567 365 646 Neque
386 587 456 630 vero
479 569 632 645 aliorsum,
661 591 748 650 quam
771 574 833 635 lere
856 574 892 635 ad
913 573 1002 636 huius
1024 575 1093 636 auui
1115 575 1261 640 cxcvttl.

45 652 166 725 initium,
187 653 267 714 huno
286 652 394 714 librum
416 654 520 716 referri
542 673 596 734 par
617 664 674 728 est,
696 657 836 734 quoniam
864 667 931 720 aute
953 658 1060 722 Maium
1081 661 1151 722 anni
1171 679 1260 740 prae·

45 736 172 798 cedentis
203 737 251 798 vin
279 737 420 801 credibile
452 747 500 800 est
531 739 672 802 Severum
693 740 817 801 Romam
846 741 988 816 rediisse,
1021 761 1087 804 cum
1110 745 1171 806 sint
1192 756 1262 824 post

44 839 168 900 pugnam
190 821 420 899 Lugdunensem
442 825 484 898 (ξ.
507 823 556 900 Χ.)
578 824 669 884 multa
692 823 787 886 adbuc
808 826 843 886 ab
866 827 932 906 ipso
955 828 1166 906 compositam,
1183 831 1261 894 unde

45 907 87 977 lit,
110 913 142 965 ut
162 923 216 966 nec
237 904 353 966 libellus
376 906 411 966 ad
434 906 587 985 Martyres,
616 908 666 986 qui
687 917 792 970 uestro
816 918 860 972 est
881 909 1027 990 superior,
1055 913 1114 972 nisi
1135 912 1173 973 ad
1195 913 1259 976 eius

44 989 236 1062 annifinem,
267 989 394 1066 scriptus
416 989 517 1069 possil
537 991 604 1052 dici.
651 991 703 1052 Cui
726 993 751 1052 si
774 993 915 1055 addamus
937 994 981 1067 id,
1013 996 1091 1074 quod
1115 1013 1171 1056 suo
1194 996 1260 1058 loco

44 1073 227 1144 docebimus,
259 1072 365 1134 librum
388 1073 425 1134 de
446 1073 613 1136 idololatria
633 1077 831 1154 posteriorem
859 1097 925 1140 esse
953 1097 989 1138 eo
1011 1079 1048 1140 de
1070 1079 1260 1158 Spectaculis,

44 1167 73 1219 et
94 1157 196 1217 eodem
219 1175 296 1217 anno
318 1157 532 1236 compositum,
561 1160 633 1220 haec
655 1167 757 1221 nostra
780 1161 816 1222 de
838 1171 931 1224 aetate
953 1161 1019 1222 libri
1042 1162 1078 1224 de
1100 1164 1260 1242 Spectacu-

42 1241 79 1301 lis
102 1241 244 1302 sententia
267 1240 336 1301 inde
358 1242 525 1303 necessario
548 1243 735 1322 intelligetur.
765 1245 859 1324 Atque
880 1247 952 1307 baec
974 1247 1076 1308 eadem
1098 1247 1166 1309 libri
1179 1258 1261 1312 aetas

43 1326 226 1386 demonstrat
248 1324 328 1396 satis,
358 1343 417 1386 nou
439 1344 530 1406 posse
554 1345 621 1389 eum
643 1328 744 1388 haberi
767 1329 796 1389 in
819 1349 943 1392 numero
967 1350 1082 1404 eorum,
1105 1351 1180 1411 qnos
1203 1334 1258 1394 ad-

43 1411 137 1471 dictus
165 1417 261 1470 sectae
283 1409 529 1472 Montanistarum
551 1411 749 1474 Tertullianus
777 1414 969 1493 conseripsit3
1006 1415 1076 1477 huic
1104 1417 1182 1477 enim
1205 1418 1259 1478 ad-

41 1495 172 1554 iunxisse
194 1512 227 1555 se
255 1511 323 1554 euru
346 1512 423 1573 a..p.
447 1494 478 1555 C.
502 1495 536 1555 N.
561 1495 615 1558 CC.
639 1515 727 1575 supra
749 1497 975 1577 disputarimus,
1010 1519 1106 1580 neque
1136 1501 1191 1562 ulla
1214 1509 1262 1564 est

41 1579 100 1656 ipsi
130 1577 205 1638 libro
239 1577 384 1655 impressa
414 1589 482 1639 nota
511 1578 615 1640 imbuti
637 1581 880 1644 Montauistarurn
903 1583 1057 1661 erroribus
1080 1584 1179 1645 animi.
1223 1586 1260 1646 dt

41 1663 90 1722 hic
112 1670 205 1722 tamen
228 1661 343 1723 libellus
366 1661 441 1722 libro
464 1663 501 1724 de
523 1663 640 1725 Corona
661 1665 812 1743 posterior
833 1675 893 1738 est,
923 1687 1009 1746 quem
1033 1687 1120 1730 nemo
1142 1669 1259 1730 Monta-

40 1746 128 1806 nismi
150 1746 231 1824 signa
253 1745 363 1807 babere
385 1753 480 1825 negat
511 1747 554 1808 lta
575 1749 636 1809 iere
659 1747 852 1811 Holimaunus
875 1752 917 1826 (in
933 1751 1012 1812 Diss
1028 1751 1105 1813 laud.
1122 1755 1150 1829 ξ.
1168 1753 1258 1830 Vll.);

42 1849 58 1890 a
82 1849 138 1908 quo
161 1830 186 1889 si
209 1829 353 1890 rationem
375 1829 439 1892 eius
461 1831 503 1893 rei
525 1832 670 1910 postulas,
693 1841 829 1894 nostrum
844 1835 993 1913 prodiisse
1007 1835 1115 1897 librum
1129 1854 1258 1916 respon·

42 1915 107 1986 det,
147 1932 233 1986 „cum
256 1931 312 1992 pau
334 1913 482 1975 Ecclesiae
504 1933 565 1976 non
588 1917 706 1995 quidem
729 1917 829 1979 Severi
853 1919 971 1993 edictis,
1006 1920 1058 1980 sed
1081 1921 1258 1983 damonibus

40 1998 143 2078 populi
171 2005 200 2058 et
218 1997 387 2078 praesidum
410 1999 581 2061 auctoritate
609 2000 721 2062 sublata
752 2008 864 2063 esset.“
907 2003 944 2063 At
965 2004 1068 2064 eodem
1096 2004 1146 2066 illo
1168 2023 1259 2085 argu-

41 2089 142 2142 mento
176 2082 336 2156 adductus,
375 2099 440 2143 eum
472 2083 602 2145 animum
631 2085 791 2165 appelleret
818 2087 853 2147 ad
876 2087 1064 2149 scribendum
1092 2088 1200 2151 librum
1222 2091 1259 2151 de

41 2165 238 2246 Spectaculis,
262 2165 475 2229 Tertullianum
497 2168 584 2246 plane
607 2169 741 2230 existimo
773 2170 956 2232 orthodoxae
978 2172 1105 2233 familiae
1127 2172 1259 2234 sodalem

40 2251 142 2311 serisso.
187 2249 318 2329 Namque
341 2251 399 2312 vim
421 2254 584 2329 argumenti
607 2253 746 2314 contrarii
771 2255 936 2316 universam
959 2255 989 2315 in
1013 2275 1048 2316 eo
1071 2275 1138 2317 esse
1161 2257 1258 2331 video,

39 2334 119 2414 quod
147 2334 177 2394 in
205 2335 263 2396 isto
291 2335 368 2395 libro
397 2335 433 2396 de
456 2336 572 2397 Corona
599 2339 636 2412 (c.
663 2341 689 2399 l.
713 2357 743 2416 p.
770 2342 839 2403 120.
863 2338 907 2415 C.)
930 2339 1127 2401 Tertullianus
1149 2341 1257 2402 bonam

37 2420 214 2498 longamque
235 2437 337 2497 pacem
360 2419 533 2481 Christianis
556 2421 651 2482 adhuc
671 2422 763 2483 luisse
786 2423 878 2498 dicat3
908 2425 954 2484 cui
977 2423 1046 2502 quid
1068 2426 1256 2502 responden-

38 2503 110 2562 dum
133 2503 180 2577 sit,
203 2512 308 2582 postea
331 2503 447 2564 dabitur
468 2504 653 2566 commodior
678 2505 794 2567 dicendi
816 2507 910 2567 locus.
956 2507 1015 2568 Sed
1037 2508 1116 2568 istud
1139 2527 1154 2568 a
1178 2511 1257 2569 veri-

37 2595 99 2647 tate
114 2587 241 2648 alienum
258 2594 314 2660 est,
337 2589 416 2668 qrrcd
438 2589 474 2649 de
491 2587 669 2667 Spectaculis
691 2590 766 2650 liber
788 2591 917 2669 scriptus
941 2591 979 2652 sit
999 2602 1069 2670 post
1091 2591 1199 2652 librum
1221 2593 1259 2653 de

38 2672 174 2745 Corona,
208 2672 291 2733 ouius
313 2673 357 2732 rei
381 2680 487 2732 testem
510 2672 651 2733 habemus
673 2673 772 2752 ipsum
795 2673 1007 2735 Tertullianum
1030 2675 1114 2752 plane
1137 2683 1257 2736 contra--

35 2756 133 2828 rium,
163 2755 265 2834 quiin
287 2755 347 2817 isto
370 2756 406 2816 de
429 2755 544 2816 Corona
566 2757 664 2817 libello
688 2760 762 2836 (cap.
785 2760 843 2833 d.):
882 2757 950 2819 bario
971 2763 1129 2827 meterr'ce,
1154 2758 1258 2836 iniquit,

31 2851 167 2920 propter
189 2841 376 2903 suaviludios
399 2850 525 2902 nostros
556 2859 663 2918 praeco
686 2859 800 2921 quoque
823 2841 893 2903 stilo
916 2842 1134 2918 accrescentem
1157 2842 1256 2920 loqui-

37 2933 89 2984 tur
110 2932 208 2985 autern
230 2925 266 2984 de
290 2923 487 3004 Spectaculis,
517 2941 591 3002 quae
614 2925 698 2985 ducta
719 2933 803 3004 putat
826 2943 861 2985 ex
884 2924 993 2985 diaboli
1014 2924 1178 3002 disciplina.
1222 2925 1258 2987 Et

37 3010 97 3068 boc
118 3009 216 3086 ipsum
239 3009 297 3070 iam
318 3009 455 3069 Allixium
478 3009 652 3080 commovit,
675 3017 708 3068 ut
729 3016 864 3069 nostrum
887 3009 924 3068 de
946 3009 1126 3086 Spectaculis
1148 3008 1258 3070 librum

36 3093 235 3172 antiquiorem
259 3113 294 3154 eo
318 3111 385 3154 esse
408 3093 595 3166 decernerem
632 3093 715 3153 cuius
737 3093 902 3170 argumenti
922 3092 981 3152 vim
1005 3111 1040 3152 eo
1064 3093 1258 3156 Hoffmannus

38 3177 101 3237 vult
122 3177 272 3256 frangere,
300 3177 379 3255 quod
402 3177 439 3237 de
460 3195 564 3255 graeco
586 3176 683 3237 libello
707 3195 877 3238 sermonem
905 3196 972 3236 esse
999 3176 1171 3254 pronuntiat
1202 3195 1257 3239 ne-

36 3269 145 3339 gatque
178 3262 256 3322 idem
279 3261 315 3322 de
336 3261 426 3322 latino
448 3269 572 3340 propter
593 3261 722 3323 rationes
738 3280 753 3322 a
770 3279 802 3322 se
817 3261 955 3321 adductas
972 3261 1161 3322 sentiendum
1177 3281 1257 3323 esse.

35 3349 133 3423 Atque
157 3363 211 3424 ego
234 3363 295 3406 non
318 3345 442 3416 inficior,
465 3345 677 3406 Tertullianum
699 3346 735 3407 de
758 3364 794 3405 eo
809 3345 885 3406 libro
901 3345 994 3405 fuisse
1009 3345 1147 3416 locutum,
1170 3365 1258 3424 quem

35 3429 76 3489 de
106 3429 280 3508 spectaculis
303 3429 372 3489 olim
395 3447 498 3508 graece
520 3429 755 3509 composuisset3
783 3429 835 3490 sed
858 3448 953 3508 neque
975 3429 1046 3488 illud
1069 3438 1258 3508 potestesse

36 3513 217 3587 obscurum,
247 3522 313 3574 ante
342 3514 432 3574 istum
464 3531 600 3592 graecum
629 3513 717 3575 latine
740 3514 829 3574 etiam
851 3533 918 3575 oum
941 3521 1169 3592 commentatum
1186 3525 1259 3576 'esse

35 3599 74 3657 de
99 3598 204 3658 eodem
227 3607 409 3676 argumento.
440 3597 543 3660 Nonne
565 3597 643 3659 enim
661 3599 704 3671 ie,
728 3599 777 3677 qui
800 3599 836 3658 de
858 3597 1032 3677 spectaculis
1056 3616 1158 3675 graece
1180 3617 1257 3675 quo-

34 3701 95 3760 que
119 3701 153 3742 se
176 3681 287 3743 dixisse
316 3684 433 3754 fatetur,
456 3681 533 3742 idem
555 3683 620 3758 hoq,
634 3683 763 3743 voluisse
786 3683 952 3743 censendus
976 3689 1031 3752 est,
1054 3700 1087 3739 se
1110 3680 1179 3740 olim
1203 3679 1260 3740 alia

35 3766 127 3825 etiam
151 3765 249 3844 lingua
272 3766 351 3827 istud
373 3772 578 3844 argumentum
600 3763 768 3827 tractasse?
806 3765 842 3826 de
865 3765 1029 3826 rationibus
1053 3771 1150 3823 autem
1172 3762 1256 3823 Holi-

34 3849 141 3910 manni
164 3849 194 3910 in
216 3849 391 3910 contrariam
421 3857 535 3928 partem
568 3848 664 3928 allatis
697 3849 754 3909 iam
784 3849 885 3909 monui
908 3867 954 3909 me
976 3855 1079 3926 postea
1102 3846 1257 3906 dicturum.

33 3935 141 4012 Neque
164 3941 212 3993 est
233 3933 395 3995 audiendus
410 3933 523 4005 Pinius‚
546 3931 594 4011 qui
618 3931 696 3992 baruc
717 3932 834 4011 quidem
857 3933 962 3992 libanu
986 3949 1051 3990 cum
1074 3948 1120 3998 eo,
1143 3929 1192 4006 equi
1215 3937 1260 3990 est

35 4019 75 4077 de
105 4015 289 4088 idololatria,
324 4017 440 4078 circiter
468 4035 493 4077 a.
517 4017 599 4078 cett.
623 4023 674 4076 aut
696 4017 791 4076 CClll.
816 4017 958 4095 scriptum
988 4031 1056 4074 esse
1085 4013 1260 4090 opinatura

36 4100 225 4161 Tertulliano
254 4101 311 4161 iam
340 4101 375 4161 ad
403 4119 521 4162 errores
544 4099 788 4162 Montauislarum
811 4098 963 4178 proclivio.
1009 4099 1073 4168 Qua
1096 4096 1125 4155 iu
1149 4115 1181 4155 re
1204 4096 1258 4156 de-

34 4193 159 4264 ceptum
183 4203 249 4246 eum
272 4203 341 4244 esse
363 4185 501 4264 suspicor
521 4185 608 4245 natali
631 4183 721 4244 Getae
744 4183 894 4254 Caesaris,
924 4181 1008 4258 ouius
1030 4179 1149 4239 meruiui
1174 4197 1258 4240 uren-

34 4272 152 4330 tionem
175 4269 240 4330 sieri
262 4269 292 4330 in
313 4269 392 4330 Actis
414 4269 577 4348 Perpetuae
599 4275 629 4329 et
649 4265 824 4339 Felicitatis,
858 4283 933 4344 quae
962 4262 1261 4343 quidemrcroduntur

34 4375 73 4415 eo
98 4372 179 4415 auno
202 4360 329 4414 mortem
352 4351 491 4414 subiisse.
536 4352 621 4414 Hunc
641 4369 712 4412 vero
736 4349 860 4410 natalem
883 4355 967 4427 putat
988 4367 1004 4408 a
1027 4347 1206 4409 Tertulliano
1229 4347 1260 4409 iu

70 4507 96 4554 p.
124 4491 149 4538 V.
169 4489 299 4539 Herodiani
318 4489 377 4538 illst
405 4488 444 4536 lib.
463 4489 505 4537 ill.
530 4503 582 4552 cap.
600 4487 623 4537 8.
677 4481 1263 4546 seorsucctostasrtques.Edit.rarisuucxcttt.

34 4559 76 4607 ed.
96 4557 207 4607 Booclsri
228 4571 251 4620 p.
273 4555 328 4604 144.
682 4555 705 4602 in
723 4551 747 4601 4.
767 4551 835 4599 Torn.
856 4552 872 4600 Ι.
890 4565 914 4614 p.
933 4550 964 4599 91
986 4549 1141 4600 ettotam.
1165 4551 1185 4598 l.
1247 4565 1254 4606 χ
1329 4571 1337 4584 ·

74 4641 97 4688 q.
124 4624 151 4672 lo
178 4623 292 4673 Nouvelle
316 4621 482 4684 bibliotheque
513 4623 556 4672 des
579 4623 627 4670 bu·
