3166 5250
296 373 358 436 464
387 387 578 434 orsscnrerra
594 387 624 430 m
641 389 688 439 ou.
705 387 790 432 ssrr.
806 387 892 430 reon.
910 385 1105 430 rnnroccum
1121 387 1362 430 croccanrrcnn
1378 387 1458 430 carr.

295 544 372 601 siam
394 537 590 601 Delventinus
612 535 796 611 (Tertullian.
821 537 885 598 loco
908 537 981 612 cit),
1012 537 1057 598 rel
1080 537 1155 600 sicut
1178 537 1305 598 codices
1327 537 1423 598 nostri
1444 537 1507 599 anti·

295 624 413 704 quiores
435 640 523 684 manu
545 623 653 684 exarati
676 622 774 684 etalii
798 623 1032 694 Cosianmsium,
1054 621 1239 684 vetustiores
1264 621 1338 683 editi
1356 623 1507 686 Crustumi-

295 712 452 776 m'ensium,
476 717 505 768 et
531 715 635 786 postea
657 706 686 766 in
709 707 884 786 quibusdam
907 707 1085 768 editionibus
1107 707 1324 769 Beloentinus.
1371 707 1507 768 Cassiaco

199 819 203 826 v
294 811 364 854 vero
388 793 561 870 Campaniae
585 791 725 870 oppidum
748 791 907 865 Samnites,
931 793 971 852 ait
993 791 1085 854 Varro
1107 793 1204 867 (liam.
1229 791 1283 852 lib.
1309 791 1356 852 Vl.
1381 792 1415 852 de
1437 791 1506 870 Ling.

260 935 267 942 .
294 877 357 939 Lat.
380 895 409 956 p.
434 881 507 952 77.),
540 895 575 937 ex
603 875 719 938 Sabinis
753 875 810 936 orti
838 876 966 956 primum
995 895 1028 938 ac
1056 877 1180 938 llomaui
1213 875 1326 937 deinde
1357 885 1506 937 tennerunt.

294 955 472 1023 Nomionem
495 961 594 1040 oppidi
616 959 694 1022 illius
717 961 812 1021 iecere
834 960 946 1022 Plinius
969 961 1054 1035 (Plio.
1076 961 1127 1022 lib.
1151 961 1202 1022 lll.
1229 961 1310 1022 llist.
1334 961 1435 1022 Natur.
1457 979 1505 1040 cap.

295 1051 337 1119 4.)
361 1056 389 1109 et
411 1047 501 1108 Silius
524 1045 588 1119 (Sil.
612 1045 672 1106 ltal.
696 1043 745 1106 lib.
770 1045 832 1106 Xll.
855 1049 993 1120 1525),
1015 1063 1183 1125 nomenque
1207 1045 1284 1107 illud
1309 1045 1341 1106 in
1364 1044 1505 1106 111111111-

295 1131 505 1211 scriptionibus
533 1129 697 1192 aGmtero
727 1129 812 1191 editis
841 1130 968 1192 ocurrrit
1000 1130 1129 1204 (Gruter.
1152 1149 1181 1209 p.
1209 1133 1331 1196 13611
1357 1135 1445 1204 151.)
1482 1129 1505 1190 81

263 1282 268 1290 ,
294 1217 359 1296 quis
382 1226 480 1277 umen
501 1215 542 1276 ibi
564 1214 660 1294 legere
684 1214 765 1274 malit
781 1209 1093 1288 Crusluminiensium,
1110 1215 1289 1295 opinionem
1306 1233 1393 1276 suam
1407 1215 1506 1275 11111111

294 1301 405 1380 poterit
425 1301 472 1362 bis
495 1299 605 1380 Virgilii
627 1297 779 1379 versibus:

596 1419 638 1428 -
658 1417 700 1428 ·—
723 1417 763 1427 —
786 1384 845 1445 Nec
867 1385 1010 1446 'siccantes
1032 1385 1108 1446 idem

600 1470 778 1531 Crustumiis
802 1468 957 1552 Syriisque
975 1474 1074 1548 pyris.

935 1553 1045 1632 (virgil.
1068 1553 1119 1613 lib.
1143 1552 1176 1613 ll.
1202 1553 1318 1632 Georg.
1342 1573 1369 1614 r.
1394 1555 1453 1628 88.)

293 1639 412 1702 Servius
434 1637 541 1718 quippe
563 1639 636 1699 hacc
657 1636 765 1704 ibidem
788 1637 939 1704 observat:
974 1639 1147 1700 Crustumio
1164 1655 1251 1717 pyra
1275 1649 1351 1700 sunt
1374 1657 1413 1699 en
1430 1645 1504 1718 parta

293 1725 432 1788 rubentia
464 1725 500 1784 ob
530 1725 638 1804 oppido
669 1723 851 1784 Crustumio.
895 1723 1002 1801 Agrum
1032 1741 1100 1782 vero
1134 1721 1365 1786 Crustuminum
1398 1721 1502 1798 eiusque

293 1810 383 1872 sitmn
405 1807 515 1868 Plinius
542 1805 637 1868 bisce·
652 1807 749 1868 vorbis
777 1807 935 1868 describit:
975 1807 1059 1869 Citra
1088 1809 1229 1869 tredecim
1252 1807 1353 1870 millia
1373 1823 1502 1889 possum

292 1894 379 1956 urbis
406 1893 549 1954 Veientem
577 1909 682 1971 aprum
712 1911 729 1952 a
754 1892 958 1962 Crustumino,
989 1895 1055 1953 dn'n
1077 1891 1251 1954 Fidenatem
1281 1893 1500 1972 Latinumqnea

217 2003 225 2017 ·
296 1977 435 2040 Vaticano
459 1977 602 2038 ‹lirrinens
630 1975 715 2048 (Plin.
738 1975 787 2036 lib.
811 1974 858 2036 lll.
882 1975 981 2037 Natur.
1006 1975 1081 2037 Hist.
1105 1994 1167 2055 cap.
1191 1981 1246 2056 5.).
1293 1979 1332 2036 At
1353 1974 1438 2056 paulo
1459 1991 1499 2033 an·

249 2074 255 2080 '
293 2071 340 2124 toa
362 2063 450 2123 alium
474 2061 694 2122 Crustuminum
722 2070 935 2122 memoraverat
963 2059 1048 2135 (ibid.
1071 2079 1100 2140 p.
1125 2061 1221 2136 322),
1252 2061 1304 2140 qni
1328 2060 1443 2140 quidem
1463 2055 1499 2117 ubi
1540 2109 1541 2140 p

294 2149 368 2208 situs
398 2147 493 2218 inerit,
523 2146 580 2205 iam
609 2145 770 2224 ignoratur.
814 2145 966 2206 Aleliorum
988 2164 1078 2225 porro
1101 2145 1362 2224 antiquiorumque
1385 2145 1499 2205 codicum

292 2231 457 2292 auctoritati
480 2230 505 2288 si
521 2229 682 2290 cedendum
698 2237 752 2302 est,
775 2229 971 2291 Tertullianus
987 2231 1201 2292 Casiniensium
1218 2231 1364 2310 oppidum
1379 2229 1499 2305 designa·

292 2315 334 2375 rit
356 2312 539 2390 (Tertullian.
563 2313 715 2392 Apologct.
739 2331 800 2392 cap.
824 2317 875 2378 24.
899 2323 927 2375 et
948 2314 998 2375 lib.
1022 2316 1057 2376 ll.
1081 2315 1116 2375 ad
1139 2313 1256 2377 Notion.
1282 2335 1347 2396 cap.
1361 2317 1413 2391 8.),
1435 2307 1496 2390 quad

293 2419 371 2461 1111111
393 2407 523 2459 montem
546 2397 685 2460 Casinum
708 2417 774 2458 esse
797 2397 972 2458 existimant.

376 2483 487 2544 llehinc
517 2481 564 2542 ille
602 2481 816 2543 Narniensium
847 2483 1024 2545 l'isidianus.
1073 2483 1110 2543 At
1137 2483 1250 2546 Plinius
1293 2483 1344 2545 ubi
1378 2479 1496 2544 Umbriae

293 2567 399 2649 oppida
421 2566 606 2648 populosque
629 2575 794 2628 enumerat:
830 2567 1022 2638 Narnienses,
1053 2567 1156 2648 inquit,
1186 2571 1268 2649 meod
1290 2569 1432 2650 oppidum
1451 2561 1497 2624 Ne-

293 2659 417 2736 quinum
438 2664 527 2714 anteo
556 2661 694 2714 uocatum
717 2663 762 2714 est
794 2651 878 2722 (Plin.
901 2651 950 2712 lib.
974 2651 1023 2713 lll.
1048 2651 1121 2713 llist.
1145 2653 1247 2714 Natur.
1272 2673 1337 2735 cap.
1365 2657 1433 2727 14.)
1471 2645 1496 2706 E!

292 2749 370 2801 certe
394 2738 536 2817 scriptum
557 2755 573 2797 a
596 2735 679 2796 Liria
701 2736 840 2814 legimus:
866 2737 951 2800 Alter
975 2737 1080 2799 consul
1095 2738 1237 2818 Apulu'us
1264 2743 1296 2801 in
1316 2737 1435 2799 Umbrio
1450 2731 1494 2793 Ne·

292 2827 415 2907 quinum
437 2823 578 2904 oppidum
602 2825 799 2883 circumsedit.
835 2821 928 2884 locus
951 2832 1016 2883 erat
1039 2823 1154 2884 ardicus
1177 2835 1267 2904 atquc
1288 2829 1496 2904 inpertemus

289 2925 444 2990 praeceps,
479 2909 532 2968 uli
562 2924 642 2992 nunc
665 2905 783 2968 Narnia
816 2911 876 2967 sito
904 2917 949 2968 est
982 2905 1055 2978 (Lis.
1079 2905 1130 2967 lib.
1149 2907 1189 2968 x.
1212 2925 1277 2987 cap.
1301 2909 1356 2984 9.).
1400 2905 1494 2965 Nomen

293 3003 390 3054 autem
416 2992 486 3053 illud
516 2992 642 3071 sumpsit
669 2991 763 3052 abeo
787 3009 845 3067 quo
868 2989 984 3051 alluitur
1006 2991 1081 3052 Nare
1103 2991 1201 3064 liuvia,
1230 2993 1273 3054 uti
1297 2993 1344 3054 his
1368 2987 1493 3062 intelliges

292 3077 445 3140 Strabonis
468 3075 581 3136 verbis:
605 3072 729 3158 Νάρνα,
754 3068 799 3137 dc'
826 3062 862 3159 ἧς
884 3073 935 3158 ῥεῖ
957 3069 974 3136 ὁ
999 3071 1072 3158 Νὰρ
1095 3073 1266 3156 necunde:
1305 3077 1430 3144 Namu'a,
1447 3083 1492 3151 ptr

293 3181 381 3243 quam
401 3163 471 3240 fluit
495 3159 561 3220 Nor
582 3162 696 3239 fluuius
730 3159 837 3232 (Strab.
860 3159 910 3220 lib.
934 3159 965 3220 i.
991 3159 1096 3238 Geogr.
1120 3181 1149 3241 p.
1162 3163 1271 3235 ἃ27.)
1317 3160 1411 3222 Variis
1432 3173 1492 3235 quo·

292 3265 348 3324 que
370 3245 446 3324 apud
470 3244 626 3305 Gruterum
649 3244 890 3324 inscriptionibus
912 3244 1091 3305 Narnienses
1114 3241 1299 3308 celebrantur
1328 3246 1490 3320 (6111111.)-

294 3333 364 3393 174.
388 3329 521 3407 inscript.
545 3333 586 3402 4.,
609 3347 638 3407 p.
662 3331 733 3394 388.
757 3329 888 3407 inscript.
913 3331 953 3402 2.,
976 3347 1005 3408 p.
1029 3331 1100 3394 460.
1125 3329 1257 3410 inscript.
1282 3335 1336 3408 4.).
1471 3403 1475 3414 ,

374 3413 529 3473 Praeterea
552 3413 789 3476 aesculanorum
811 3416 951 3484 Ameria,
976 3413 1004 3474 in
1026 3413 1101 3475 libro
1124 3414 1159 3476 acl
1182 3415 1323 3478 Nationes
1346 3423 1375 3475 et
1395 3415 1487 3498 nostris

291 3495 508 3576 manuscriptis·
531 3497 744 3576 exemplaribus
779 3499 909 3559 Ancaria
942 3498 1123 3570 (Tertullian.
1146 3498 1211 3560 loco
1240 3501 1314 3576 cit).
1357 3498 1381 3559 A
1410 3493 1488 3556 Plinio

291 3589 387 3644 autem
410 3579 530 3645 dicitur:
556 3581 678 3643 Colonia
701 3583 842 3642 Asculum
864 3581 966 3644 Piceni
985 3583 1171 3646 nobilissima
1192 3583 1278 3658 (Plin.
1302 3583 1352 3646 lib.
1371 3579 1422 3642 lll.
1443 3573 1486 3636 Na·

291 3675 347 3728 tur.
364 3665 446 3728 trist.
470 3678 533 3746 cap.
560 3669 631 3742 15),
664 3666 746 3728 cuius
776 3666 895 3727 1111111111
923 3662 1030 3728 multae
1059 3675 1158 3728 cutam
1179 3669 1254 3748 apud
1279 3669 1432 3730 Grutcmm
1450 3659 1487 3718 in·

291 3752 465 3832 scriptiones
488 3749 616 3823 (Crnter.
640 3769 669 3830 p.
692 3753 763 3814 465.
787 3751 918 3830 inscript.
945 3757 958 3815 1
985 3760 1014 3814 et
1038 3757 1149 3831 10.‚p.
1173 3755 1244 3817 371.
1268 3753 1401 3833 inscript.
1425 3751 1448 3809 1.
1468 3745 1487 3798 11

290 3857 319 3918 p.
343 3840 415 3900 427.
438 3835 570 3915 inscript.
595 3839 645 3911 l.).
690 3835 795 3898 Strabo
825 3855 894 3897 vero
918 3831 1059 3902 ’Ἀσκλον
1080 3833 1118 3898 τὸ
1141 3833 1294 3922 chpldr.
1322 3835 1398 3898 -Sed
1424 3821 1486 3892 aliud

291 3931 336 3983 est
358 3921 505 3993 Asculum,
527 3919 648 3999 Apuliae
671 3921 822 4001 oppidum,
845 3921 948 4000 Pyrrhi
971 3922 1051 3983 clade
1073 3922 1270 3984 notissimum.
1301 3923 1342 3984 De
1364 3920 1486 3982 atterutro

290 4015 388 4068 autem
408 4006 486 4067 baud
508 4005 596 4066 dubie
617 4005 746 4084 loquitur
767 4007 876 4066 Auctor
898 4015 1009 4074 noster,
1033 4007 1091 4068 nisi
1114 4007 1236 4069 eandem
1258 4007 1342 4069 deam
1364 4006 1395 4066 in
1414 4009 1483 4088 utroj

290 4111 346 4171 qtre
369 4091 474 4152 cultam
495 4091 588 4152 inisse
609 4089 789 4170 probaveris.
820 4089 861 4152 lle
883 4091 983 4170 priore
1005 4100 1101 4153 tamen
1125 4099 1291 4154 sermonem
1314 4091 1349 4153 ab
1363 4088 1411 4151 illo
1426 4085 1484 4144 fico.

291 4176 346 4236 erit
369 4176 491 4238 forsitan
514 4175 564 4254 qui
586 4174 689 4236 confici
711 4193 801 4254 posse
822 4175 934 4255 putabit
955 4175 1001 4236 bis
1023 4175 1132 4240 Lucani
1156 4177 1192 4238 dc
1207 4177 1331 4240 Lentulo
1353 4167 1484 4234 version:

592 4295 634 4305 -
656 4293 697 4304 —-
719 4293 760 4303 -
783 4259 953 4340 Depellitur
975 4279 1045 4323 arce
1153 4287 1155 4294 ⁴

593 4345 737 4412 Lentulus
760 4343 896 4406 lisculeo.

856 4429 975 4502 (Lucan.
999 4430 1129 4493 Pharsal.
1152 4431 1201 4493 lib.
1224 4431 1260 4492 ll.
1284 4451 1309 4492 r.
1335 4428 1413 4498 150.)

291 4511 415 4585 Quidam
444 4511 521 4572 enim
549 4513 781 4575 animadvertunt
802 4514 928 4578 Escuieo
949 4523 979 4576 et
1000 4516 1126 4579 Ascnleo
1153 4517 1354 4578 indifferenter
1374 4509 1484 4572 ticum:

290 4595 390 4676 quidni
413 4605 442 4658 et
463 4597 613 4669 Aesculeo,
637 4599 713 4660 unde
735 4597 898 4674 Aesculani,
919 4600 964 4661 dc'
977 4599 1082 4680 quibus
1104 4619 1183 4663 nunc
1204 4599 1319 4682 agion?
