3122 5250
288 381 352 446 322
386 398 577 444 nrssnnrsrro
591 398 621 440 m
638 397 687 448 oo.
700 397 785 442 scer.
800 399 885 443 scon.
902 401 1097 444 rsnrucennr
1110 401 1328 445 nouocrrrcmr
1340 399 1415 444 cerr.

251 563 254 568 ·
288 550 415 630 denique
438 567 494 630 pro
521 549 616 612 sectili
644 547 752 611 tabule.
794 549 832 610 tc
858 549 988 612 seorndo
1011 567 1104 614 sensu
1125 551 1189 614 exis
1211 568 1314 614 nomen
1332 569 1348 612 r
1367 546 1467 610 Tertul-

287 635 366 698 liuno
393 634 484 715 accipi
511 634 626 696 ridetur
654 641 684 695 et
704 633 740 695 nb
762 632 812 694 illo
837 634 995 714 significari
1018 644 1159 714 mamyres
1182 636 1330 715 obquando
1350 633 1382 696 sd
1400 650 1468 696 nen

287 721 443 800 integrum,
470 718 600 782 crebrius
628 735 698 780 vero
721 718 757 779 acl
793 718 922 798 stipitem
950 719 1013 781 sire
1034 721 1143 782 fustem
1163 731 1260 783 terroe
1279 721 1403 790 ecorum,
1426 715 1468 778 scd
1538 737 1539 792 p

286 805 349 867 exis
376 804 497 866 dimidio
525 804 680 878 minorem,
709 803 856 865 revinctos
884 805 1017 866 mereari.
1060 804 1176 867 Etbnici
1201 806 1297 885 iteque
1323 800 1469 866 thronus

288 889 423 951 omnibns
445 889 568 951 ridimlo
589 891 792 950 cmuciornn
812 888 933 949 nomine
957 889 1144 951 instillabant.

371 974 476 1038 Verum
504 973 587 1035 bisce
615 972 705 1034 tentis
733 979 849 1051 tamque
876 973 1033 1035 horrendis
1055 973 1207 1054 suppliciis
1228 973 1329 1036 saban
1346 989 1402 1034 non
1419 975 1470 1030 eret

284 1056 1166 1223 attttdtdttltttdttfellitis,
1180 1057 1471 1223 ‘ttinilttdt'

285 1233 342 1300 nis,
375 1226 543 1310 quintiles
571 1227 605 1288 de
632 1231 733 1308 requie
759 1226 945 1306 sepulturae,
980 1229 1014 1289 de
1041 1226 1127 1307 osplo
1155 1229 1282 1310 modom
1306 1229 1406 1289 nortis
1424 1226 1471 1284 ion

285 1313 371 1385 elios,
394 1317 453 1375 iorn
466 1329 521 1374 nee
534 1321 614 1375 totos
629 1311 771 1382 evellunt,
796 1312 950 1382 dissecent,
967 1312 1139 1375 distrahunt
1152 1308 1470 1388 (lumemlpelegec

286 1399 431 1476 cepti).
473 1396 535 1457 Alia
554 1403 653 1458 cuum
674 1395 705 1457 in
726 1395 934 1457 dissertatione
967 1395 1132 1470 (Dissertst.
1153 1395 1185 1458 in
1206 1397 1336 1459 emant
1356 1412 1412 1473 cap.
1434 1394 1472 1454 ld.

284 1481 344 1543 Art
367 1484 410 1559 2.)
438 1481 625 1560 patefecimus
654 1487 761 1559 quanta
790 1479 897 1541 ethnici
918 1480 1032 1542 feritate
1053 1481 1083 1543 in
1105 1489 1288 1544 mortuorum
1310 1489 1338 1542 et
1357 1475 1471 1558 sepulto·

284 1583 350 1629 rum
364 1575 520 1647 martyrum
543 1583 667 1645 corpora
688 1565 820 1627 becobeti
840 1564 957 1626 fuerint.

780 1799 946 1851 sustentus
965 1800 995 1850 ll.

285 1905 398 1959 womodc
416 1903 507 1960 sunm
524 1909 642 1960 mammen
660 1915 736 1948 remen
754 1905 819 1948 merit
844 1904 1018 1949 Christianorum
1041 1905 1105 1960 isque
1130 1907 1239 1952 maiorem
1262 1917 1328 1962 quam
1344 1905 1423 1955 elene.
1443 1899 1473 1942 St·

356 1985 420 2026 neca,
437 1972 556 2028 Diogenes,
574 1971 662 2028 qurbo,
681 1972 802 2016 culinieue
820 1972 901 2028 aliique
919 1972 1043 2028 philosophi
1061 1979 1083 2018 el
1100 1982 1200 2018 oratores
1219 1974 1303 2020 ethnici
1320 1975 1347 2018 ad
1364 1985 1408 2030 per·

732 2039 870 2084 euadendum
883 2040 925 2083 vim
939 2039 1047 2083 hebuerit.
1083 2097 1086 2111 Ι

367 2156 492 2217 Tectum
513 2155 608 2228 abest,
629 2163 662 2216 nt
683 2173 726 2228 sa,
749 2173 823 2235 quae
845 2157 1071 2219 memoravimus
1092 2175 1127 2218 ec
1146 2156 1193 2217 rix
1207 2157 1330 2237 quidem
1343 2153 1472 2218 sirebor·
1538 2201 1539 2204 ,

283 2257 352 2303 rore
379 2240 473 2301 audiri
494 2247 630 2319 possunt,
658 2249 818 2320 mannum
840 2241 983 2320 supplicia
1003 2242 1077 2303 alios
1099 2241 1287 2306 tllrristieoos
1307 2260 1326 2304 a
1345 2233 1471 2317 rdiponis
1538 2240 1539 2248 ’

283 2343 354 2387 susc
374 2325 559 2404 professione
579 2323 791 2399 demeruerint,
813 2326 884 2405 quin
904 2326 973 2388 inde
989 2327 1129 2388 fortiores
1154 2327 1222 2388 fecti
1245 2327 1347 2406 plures
1360 2319 1473 2386 αΙιιιίωι

282 2409 319 2472 ecl
341 2427 405 2471 eam
425 2408 643 2488 amplexandam
663 2409 814 2482 uenerint,
836 2421 923 2489 atque
943 2411 982 2472 ite
1003 2419 1106 2473 suctus
1128 2429 1249 2490 semper
1270 2412 1358 2474 fucrit
1376 2408 1475 2470 illorum

282 2511 432 2556 brunerus.
474 2493 547 2554 Nem
569 2493 688 2572 ipsimet
708 2494 816 2555 ebroici
837 2495 942 2574 agnitis
964 2503 1122 2575 martyrum
1145 2502 1190 2556 tot
1209 2497 1361 2576 tantisque
1381 2489 1476 2556 euer-
1538 2565 1539 2580 χ

283 2578 360 2641 tibus
382 2578 513 2658 mireque
533 2595 658 2657 prorsus
681 2579 844 2640 constantis
866 2587 928 2641 tum
949 2581 1080 2660 profecto
1102 2579 1316 2654 alliciebantur,
1348 2587 1380 2641 nt
1398 2583 1478 2638 nnuc

281 2661 458 2724 fortitudinis
480 2680 595 2725 censum
611 2663 756 2724 curiosius
771 2663 953 2743 inquirerent
974 2683 1067 2743 caque
1092 2673 1245 2744 comperta
1260 2675 1292 2728 st
1313 2663 1479 2745 deprebentt

281 2749 387 2809 fierent
407 2745 573 2810 Christiani.
615 2747 708 2808 Nobis
729 2755 827 2809 autem
849 2748 876 2808 si
897 2749 965 2827 quis
986 2749 1061 2811 nolit
1081 2749 1213 2823 nederc,
1236 2751 1264 2813 is
1287 2747 1480 2812 Terbillicnna

281 2841 416 2894 nostrum
438 2831 550 2893 audiet:
577 2831 663 2905 Quis,
686 2832 790 2911 inquit,
813 2834 948 2912 martyris
970 2833 1092 2896 alioiius
1113 2833 1273 2898 maximam
1294 2835 1327 2898 in
1343 2825 1479 2896 termeno

155 2950 157 2958 ·
280 2917 473 2978 constentiam
494 2915 617 2978 intuitus
639 2933 701 2980 non
726 2918 974 2999 contemplatione
995 2922 1060 2981 etus
1082 2923 1259 2982 concutitur
1281 2921 1323 2982 od
1337 2921 1481 3000 requiren-

280 3003 350 3063 dum
370 3002 441 3083 quid
461 3005 543 3064 intus
564 3004 597 3063 fn
618 3019 653 3064 re
675 2999 739 3064 ciel
770 3002 845 3074 Quis
866 3021 930 3064 non
950 3004 1004 3065 ubi
1024 3007 1188 3086 requisivit,
1210 3002 1352 3068 cecedit?
1370 3002 1422 3064 uli
1438 3015 1480 3060 cc·

181 3099 185 3106 ’
280 3089 376 3157 cessit,
397 3089 479 3148 neore·
497 3097 622 3166 ereptor
642 3085 825 3160 (Tertullisn.
847 3086 999 3166 Apologet
1021 3106 1084 3167 cap.
1107 3085 1196 3164 bblf
1225 3089 1258 3151 id
1281 3098 1331 3151 est
1350 3087 1483 3167 agniteet

280 3170 415 3230 confessa
436 3167 514 3230 illius
536 3168 687 3248 religionis
708 3171 829 3231 veritate
857 3178 927 3233 tnnc
959 3180 1076 3250 exoptat
1098 3171 1279 3251 quibuslibet
1300 3173 1389 3234 vitam
1409 3166 1481 3230 unire

279 3253 454 3314 uudndbns
476 3260 506 3314 et
526 3251 701 3332 suppliciis?
733 3255 777 3316 Ad
799 3254 952 3334 Scapulam
971 3274 1043 3317 rero
1064 3256 1137 3318 baec
1157 3275 1278 3337 quoque
1301 3258 1372 3320 feeit
1391 3253 1482 3318 rerer:

283 3337 414 3418 Quisque
442 3347 556 3400 tannen
587 3338 777 3401 tolerantium
806 3349 943 3420 spectans
969 3352 1004 3403 ut
1035 3341 1136 3421 aliquo
1158 3342 1310 3423 scrupulo
1328 3353 1482 3424 percurret

279 3433 307 3484 et
327 3424 480 3502 inquirere
501 3423 674 3484 accenditur
695 3425 765 3504 qnid
786 3428 826 3486 sit
846 3428 879 3486 in
901 3443 993 3487 conso
1008 3435 1046 3496 et,
1066 3425 1121 3488 ubi
1130 3433 1317 3507 removerit,
1340 3429 1484 3490 ueritum

278 3515 307 3567 et
327 3509 391 3585 ipse
411 3510 514 3568 stotr'm
535 3509 671 3588 seqnitur
698 3507 790 3582 (ldem
811 3508 861 3569 lib.
884 3509 920 3570 sd
943 3509 1056 3590 Scapul.
1079 3529 1142 3590 rep.
1164 3515 1219 3588 4.).
1268 3512 1376 3574 Omru's
1397 3511 1483 3586 inque

277 3589 459 3652 Christianus
480 3599 551 3670 post
571 3590 721 3670 religionis
744 3611 816 3654 suae
837 3593 1054 3672 professionem
1076 3611 1192 3656 summo
1213 3594 1298 3658 illius
1313 3609 1482 3660 consemin-

277 3675 331 3736 dae
358 3674 543 3737 comendae
569 3675 710 3738 incensus
739 3677 836 3739 studio
860 3691 992 3758 perotus
1020 3689 1075 3752 est,
1106 3680 1147 3741 eit
1167 3679 1281 3742 Auctor
1315 3689 1429 3752 nosne,
1452 3673 1484 3737 sl

277 3777 362 3823 omne
395 3759 576 3842 suppliciunt
605 3760 698 3834 (ldem
718 3761 871 3841 Apologet
893 3781 956 3842 cap.
979 3765 1053 3839 db).
1095 3763 1174 3826 Nibil
1205 3765 1301 3839 eninr,
1334 3762 1483 3847 inquietet

275 3855 386 3908 nostro
405 3845 504 3924 refert
524 3847 557 3906 in
579 3844 633 3906 lroe
653 3863 736 3917 oceo,
758 3851 821 3908 nr'se'
839 3847 875 3909 de
896 3865 929 3911 eo
952 3849 1093 3912 madere
1116 3847 1201 3923 (lbicl.
1222 3868 1292 3930 cop.
1314 3857 1392 3928 lb).
1433 3843 1484 3910 Sed

275 3929 379 3990 melori
405 3946 554 4010 nunqnam
581 3928 672 4009 glorie
694 3929 802 3992 cleillo
824 3931 1005 4011 semigrare
1038 3932 1211 3995 exstimabat
1237 3953 1334 4014 quiam
1354 3930 1482 4014 martyrb

277 4021 445 4075 coronatus.
496 4073 504 4090 ,

359 4097 517 4178 δυεωριιε
542 4097 632 4177 igitur
663 4097 841 4161 obsistimus
867 4099 1019 4178 religionis
1047 4107 1206 4175 unchen,
1235 4103 1318 4166 sinit
1344 4103 1395 4164 ille
1419 4099 1482 4162 scite

275 4178 408 4255 sdrertit,
433 4183 535 4264 pudet,
563 4184 709 4245 minen
732 4188 875 4264 poenitet,
903 4188 966 4246 nise·
987 4185 1079 4266 plone
1107 4205 1170 4249 non
1190 4197 1282 4251 retro
1304 4190 1415 4269 sum
1455 4181 1486 4246 Si

275 4264 445 4339 ductetur,
478 4267 648 4347 gloriatum·
682 4271 712 4329 se·
734 4279 905 4340 cernetur,
937 4287 1001 4332 non
1027 4272 1175 4351 defendit:
1207 4275 1423 4352 interrogatus
1443 4265 1484 4330 erl

274 4347 359 4410 ultro
390 4351 565 4432 confitetnr5
601 4351 759 4416 donnslm
785 4357 901 4432 protios
929 4359 991 4436 nqr't
1018 4355 1280 4436 (Apolsep.1.).
1326 4357 1430 4438 Neque
1457 4349 1483 4414 id

274 4431 612 4498 sordesceremus
639 4436 676 4498 ab
697 4437 746 4498 illo
768 4437 944 4500 venditatum
965 4441 1124 4520 potereris.
1166 4440 1231 4502 llio
1256 4443 1342 4504 enim
1365 4446 1396 4504 in
1415 4439 1484 4502 libro

273 4516 344 4580 illud
366 4518 460 4580 adbuc
480 4519 524 4580 sic
544 4521 664 4601 repetit:
684 4520 954 4604 Neminem-pudet,
976 4529 1122 4588 nennnerr
1132 4529 1280 4606 poenitet,
1305 4532 1372 4594 nbi
1381 4525 1485 4610 pristi-

273 4620 392 4667 nomen
436 4602 471 4666 St
490 4605 661 4680 dmototnr,
682 4607 852 4688 gloriatum
875 4612 904 4672 st
923 4609 1069 4690 traditor,
1090 4629 1153 4676 non
1174 4611 1335 4689 udstsn't5
1359 4618 1484 4677 ricen-
