3020 5230
437 403 578 447 nnooons·
593 403 635 446 m.
658 403 720 449 sat.
743 401 869 448 annun.
947 393 954 406 “

185 551 305 602 Aduersus
324 535 477 607 liureionem.
573 611 576 618 ¹
846 553 963 640 adremon
981 553 1091 606 ludaeos.

222 659 225 664 '
275 653 333 718 Cap.
353 653 392 704 12.
893 653 928 704 Ex
946 669 999 721 oop.
1016 655 1041 706 9.

80 733 218 797 Provoca
240 755 329 808 nureo,
352 748 386 798 ut
401 735 479 798 soles
495 737 534 798 od
550 735 626 797 hono
719 735 920 800 Provocemus
946 743 1039 802 istam
1056 739 1262 820 praedicatio-

34 819 145 881 Eeoioe
157 821 406 899 comparationem
419 821 626 890 coelestem-
676 839 744 882 aem
759 821 866 884 Esaiae
886 834 917 884 et
935 823 1085 901 [oriamur
1107 841 1261 902 compara-

33 904 162 965 teodoas
184 903 269 966 ettam
290 909 322 966 io
343 903 429 966 nullo
455 909 624 965 convenire.
677 906 789 967 tionem
805 923 845 967 oo
862 905 993 977 Clara'sto,
1016 912 1070 988 pm·
1089 911 1150 968 iam
1170 912 1261 979 venit,

34 987 141 1049 Promo
157 991 242 1059 onim,
259 987 369 1068 inquis,
387 989 525 1051 Christus
537 987 626 1048 Esoo‘-
678 1000 826 1070 competat
845 990 895 1052 illi
910 996 1012 1070 primo
1034 1009 1156 1062 nomen,
1185 993 1265 1072 qnod

33 1091 73 1133 oe
91 1071 267 1134 Emmanuel
289 1077 396 1137 ooooro'
417 1072 548 1142 dolebit,
571 1071 625 1132 de·
678 1073 784 1136 Eooioa
795 1075 991 1152 praedicauit,
1005 1084 1033 1137 et
1046 1078 1177 1155 o'neo'pno'o
1190 1079 1262 1146 eius,

35 1155 109 1216 hino
128 1155 266 1217 virtutem
293 1177 411 1220 sumere
436 1157 571 1218 Damasci
598 1163 627 1216 et
678 1176 752 1238 puae
781 1160 815 1220 de
845 1177 878 1220 eo
908 1163 1076 1221 mundavit.
1124 1159 1264 1240 Equidem

35 1238 290 1320 spoliaSarnariae
306 1241 625 1318 adversusregemds-
677 1241 785 1304 Esaias
808 1243 966 1323 praedicat
991 1262 1056 1305 mom
1086 1243 1265 1306 Emmanue-

36 1324 198 1402 syrioruut.
242 1325 337 1386 Porro
365 1325 438 1399 iste,
464 1324 512 1403 qui
535 1323 625 1397 venit,
679 1325 736 1387 lem
752 1331 859 1387 uooori
877 1338 1029 1408 oportere,
1048 1327 1154 1388 dehine
1168 1327 1263 1388 virtu-

36 1426 137 1486 neqne
167 1409 223 1468 sub
254 1409 401 1470 eiusmodi
423 1407 552 1469 'nomine
582 1415 628 1468 est
679 1417 738 1470 tem
761 1423 953 1490 sumpturam
967 1411 1102 1472 Damasci
1124 1419 1154 1471 et
1170 1411 1264 1491 spolia

37 1492 148 1564 editus,
165 1511 259 1572 neque
269 1493 337 1556 ullo
348 1493 496 1570 repellioa
509 1495 626 1554 iunctus
680 1493 830 1555 Samariae
850 1494 992 1556 adversus
1007 1514 1108 1574 regem
1122 1495 1262 1576 Assyrio-

36 1587 98 1640 est.
111 1575 148 1635 At
163 1595 213 1656 epo
230 1589 258 1639 te
272 1579 446 1648 admonebo,
462 1575 503 1638 uti
517 1576 627 1638 oohae-
679 1597 754 1639 rum.
785 1578 891 1651 Porro,
907 1584 1056 1659 inquiunt,
1073 1580 1129 1641 iste
1144 1580 1194 1658 qui
1208 1599 1262 1640 ve-

37 1659 135 1720 rentia
150 1679 267 1740 quoque
279 1667 438 1744 utriusque
448 1661 566 1740 capituli
577 1680 629 1723 re·
679 1661 732 1734 nit,
748 1681 844 1742 neque
860 1662 915 1724 suh
927 1663 1073 1726 eiusmodi
1084 1663 1203 1725 nomine
1217 1669 1267 1725 est'

4 1769 5 1802 t
40 1762 213 1824 oopnosroo.
251 1745 411 1807 Subiuncta
433 1753 479 1806 est
501 1747 628 1806 enimet
680 1746 1207 1827 editus,nequerebellioalunotus.
1228 1749 1265 1810 At

4 1859 5 1886 t
39 1829 244 1907 interpretatio
272 1830 492 1903 Emmanuelis,
522 1829 627 1890 nobis·
680 1849 735 1892 ooo
758 1851 773 1892 e
800 1837 956 1894 contrario
983 1833 1185 1894 admonendos
1215 1851 1265 1895 eoo

4 1943 5 1974 ι
40 1931 109 1972 oum
131 1913 226 1987 Deus,
253 1914 296 1976 uti
318 1934 377 1976 non
401 1914 497 1976 solum
520 1931 628 1975 sonum
680 1915 977 1986 existimavimusuti
989 1915 1176 1978 cohaerentia
1187 1935 1264 1996 quo-

39 1995 172 2058 nominis
202 2006 336 2076 spectes.
367 1999 419 2060 sed
442 2006 471 2060 et
495 2015 628 2059 sensum.
680 2017 737 2082 qne
770 1999 859 2060 leuius
890 1999 1008 2079 capituli
1029 2010 1263 2080 reoopnosoont3

39 2081 141 2140 Sonus
171 2081 250 2142 enim
278 2082 450 2156 hebraicus,
480 2083 560 2162 quod
585 2091 630 2143 est
681 2082 835 2144 subiuncta
856 2092 903 2145 est
913 2084 1001 2144 enim
1017 2092 1047 2144 et
1061 2085 1264 2164 interpretatio

38 2163 213 2226 Emmanuel
230 2185 301 2228 suae
317 2167 411 2245 gentis
429 2175 483 2228 est.
515 2167 629 2227 Sensus
681 2167 866 2240 Emmanuel,
882 2167 1037 2229 nobiseum
1048 2169 1136 2241 Deus,
1150 2169 1190 2230 uti
1204 2187 1266 2230 non

38 2257 140 2308 autem
162 2249 244 2323 eius,
265 2251 343 2330 quod
368 2259 414 2312 est
428 2251 506 2312 [iens
522 2249 628 2311 nobis·
682 2251 779 2312 solum
795 2269 900 2314 sonum
916 2252 1045 2313 nominis
1061 2261 1187 2332 spectes,
1213 2253 1267 2315 aed
1296 2301 1299 2318 .

39 2349 127 2404 eum,
149 2351 184 2394 ex
207 2334 450 2414 interpretatione
466 2339 629 2397 eommunis
656 2361 660 2368 ·
683 2343 712 2397 et
726 2354 859 2397 sensum.
889 2335 987 2398 Sonus
1004 2337 1082 2398 enim
1097 2337 1265 2412 hebraicus,

4 2453 5 2488 3
40 2425 97 2476 est.
128 2417 249 2490 Quaere
266 2438 346 2500 ergo,
364 2437 400 2480 an
417 2419 472 2480 ista
488 2438 554 2492 vox,
571 2437 629 2479 no·
683 2421 762 2498 quod
778 2429 823 2481 est
833 2421 1005 2491 Emmanuel
1016 2440 1087 2484 suae
1100 2422 1195 2499 gentis
1209 2429 1265 2482 est.

4 2549 5 2558 ,
38 2501 158 2561 hiscum
172 2499 266 2575 Deus,
291 2503 370 2582 quod
386 2513 433 2564 est
445 2501 629 2576 Emmanuel,
682 2504 795 2567 Sensus
817 2506 1013 2578 antemius,
1035 2505 1267 2584 qnodestlleus

39 2584 147 2646 exinde
169 2588 248 2666 quod
263 2587 398 2649 Christus
414 2587 520 2650 illusit
534 2587 628 2666 agite-
682 2587 849 2660 nobiscum,
870 2608 906 2649 ex
926 2588 1168 2667 interpretatione
1186 2607 1267 2650 oom-

37 2679 90 2729 tur
116 2669 145 2729 in
162 2669 291 2732 Christo.
321 2671 358 2732 Et
372 2680 445 2751 puto
461 2689 522 2732 non
538 2689 629 2749 nega·
681 2676 768 2733 motui
781 2679 835 2732 est.
870 2672 991 2744 Quaero
1008 2690 1074 2750 ego,
1090 2690 1127 2732 an
1142 2671 1196 2732 ista
1210 2690 1267 2732 vox

38 2753 97 2814 bis.
117 2753 631 2834 [Pouraln‘oo'uoertoouut.puoein
682 2754 837 2816 nobiseum
860 2754 954 2823 Deus.
981 2755 1059 2833 quod
1081 2763 1126 2816 est
1146 2755 1268 2814 Emma-

39 2837 92 2898 tto.
104 2847 210 2899 eontra
228 2839 293 2900 lud.
306 2839 465 2921 requires]
483 2839 575 2916 Atque
590 2837 631 2898 ita
682 2838 763 2910 nuel,
779 2837 895 2910 exinde,
916 2856 974 2919 quo
992 2837 1127 2898 Christus
1142 2837 1266 2910 inlotait,

4 2975 5 2984 ,
39 2929 168 2993 constat,
185 2922 630 3000 venisseo'omillumquiprae-
683 2921 809 3001 agitetur
830 2921 861 2982 in
883 2919 1024 2983 Christo?
1068 2921 1106 2982 Et
1129 2929 1269 3000 putoex

4 3061 5 3088 ἓ
38 3005 196 3067 ‹lioabntnr
208 3007 390 3078 Emmanuel,
406 3008 473 3084 quia
489 3006 568 3085 quod
585 3005 629 3066 si·
682 3014 745 3066 toto
761 3023 822 3066 non
837 3004 969 3083 negabis.

39 3089 350 3168 gooilicatEmmanuel,
366 3091 455 3163 venit,
472 3089 500 3151 id
513 3096 562 3152 est
573 3107 629 3149 no·
803 3090 924 3161 (Addita
940 3101 1013 3151 suot
1024 3093 1148 3169 pauco.)

38 3173 157 3236 hiscum
173 3176 262 3236 Deus.
682 3173 777 3252 Atque
792 3173 831 3234 ita
847 3181 964 3234 constat
978 3177 1038 3234 lom
1052 3177 1170 3235 venisse
1186 3171 1267 3235 illum

682 3259 732 3338 qui
754 3255 977 3338 praedicabatur
996 3257 1178 3329 Emmanuel,
1200 3257 1267 3337 quia

682 3343 761 3422 qnod
777 3341 922 3421 significat
936 3341 1118 3418 Emmanuel,
1134 3342 1223 3416 venit,
1239 3341 1269 3404 id

682 3435 728 3488 eat
738 3423 898 3489 <nobiseum
914 3425 1003 3488 liena.

280 3580 338 3643 Cap.
358 3577 397 3628 tt.

4 3683 5 3688 ¹
86 3661 184 3740 Aeque
208 3667 237 3720 et
258 3679 336 3721 sono
362 3664 516 3722 nominum
543 3661 631 3722 duoe-
723 3663 823 3739 Aeque
838 3669 867 3721 et
882 3679 958 3721 sono
973 3663 1104 3722 nominis
1122 3657 1269 3718 inducun-

40 3748 107 3812 ris,
141 3761 207 3803 oum
237 3743 380 3806 uirtutem
415 3742 566 3814 Damasci,
603 3749 633 3802 et
683 3754 741 3816 tur,
758 3763 824 3805 curn
839 3743 975 3804 virtutem
991 3742 1135 3813 Damasci,
1152 3750 1181 3800 et
1195 3759 1270 3819 spo-

42 3826 139 3903 spolia
166 3826 326 3896 Samariae,
355 3835 385 3886 et
413 3843 514 3903 regem
540 3826 632 3902 Assy·
683 3827 722 3889 lia
737 3826 885 3888 Samariae
900 3827 1047 3888 adversus
1062 3841 1162 3901 regem
1178 3823 1271 3903 Assy-

4 3919 5 3938 *
42 3908 168 3977 riorum,
202 3907 245 3967 sio
270 3912 391 3987 accepte,
425 3908 509 3986 quasi
541 3907 633 3968 bella·
684 3913 806 3981 riorum,
823 3907 866 3969 sio
880 3913 1032 3989 occipiunt
1047 3907 1130 3987 mansi
1145 3907 1270 3968 bellato-

4 3993 5 4028 ÷
43 4000 139 4051 torem
172 3990 351 4070 portendant
375 3991 524 4058 Christum
549 4008 635 4051 oreo·
685 4010 749 4054 rem
784 3993 963 4071 portendant
999 3989 1167 4063 Christum,
1211 4008 1272 4051 non

44 4077 145 4147 torio;
180 4092 239 4135 non
272 4074 527 4146 animadvertens,
564 4073 636 4154 quid
686 4076 973 4146 animadvertentes,
1016 4073 1086 4152 quid
1127 4071 1271 4153 scriptura

4 4159 5 4170 ¹
43 4156 189 4236 scriptura
214 4162 387 4239 promittat.
451 4157 635 4231 Quoniam
682 4165 869 4241 praemittat.
914 4156 1061 4231 Quoniam
1082 4155 1164 4234 pomus
1185 4175 1272 4236 quam

4 4277 5 4280 =
43 4240 217 4321 prinsquam
253 4251 413 4321 eognoscat
442 4261 548 4302 vooare
580 4261 635 4322 pa·
686 4250 845 4323 cognoseat
867 4259 948 4323 puer
969 4259 1075 4304 vooare
1090 4247 1203 4320 patrem
1219 4255 1274 4305 out
1342 4261 1349 4270 ·

43 4335 120 4386 trem
142 4337 171 4388 et
192 4335 326 4392 matrem.
353 4325 477 4405 aooipiet
497 4328 635 4400 virtutem
686 4337 820 4400 matrem,
842 4323 966 4405 accipiet
985 4325 1123 4386 virtutem
1138 4324 1272 4388 Damasei

43 4409 179 4472 llamasoi
216 4417 247 4470 et
278 4409 371 4490 spolia
400 4411 548 4471 Samariae
580 4411 634 4472 ad-
684 4422 715 4472 et
730 4411 825 4489 spolia
838 4409 988 4470 Samariae
1010 4408 1152 4470 adversus
1172 4426 1274 4489 regem

43 4513 149 4557 versus
176 4512 278 4573 regern
305 4493 504 4574 Assyriorum.
559 4495 635 4554 Ante
684 4495 883 4574 Assyriorum.
917 4493 989 4553 Ante
1005 4500 1052 4553 est
1066 4491 1146 4552 enim
1161 4493 1191 4553 in
1207 4499 1271 4573 opi-

44 4585 93 4638 est
125 4579 214 4653 enim,
247 4578 277 4638 in
307 4581 417 4658 apiolas
446 4577 550 4640 aetatis
579 4577 634 4638 de·
688 4597 738 4676 eoo
766 4577 870 4640 aetatis
900 4575 1200 4650 demonstrationem,
1236 4593 1275 4638 an
1367 4567 1384 4608 ²

1010 4675 1066 4728 lt*
