3144 5236
177 2529 186 2564 b

233 241 299 311 23⁰
322 257 515 306 otssttttttato
531 257 562 298 tlt
578 255 626 305 QU.
643 252 727 298 SM.
744 253 830 297 stult.
847 251 1042 296 remanserant
1056 253 1286 296 aretoasrtcttx
1301 253 1389 296 GET'l'.

234 411 346 477 tatione
368 419 398 472 et
418 410 450 471 in
470 406 535 468 aliis
557 404 598 466 ibi
621 403 746 466 laudatis
768 403 882 481 egimus
905 402 1072 479 (Dissertat.
1095 401 1372 464 inmensitatem
1394 421 1462 482 cap.

236 501 287 563 18.
310 498 370 558 Art.
395 497 447 570 l.).
490 490 644 551 Praeterea
668 487 778 548 ibidem
799 481 991 566 patefecimus
1011 490 1172 567 utriusque
1192 491 1333 558 nominis,
1361 485 1465 548 idest

232 581 337 661 Angeli
359 587 388 639 et
408 575 576 642 Daemonis,
598 580 700 644 testes,
723 573 800 633 sicut
819 569 915 631 adhue
926 569 1127 630 Tertullianus
1148 577 1280 643 annotat,
1303 589 1372 631 esse
1393 589 1460 632 ma-

234 678 290 745 gos
314 657 674 738 l'lerlulllan.'dpologet.
696 673 759 734 cap.
782 658 857 732 22).
896 737 902 748 ι
1240 657 1251 674 ‘

320 747 412 809 bilant
445 751 598 824 praeterea
626 741 674 801 ille
697 739 828 819 suggerit
849 747 995 798 rationem
1017 754 1070 797 cur
1089 736 1256 820 Daemones
1279 755 1340 798 non
1362 739 1462 812 solum

236 831 295 904 bis,
318 831 371 894 sed
394 825 576 908 quibuslibet
598 825 686 886 etiam
706 823 833 884 ethnicis
856 819 1029 882 bominibus
1048 821 1139 898 agniti
1160 821 1287 885 inerint:
1308 821 1374 884 lam
1389 823 1466 884 eul-'

234 933 291 996 qus
319 915 479 984 andeolum,
509 909 613 990 inquit,
643 914 676 970 in
704 925 794 970 nsum
820 905 973 968 maledieti
996 906 1182 985 [reptentat.
1225 905 1269 966 lla
1298 905 1463 985 lligaltins;

236 998 290 1060 sed
312 995 371 1058 duo
394 995 489 1057 nostri
511 992 704 1072 manuscripti
726 992 843 1052 codices
865 988 1045 1050 recentiores
1067 993 1100 1050 in
1120 1009 1190 1061 usu,
1224 989 1405 1068 antiquiores
1427 994 1464 1051 in

234 1099 295 1143 nau
317 1081 491 1151 maledictis,
514 1076 693 1140 vetustiores
716 1075 861 1136 editiones
883 1078 916 1134 in
937 1091 1027 1134 usum
1048 1073 1224 1135 maledictis.
1260 1073 1374 1138 Sensus
1387 1091 1463 1134 vero

233 1165 371 1227 Auctoris
394 1163 490 1224 nostri
512 1170 573 1223 est:
602 1161 713 1238 Vulgus
735 1159 920 1219 ethnicorum
943 1175 1010 1218 oum
1031 1156 1106 1225 male
1128 1157 1194 1220 aliis
1217 1157 1329 1219 diceret
1350 1165 1380 1218 et
1402 1157 1463 1218 irn-

236 1255 420 1328 preearetnr,
450 1245 571 1308 solitum
600 1243 694 1305 luisse
722 1261 775 1303 eos
797 1242 962 1303 Daemones
984 1257 1091 1301 vocare
1121 1250 1172 1302 aut
1193 1259 1302 1302 nomen
1324 1242 1466 1302 invocate

235 1331 404 1393 Daemonis.
450 1329 499 1392 stc
527 1330 605 1391 enim
634 1328 683 1388 ille
709 1327 916 1405 prosequitur:
954 1324 1032 1386 Nam
1052 1335 1082 1385 et
1104 1324 1264 1396 Satanam,
1288 1329 1465 1407 prinoipem

239 1416 328 1478 leuius
351 1415 427 1476 moli
446 1419 574 1496 qenem's,
594 1413 725 1492 proinde
747 1413 781 1472 de
799 1415 932 1490 propria
947 1413 1256 1472 eonsetenttcannnee
1270 1411 1372 1472 eadem
1388 1429 1465 1472 eae-

237 1503 385 1561 cramenti
414 1515 485 1560 uoce
514 1499 708 1579 prouttntiat.
752 1495 785 1554 ln
819 1492 947 1572 antiquis
981 1493 1190 1572 manuscriptis
1213 1503 1243 1554 et
1263 1493 1351 1556 editis
1373 1494 1463 1555 eodi-

236 1581 319 1644 oibus
341 1582 446 1658 legitur
467 1599 506 1644 em
527 1583 720 1651 sacramenti,
751 1579 803 1640 sed
826 1577 889 1638 sola
911 1577 989 1638 baud
1010 1575 1098 1638 dabie
1118 1577 1306 1640 librariorum
1329 1579 1466 1640 asdan-

234 1667 286 1727 tia.
330 1665 527 1727 Tertullianus
557 1663 702 1743 siquidem
731 1663 788 1723 alio
811 1662 841 1722 in
863 1660 939 1723 libro
963 1659 1035 1722 setis
1057 1669 1158 1740 aperte
1181 1670 1313 1724 mentem
1335 1661 1467 1742 explicat

151 1819 154 1828 ,
236 1768 335 1812 suam:
376 1750 448 1812 Cum
469 1750 643 1820 Daemonia,
667 1747 772 1826 inquit,
801 1746 993 1825 affirmamus
1022 1764 1095 1816 esse,
1130 1765 1203 1807 sane
1232 1751 1321 1826 quasi
1345 1765 1410 1808 non
1433 1759 1466 1808 et

233 1834 405 1912 probemus,
428 1839 481 1915 qui
501 1852 534 1896 ea
556 1832 617 1897 soli
637 1833 670 1894 de
694 1830 874 1910 corporibus
891 1833 1044 1910 ecepimus,
1068 1829 1163 1911 aliqui
1178 1830 1341 1911 Cltrgsippi
1353 1849 1465 1892 aseen-

237 1927 321 1980 talor
348 1917 461 1979 illudit.
505 1915 543 1977 lit
566 1935 629 1978 ease
652 1925 680 1977 et
701 1915 952 1976 abominationem
984 1917 1137 1992 sustinere
1164 1920 1366 1977 exsecutionis
1390 1927 1466 1977 tuae

236 2002 428 2081 respondent.
473 2000 671 2062 Daemonium
704 2017 793 2060 uocas
817 1997 963 2059 bominem
985 2008 1040 2058 out
1060 1999 1248 2061 inruentum
1269 2010 1323 2060 aut
1343 1998 1465 2060 malitia

235 2095 290 2146 aut
310 2084 475 2146 insolentia
497 2095 551 2145 aut
572 2101 748 2166 quacunque
769 2083 896 2153 monela,
920 2099 1009 2162 quam
1023 2099 1079 2143 noa
1095 2083 1467 2163 daemoniis'deputamus,

158 2163 165 2178 '
235 2178 291 2230 aut
322 2169 364 2228 ad
393 2171 600 2230 necessitatem
635 2169 697 2228 odii
725 2170 942 2247 inportunum.
987 2165 1134 2226 Salonam
1167 2168 1290 2247 denique
1317 2172 1351 2229 in
1379 2171 1467 2229 omni

235 2255 428 2314 aversatione
450 2263 479 2314 et
500 2256 715 2332 aspernatione
737 2262 765 2312 et
787 2251 983 2312 detestatione
1001 2254 1197 2328 pronuntias,
1226 2269 1310 2332 quem
1330 2269 1389 2312 nas
1412 2253 1466 2314 di-

235 2339 328 2397 cimus
349 2335 482 2396 ntab'tiae
496 2336 648 2414 Angelum,
672 2339 766 2397 totius
789 2337 909 2395 erroris
931 2335 1088 2413 artificem,
1111 2339 1203 2396 totius
1226 2335 1341 2398 saeculi
1359 2339 1465 2397 inter-

230 2419 405 2498 polatorem
426 2418 520 2491 (idem
541 2419 591 2479 lib.
615 2419 651 2478 de
675 2416 798 2479 Testim.
819 2417 915 2478 Anim.
938 2414 1001 2496 dap.
1026 2419 1079 2492 3.).

320 2501 386 2562 llos
409 2501 499 2580 igitur
521 2499 706 2564 ethnicorum
729 2509 801 2574 erat,
823 2508 856 2560 ut
871 2500 934 2561 aliis
949 2500 1151 2562 maledicendo
1167 2509 1253 2580 atque
1268 2502 1467 2582 imprecando

103 2640 111 2658 ,
235 2604 288 2648 eos
316 2596 457 2648 vocarent
477 2586 653 2658 Daemones,
669 2587 733 2646 'eut
755 2584 912 2646 Daemonis
936 2595 966 2645 et
987 2586 1111 2646 Satanae
1139 2587 1259 2647 nomine
1288 2586 1360 2648 diris
1390 2587 1463 2650 illos

234 2669 413 2731 devoverent
441 2678 471 2731 et
502 2677 718 2731 execrarentur.
763 2668 794 2730 Si
816 2685 887 2728 vero
909 2669 999 2730 alium
1019 2669 1107 2730 huius
1130 2670 1222 2731 moris
1244 2679 1353 2732 testem
1374 2671 1463 2734 desi-

234 2754 331 2826 deres,
360 2753 558 2832 Augustinom
586 2752 718 2824 habebis,
747 2753 797 2830 qui
828 2770 884 2812 nos
912 2753 1036 2830 insuper
1063 2753 1203 2814 admonet
1228 2754 1397 2833 ubicunqne
1428 2756 1464 2818 in

233 2837 332 2900 Sacris
356 2837 518 2916 Scripturis
540 2855 649 2898 nomen
672 2836 831 2896 boemanis
853 2845 903 2897 aut
920 2836 1150 2898 Daemooiorum
1172 2839 1308 2910 accersit,
1331 2857 1368 2900 eo
1390 2857 1462 2901 ma·-
1513 2897 1520 2906 ,

233 2921 330 3000 lignos
353 2921 475 2998 spiritus
498 2921 666 3000 significari.
704 2919 779 2981 Ecce
800 2919 925 2998 ipsamet
947 2921 1012 2981 eius
1033 2920 1139 2981 verba:
1161 2921 1225 2984 Noa
1246 2935 1355 2995 autea,
1379 2927 1465 2988 n'aut

235 3005 399 3083 Scriptura
422 3005 566 3084 loquitur,
589 3006 749 3067 secundnm
772 3023 860 3084 quam
876 3003 1044 3066 Cbristioni
1064 3023 1179 3075 sumus,
1202 3007 1330 3085 Angelos
1344 3013 1465 3086 partim

233 3089 351 3166 quidem
374 3087 476 3156 bonos,
499 3093 613 3168 partim
633 3089 740 3158 malos,
763 3107 917 3169 nunqnam
938 3106 1011 3150 veto
1035 3089 1305 3152 banosDaemaeea
1323 3091 1464 3172 legimus.

234 3169 294 3231 Sed
313 3169 481 3249 ubicunque
502 3170 628 3231 illorum
651 3173 824 3233 litterarum
847 3172 900 3234 bac
922 3190 1030 3233 namen
1049 3179 1185 3253 positum
1205 3179 1371 3254 reperatur,
1394 3181 1465 3239 siue

234 3253 399 3313 Daemones
424 3258 486 3315 arbe
501 3257 666 3316 Daemonio
688 3257 838 3330 dieantur,
861 3273 923 3317 non
944 3260 1007 3318 nisi
1026 3256 1152 3335 maligni
1164 3259 1380 3338 significantur
1393 3267 1464 3339 api-

234 3339 325 3397 rilus.
370 3335 409 3394 Dt
436 3335 512 3398 bane
542 3337 681 3424 loquendi
701 3341 946 3400 cousuetudinem
966 3345 999 3400 in
1020 3350 1139 3401 tantum
1156 3342 1268 3421 populi
1286 3329 1465 3424 usqueq'na-

232 3437 289 3502 que
322 3423 419 3479 secuti
445 3429 526 3492 sunl,
559 3433 595 3483 ut
621 3437 727 3482 eorum
754 3425 851 3493 etiam,
882 3428 934 3504 qui
956 3427 1073 3504 pagani
1091 3425 1299 3505 appellantur,
1332 3439 1363 3488 et
1385 3429 1463 3491 deos

231 3504 345 3565 multos
374 3521 410 3563 ac
438 3505 594 3566 daemones
623 3504 763 3566 colendos
791 3522 856 3567 esse
884 3509 1076 3576 contendunt,
1105 3507 1210 3570 nullus
1237 3511 1304 3589 sere
1332 3515 1373 3572 sit
1395 3523 1465 3574 tane

123 3592 131 3600 '
232 3589 387 3651 litteratus
410 3599 440 3650 et
462 3589 575 3663 doctiss,
598 3593 652 3668 qui
671 3589 781 3650 audeat
802 3593 835 3650 in
858 3590 945 3652 laude
968 3590 1016 3652 oel
1038 3607 1129 3654 sarno
1150 3611 1207 3655 aua
1230 3595 1347 3656 meere:
1374 3595 1462 3657 Dae-

231 3689 348 3735 monem
377 3671 475 3743 babes,
505 3674 558 3734 sed
585 3671 706 3734 cuilibet
728 3671 781 3732 loa
804 3675 901 3735 dicem
923 3674 1065 3747 noluerit,
1097 3693 1161 3738 non
1182 3695 1213 3738 se
1235 3677 1329 3739 aliter
1350 3683 1460 3760 oedpi,

231 3775 319 3836 qnam
340 3755 521 3818 maledicere
543 3755 674 3817 coluisse
697 3756 834 3818 dubitare
854 3775 917 3819 nan
935 3762 1034 3836 possit
1055 3759 1188 3838 (Aogttst.
1209 3759 1262 3822 lib.
1278 3761 1327 3822 tx.
1349 3762 1389 3824 de
1403 3763 1462 3824 Gi-

230 3839 282 3900 tit,
304 3839 357 3899 Dei
381 3857 443 3918 rep.
468 3841 518 3903 19.
541 3857 570 3920 p.
594 3841 690 3916 233).
734 3839 839 3901 Postea
870 3858 940 3902 sero
969 3842 1095 3904 addidit:
1125 3845 1173 3905 lta
1202 3844 1376 3908 detestabile
1397 3865 1461 3908 no-

230 3939 299 3982 meu
321 3934 366 3984 est
388 3923 571 3995 tlunnonum,
594 3934 630 3985 ut
653 3923 707 3984 boe
728 3927 822 3987 modis
845 3926 982 3988 amellam
1004 3945 1024 3986 a
1045 3932 1159 3989 sanetis
1181 3929 1301 4008 lapelee
1323 3947 1381 3993 nos
1404 3949 1464 3994 re-

232 4021 354 4066 manere
377 4008 537 4070 debeamus·
555 4007 640 4082 llbid.
664 4023 726 4086 cap.
749 4011 800 4071 23.
823 4026 853 4087 p.
868 4011 965 4085 taen.
1008 4010 1123 4088 Duplex
1143 4012 1240 4090 itaque
1260 4013 1460 4090 sugestione,

233 4087 479 4165 quemadmodum
495 4091 692 4152 TertuDianos
714 4101 829 4164 noster,
853 4092 1007 4171 distinguit
1021 4095 1193 4173 angelorum
1207 4113 1301 4174 genus
1317 4105 1348 4158 et
1362 4115 1459 4158 unum

232 4167 351 4248 quidem
372 4171 493 4248 bonum,
511 4193 566 4319 qut
580 4175 683 4254 Angeli
704 4167 876 4254 simpliciter
896 4185 1055 4248 vocantur,
1079 4178 1156 4248 aliud
1177 4180 1464 4256 cacodaemonum,

230 4269 359 4332 qnorum
381 4273 490 4317 nomen
533 4257 686 4320 elestebile
707 4261 852 4337 malignos
874 4261 997 4340 spiritns
1020 4279 1139 4341 semper
1160 4263 1315 4341 significet.

209 4377 213 4392 .
317 4337 377 4398 Cor
398 4356 479 4417 ergo,
502 4341 615 4421 inquiet
636 4344 753 4424 uliquis,
775 4345 848 4405 adeo
871 4345 1044 4408 detestabile
1060 4355 1123 4408 erat
1137 4347 1206 4408 illnd
1222 4365 1344 4421 nomen,
1366 4357 1464 4428 atque

229 4437 294 4483 non
322 4421 419 4483 solum
452 4439 469 4484 a
498 4423 683 4502 Christianis,
719 4427 881 4490 sedetiam
913 4447 929 4488 a
963 4429 1119 4506 gentilibus
1150 4431 1181 4492 in
1208 4431 1462 4514 malampnum
