3114 5240
493 377 629 424 sacroru
649 377 708 423 ate.
731 379 769 424 ιι
790 381 916 426 acam.
1178 397 1186 408 ·
1252 369 1309 432 tat

100 527 130 590 Si
150 527 301 590 oblectari
320 531 442 592 uochu
462 527 613 600 uolumus,
635 539 743 593 aestro
763 533 880 593 iniuria
901 541 954 603 ert,
976 533 1006 592 si
1024 531 1107 612 sorte
1120 551 1183 596 aaa
1197 545 1311 596 uestra.

101 614 153 674 Sed
175 614 379 692 reprobamus
401 631 476 693 puae
495 613 615 694 placent
636 615 737 688 uobis;
760 633 814 677 uec
836 633 890 678 cos
912 625 1021 678 nostra
1042 611 1191 680 delectant
1226 618 1311 692 (ibid.

100 715 156 776 cap.
181 699 259 774 38.)-
302 697 336 758 lu
363 697 427 759 aliis
453 715 524 758 vero
551 698 762 760 sensatioribus
784 699 869 760 editis
891 709 921 762 et
941 717 1031 762 manu
1053 702 1177 764 sumans
1200 703 1312 765 codici-

97 783 165 844 bus:
193 782 264 855 Quo
287 799 341 844 aas
364 783 552 865 offensurus,
575 787 605 846 si
624 783 702 846 alias
722 789 942 863 praesumtione
965 784 1160 868 uoluptates?
1202 787 1237 850 Si
1257 789 1312 852 eh-

97 867 205 928 lsctari
237 871 359 929 sarisa
388 866 540 940 uolumus,
569 879 677 930 nostra
708 872 824 931 incuria
855 882 909 942 cst,
942 875 971 932 si
995 871 1078 949 sorte
1099 881 1216 944 uestra,
1248 891 1312 936 uon

98 965 211 1014 astra.
243 949 302 1013 Sed
322 953 520 1032 reprobamus
541 971 616 1034 puae
633 952 756 1032 placent
776 955 870 1025 uobis,
893 973 946 1016 acc
961 972 1015 1018 oos
1029 966 1138 1018 nostra
1152 956 1309 1020 delectant.

96 1035 151 1098 Sed
164 1109 167 1118 1
181 1035 270 1097 licuit
290 1035 447 1116 Epicureis
474 1035 606 1117 aliquam
634 1037 793 1100 decernere
821 1038 988 1119 uoluptatis
1009 1045 1175 1112 ueritatem,
1206 1044 1237 1103 id
1267 1053 1313 1105 est

96 1123 189 1182 nint
215 1123 395 1201 aequitatem
423 1131 452 1183 et
478 1121 578 1201 asuplo
607 1126 725 1201 repotia
754 1121 946 1185 christianae.
997 1124 1055 1186 Sed
1086 1125 1146 1186 bac
1175 1125 1309 1187 munium

95 1201 216 1266 uerbum
242 1205 432 1268 Christianae
459 1205 490 1266 in
520 1205 606 1267 editis
633 1223 694 1268 non
726 1205 883 1268 inuenitur.
927 1208 1005 1280 Quid
1037 1207 1130 1288 ergo?
1172 1209 1321 1288 Numquid.

94 1297 216 1368 propter
238 1289 297 1350 hoc
317 1288 413 1350 solum
434 1289 567 1362 verbum,
592 1289 628 1351 ab
651 1291 794 1352 oscitante
815 1290 934 1352 librario
955 1301 1145 1372 praepostere
1167 1293 1308 1367 additum,

96 1377 134 1435 ias
156 1373 245 1436 aliuri
265 1373 322 1434 luit
341 1381 452 1436 textum
466 1374 638 1436 Tertulliani
653 1375 817 1448 immutare,
839 1365 1016 1454 pervertere,
1039 1377 1236 1440 deminuere?
1258 1378 1309 1439 si-

95 1459 152 1520 mili
175 1467 276 1520 tamen
297 1458 387 1520 modo
409 1458 551 1537 Rigallius
573 1460 678 1522 delevit
699 1459 768 1522 alibi
789 1461 861 1522 haee
882 1461 1053 1522 Tertulliani
1074 1461 1178 1524 verba:
1214 1462 1310 1526 aaa

96 1548 245 1625 tauciacus
268 1541 354 1616 (ibid.
377 1562 402 1604 e.
425 1547 500 1619 40.).
621 1595 632 1620 ,

174 1627 262 1690 Aliud
292 1627 388 1689 adbuc
414 1627 618 1690 huiuscemodi
645 1628 880 1690 immutationum
902 1628 1065 1708 exemplum
1087 1629 1219 1702 sireis,
1248 1649 1310 1692 nen

96 1712 178 1792 longe
199 1712 402 1792 quaerendum
425 1721 479 1774 est.
509 1711 576 1772 Nou
596 1712 676 1774 enim
698 1713 789 1774 multo
806 1721 880 1794 post
901 1712 948 1774 ille
969 1714 1043 1775 haec
1062 1713 1094 1774 iu
1109 1715 1214 1776 eodem
1230 1715 1306 1776 Ter-

97 1797 205 1858 tulliani
225 1805 310 1858 textu
331 1797 452 1858 muudi
473 1797 619 1858 editorum
640 1806 671 1859 et
684 1796 817 1860 codicum
833 1797 1098 1877 manuscriptorum
1112 1798 1216 1860 rerba:
1239 1799 1309 1862 Nou

101 1881 186 1943 locor
213 1881 362 1954 diluculo,
388 1881 439 1944 ubi
468 1880 557 1943 scribi
578 1881 681 1944 iussit:
718 1881 787 1944 Nou
808 1882 877 1946 lasa
900 1884 955 1946 suh
977 1893 1102 1948 uocum.
1145 1884 1232 1946 Pium
1253 1883 1309 1946 alia

101 1965 182 2027 huius
208 1965 274 2027 libri
302 1964 366 2026 locu
394 1965 556 2045 alligultio
584 1965 693 2044 pariter
720 1967 895 2048 interpolata
922 1968 1055 2047 maleque
1076 1968 1213 2031 mulemta
1232 1987 1308 2048 pes·-

99 2059 161 2111 sent
185 2051 269 2112 lacile
297 2051 434 2129 prolerri.
478 2051 537 2112 Sed
558 2050 595 2112 iis
616 2051 803 2114 recensendis
825 2071 913 2124 nunc,
945 2069 983 2114 nc
1004 2053 1106 2114 eadem
1127 2063 1306 2132 repetantur,

98 2135 348 2214 commedendum
376 2153 444 2196 esse
472 2135 616 2198 duumus.
657 2135 699 2198 De
726 2135 784 2198 illis
806 2137 972 2211 enimvero,
1000 2155 1075 2216 quae
1094 2137 1215 2200 maioris
1238 2156 1307 2200 mo-

97 2220 183 2282 menti
206 2229 287 2292 sunt,
311 2219 378 2282 data
399 2220 520 2282 inferius
544 2220 698 2282 occasione
722 2221 864 2300 agendum
887 2221 952 2282 erit
995 2222 1222 2284 Demereramus
1238 2222 1306 2302 qui-

98 2305 156 2366 dem
184 2323 293 2366 omnes
321 2323 446 2383 prorsus
467 2304 512 2366 vel
534 2323 551 2366 a
573 2304 658 2366 nobis
684 2305 729 2366 vel
762 2306 798 2366 ab
820 2305 884 2367 aliis
907 2315 1058 2385 excerptas
1080 2306 1225 2370 vadantes
1247 2309 1306 2369 bu-

97 2389 172 2451 iusce
203 2389 274 2450 libri
303 2388 446 2464 medones
478 2389 515 2450 ad
546 2399 664 2451 ncsuae
694 2390 910 2452 dissertationis
938 2391 1046 2452 calcem
1074 2399 1305 2470 repraesentare.
1426 2451 1435 2472 ‚
1542 2359 1543 2424 3

97 2475 198 2537 lerum
228 2474 296 2552 quia
322 2493 401 2535 uuus
429 2491 446 2534 e
468 2473 618 2536 sodalibus
640 2474 768 2548 nastris,
797 2476 847 2554 qui
868 2474 1053 2536 adornandae
1074 2477 1206 2538 omnium
1229 2476 1305 2537 Ter-

97 2558 202 2621 tulliani
225 2558 368 2620 librornm
390 2557 511 2620 editioni
534 2557 666 2621 sedulam
687 2559 736 2620 dat
756 2576 888 2638 operam,
909 2560 1045 2638 poposcit
1065 2560 1141 2622 bane
1161 2559 1216 2622 sibi
1231 2577 1304 2640 pro-

96 2644 214 2706 riudam
237 2642 415 2716 demandari,
437 2643 624 2721 aequioribus
645 2643 724 2705 illius
745 2643 823 2706 vatis
845 2643 1081 2706 satisfaciendum
1103 2663 1171 2707 esse
1186 2645 1305 2707 censui-

98 2747 167 2790 mus.
195 2728 240 2790 hd
262 2727 447 2808 propositum
468 2727 566 2805 itaque
586 2735 723 2788 noenum
745 2728 880 2788 suillaere
901 2727 1076 2798 arbitremur
1096 2729 1252 2808 praecipua
1271 2748 1306 2790 ae

98 2821 194 2875 natatu
217 2813 304 2893 digna
324 2813 356 2874 iu
377 2812 433 2873 bac
453 2811 660 2873 dissertmmne
681 2811 812 2873 indicare
833 2819 980 2889 corrupta,
992 2813 1186 2891 'interpolata
1209 2812 1305 2873 excisa

100 2907 125 2959 ct
148 2899 298 2960 immutata
321 2896 492 2958 Tertulliani
519 2895 624 2968 verbm
652 2904 685 2958 ut
712 2896 775 2957 eius
802 2914 887 2957 mens
917 2903 946 2956 et
973 2897 1116 2958 sententia
1143 2896 1239 2975 possit
1268 2896 1304 2958 ab

101 2984 229 3045 omnibus
251 2982 363 3045 lucilius
384 2981 517 3061 intelligi.

593 3181 759 3232 tattcttltts
778 3179 807 3230 lt.

230 3289 262 3332 De
279 3288 345 3332 ramis
363 3288 429 3331 huius
447 3287 582 3343 lpologetiei
601 3287 738 3341 aliorumque
757 3285 887 3329 Tertulliani
906 3285 1010 3330 librorum
1029 3285 1167 3330 editionibus.

173 3404 268 3467 Pauca
300 3405 433 3484 prolecto
463 3397 597 3465 invenias
628 3409 760 3468 veterum
781 3401 929 3464 Ecclesiae
949 3401 1069 3464 Panum
1091 3419 1195 3480 opera,
1228 3419 1303 3481 quae

107 3488 209 3566 saepius
231 3490 308 3569 typis
329 3489 463 3550 mandata
485 3488 561 3561 sint,
589 3505 675 3566 quam
706 3487 755 3549 hio
784 3486 989 3567 apologeticus
1023 3485 1152 3565 adaeque
1184 3487 1303 3548 Tertul-

104 3569 160 3632 liani
186 3573 414 3636 lucubrationes.
457 3572 558 3652 Neque
585 3571 633 3632 ille
660 3571 746 3633 simul
768 3590 834 3632 aim
856 3571 921 3632 istis
944 3578 1070 3644 mnium,
1100 3571 1153 3632 sed
1176 3571 1303 3632 seorsim

105 3672 208 3736 quoqne
229 3658 338 3736 publici
359 3658 433 3721 iuris
455 3659 549 3720 lactus
571 3665 626 3718 est.
668 3655 742 3718 Nam
762 3656 788 3718 is
810 3656 892 3718 solus
916 3674 951 3716 ex
971 3654 1218 3735 typographorum
1234 3655 1301 3714 olii-

106 3739 159 3802 cina
177 3743 321 3821 publicam
344 3743 374 3804 iu
395 3742 489 3804 lucem
511 3740 609 3803 studio
631 3759 665 3802 aa
686 3759 755 3802 aura
774 3740 892 3801 ioannis
906 3739 1053 3818 Baptistae
1067 3737 1182 3818 Egnatii
1204 3736 1301 3798 exirit.

175 3827 271 3890 Altera
300 3836 395 3889 autem
423 3827 511 3889 huius
537 3824 717 3905 Apologetici
745 3817 833 3886 editio
860 3823 994 3886 Lutetiae
1021 3823 1202 3884 Parisiorum
1228 3822 1303 3882 laeta

107 3917 144 3969 cst
168 3929 243 3973 anno
264 3911 430 3984 mechilt„
452 3911 551 3973 labore
574 3919 604 3972 et
624 3927 712 3988 opera
734 3908 877 3971 Desiderii
898 3908 1026 3981 Heraldi,
1054 3905 1104 3984 qui
1125 3904 1163 3992 ei,
1191 3913 1223 3966 ut
1245 3923 1301 3968 suo

108 3987 160 4054 luco
180 3997 393 4070 moneamus,
414 3995 453 4058 tt.
475 3995 592 4058 hlinucii
614 3993 718 4056 Felicis
741 3993 891 4056 Octauium
913 3991 1065 4054 subiunxit
1084 3989 1248 4062 (dissertat.
1269 3990 1301 4052 in

109 4073 197 4142 hooc
221 4081 322 4144 Octar.
346 4081 416 4160 Cap.
438 4083 469 4144 2.
490 4080 552 4142 hrt.
577 4086 630 4155 3.).

176 4165 266 4228 hutea
297 4185 370 4228 raro
392 4173 422 4227 et
441 4171 545 4245 postea
566 4164 614 4226 ille
633 4161 839 4243 Apologeticus
860 4161 934 4224 libet
955 4177 1021 4222 oum
1042 4158 1107 4220 aliie
1129 4158 1301 4220 Tertulliani

110 4249 232 4324 epotum
262 4260 313 4313 aut
338 4249 475 4331 plurimis
507 4257 558 4310 aut
578 4249 714 4310 omnibus
737 4245 870 4326 publicae
891 4245 949 4307 luci
970 4245 1053 4306 datus
1074 4243 1137 4306 luit
1180 4243 1327 4305 Prosci-1

109 4345 169 4406 puts
194 4343 291 4398 autem
319 4353 423 4396 sorum
451 4333 595 4396 eduense
615 4332 796 4396 utbreviter
816 4347 1038 4404 recenseamus,
1064 4328 1301 4409 primoquidem
1415 4357 1419 4365 ,

110 4409 135 4474 B·
152 4415 305 4482 llbeuasrm
334 4419 383 4482 illa
402 4419 533 4480 basileae
559 4435 636 4481 anna
657 4415 798 4488 linxit,
829 4433 864 4476 aa
895 4413 1000 4476 deinde
1021 4429 1097 4476 auno
1119 4411 1299 4476 bithXVlll.

112 4500 174 4579 apis
200 4505 302 4567 muudi
329 4503 451 4568 erravit.
493 4503 536 4564 Ex
563 4503 729 4566 biremem
751 4499 927 4562 muschus
949 4498 1020 4560 aliae
1041 4498 1125 4562 annis
1146 4496 1297 4569 unxxv..
1347 4551 1350 4564 ,

111 4579 273 4652 Ullfflh'l.
302 4597 331 4652 et
350 4587 555 4652 hillXXXVlll.
584 4587 687 4652 eadem
715 4585 800 4666 plane
830 4582 918 4645 moda
951 4583 1111 4666 uiuimus
1132 4589 1216 4658 sunu
1244 4579 1300 4643 alia
