3020 5230
407 419 542 463 rucrons
563 418 605 462 ιο.
629 418 690 462 sic.
714 418 839 462 sennan.
1170 405 1257 477 625.

22 567 196 632 domestica‘.l
219 577 252 630 ut
272 567 346 630 nihil
367 568 526 648 praecipue
548 567 714 628 attendatur
736 569 771 628 ad
794 567 864 628 illud
883 587 1013 648 possem
1035 569 1111 629 sicut
1131 588 1234 648 graece

22 657 90 716 solet
119 649 258 732 πάσχειν
289 671 350 712 non
379 671 448 713 raro
477 651 624 730 usurpari.
669 647 768 714 'ideoq
802 647 863 737 ἤδη
892 652 1029 736 πρᾶγμα
1049 650 1234 729 πεπονθὼς

22 740 71 822 τῆς
92 735 168 821 ἐμῆς
189 731 328 820 γνώμης,
352 745 402 797 aut
424 732 529 819 δόξης,
553 735 653 815 possit
674 753 777 814 graece
799 735 934 798 facillime
955 735 1051 798 reddi.
1220 751 1224 759 “

572 904 602 977 q.
624 898 672 960 rv.

207 1021 251 1073 llic
268 1022 374 1084 scriptor
392 1034 441 1070 uon
460 1019 483 1068 in
503 1017 613 1070 manibus
631 1017 714 1067 habuit
732 1033 832 1080 graecos
851 1019 927 1070 libros
946 1036 1037 1071 sacros.

429 1087 508 1136 locus
526 1085 577 1135 loh.
597 1086 615 1146 l,
636 1084 675 1134 13.
694 1099 817 1141 excussus,

98 1203 157 1264 Sed
179 1203 205 1264 si
227 1203 277 1264 hic
297 1202 425 1282 scriptor
448 1220 481 1262 se
502 1199 677 1280 profiteatur
699 1218 803 1278 graece
824 1201 975 1264 lubentius
998 1211 1028 1264 et
1049 1206 1233 1284 frequentius

22 1289 144 1350 scribere
166 1306 253 1376 quam
274 1284 374 1359 latine,
406 1284 500 1346 oritur
521 1302 582 1344 non
604 1283 728 1362 exiguus
751 1283 825 1346 alius
849 1285 1017 1366 scrupulus,
1046 1293 1096 1366 qul
1118 1289 1177 1362 fiat,
1201 1300 1235 1353 ut
1333 1309 1337 1316 ’

22 1374 62 1433 :ric
83 1373 171 1432 homo
194 1389 343 1450 nunquam
366 1378 466 1429 tamen
488 1386 624 1446 graecum
647 1375 758 1430 textum
786 1368 932 1430 librorum
960 1389 1112 1434 sacrorum
1136 1375 1232 1434 mani-

22 1476 69 1516 tus
92 1455 151 1516 suis
172 1451 359 1516 versaverit?
402 1453 445 1513 lle
468 1470 504 1512 eo
527 1451 607 1512 enim
629 1452 702 1512 satis
725 1452 796 1513 certi
818 1453 877 1514 iam
900 1472 1021 1528 sumus,
1056 1457 1113 1518 etsi
1136 1458 1235 1518 solent

22 1539 66 1602 viri
89 1539 166 1600 docti
187 1537 271 1599 ahter
294 1543 434 1610 statuere,
452 1535 535 1600 hunc
557 1535 734 1614 scriptorem
756 1536 849 1598 oculis
865 1537 927 1598 suis
942 1539 1139 1618 manibusque
1153 1559 1233 1602 nun-

22 1643 100 1702 quam
120 1641 281 1702 usurpasse
302 1639 440 1700 graccum
457 1619 547 1680 ullum
563 1619 695 1680 codicem
718 1621 936 1700 evangeliorum
951 1629 1002 1684 aut
1022 1621 1234 1701 epistolarum3

22 1707 86 1768 ideo
109 1725 259 1784 nunquam
281 1705 401 1766 latinam
423 1705 519 1776 istam,
543 1722 599 1782 qua
622 1705 723 1777 utitur,
746 1705 970 1766 translationem
992 1716 1143 1786 comparat
1166 1727 1233 1769 oum

22 1810 119 1870 graeco
142 1789 269 1868 quodam
292 1789 411 1860 codice,
446 1787 470 1848 si
493 1787 540 1848 vel
561 1787 686 1849 maxime
715 1786 899 1850 differentem
922 1791 1082 1851 etruriam
1104 1792 1232 1872 scriptu-

22 1894 76 1936 ram
99 1872 203 1935 adesse
226 1873 257 1934 in
280 1871 432 1934 codicibus
456 1871 545 1934 variis
567 1871 633 1950 ipsc
661 1873 796 1934 fateatur.
840 1873 899 1934 Res
927 1875 1062 1952 prolecto
1090 1875 1165 1936 mira
1188 1885 1235 1936 est
1320 1907 1326 1918 ·

22 1967 99 2037 itque
129 1965 232 2018 nostra
261 1957 342 2017 omni
370 1955 533 2017 attentione
560 1955 665 2033 digna,
699 1975 774 2034 quac
802 1955 827 2018 si
850 1957 969 2018 tandem
991 1957 1114 2020 feliciter
1134 1968 1234 2038 potest

22 2041 162 2112 dustram,
185 2040 310 2102 multum
333 2039 453 2100 omuino
476 2039 550 2100 lucis
574 2039 717 2101 diffundet
738 2039 775 2101 ad
796 2040 881 2118 plura
904 2041 959 2102 alia
974 2052 1135 2116 momenta,
1158 2062 1233 2121 quae

22 2126 92 2186 solet
113 2125 169 2186 ista
192 2133 293 2185 nostra
318 2124 429 2202 vulgata
452 2123 577 2185 historia
600 2123 798 2186 ecclesiastice
825 2141 930 2204 parum
952 2125 1078 2188 fideliter
1100 2135 1129 2188 et
1151 2135 1232 2187 certo

22 2211 183 2270 nformere.
226 2207 426 2288 Exposuimus
449 2207 615 2268 debuere
636 2208 765 2287 primum
787 2208 818 2269 in
846 2209 1007 2288 appendice
1030 2210 1067 2270 ad
1088 2210 1235 2272 Westenii

22 2293 244 2371 hulegomeoa,
274 2311 348 2370 quae
370 2292 419 2352 hic
440 2291 529 2352 Helue
552 2291 714 2363 edidimus,
744 2293 951 2356 observatione
972 2293 996 2355 1.
1017 2313 1048 2374 p.
1078 2297 1139 2358 587
1168 2313 1233 2374 sqq.

22 2378 49 2438 lt
71 2377 149 2456 quod
171 2377 207 2438 ad
230 2377 320 2437 istum
349 2375 447 2436 locum
469 2375 609 2438 lobannis
632 2377 654 2437 l.
680 2380 728 2441 13.
758 2375 877 2448 attinet,
915 2376 946 2438 in
974 2379 1053 2440 notis
1082 2379 1118 2439 ad
1145 2397 1233 2456 para-

22 2461 134 2522 rhrusin
158 2461 221 2522 eius
250 2459 390 2538 evangelii
412 2459 547 2533 latinam;
581 2459 635 2520 sed
656 2480 720 2534 reS,
744 2481 832 2539 quam
854 2461 902 2522 hic
924 2461 1054 2539 agimus,
1078 2470 1164 2540 atque
1186 2462 1234 2522 in-

22 2543 227 2624 rtitutinostri
249 2543 324 2605 ratio
348 2544 474 2605 maxime
497 2543 555 2604 iam
578 2563 678 2604 secum
700 2545 772 2617 fert,
795 2553 827 2606 ut
848 2545 936 2624 paulo
959 2545 1124 2608 studiosius
1148 2554 1235 2624 atque
1268 2578 1273 2588 ·

22 2629 177 2690 occuratius
200 2628 272 2689 haec
294 2627 483 2708 explicemus
743 2623 744 2629 ’

99 2712 231 2772 Diximus
255 2713 388 2773 eruditos
410 2711 491 2772 viros
512 2711 596 2771 aliter
611 2712 737 2782 sentire3
761 2729 865 2790 nempe
881 2711 924 2771 sic
937 2711 1084 2773 Pamclius
1101 2710 1235 2772 scribit·:

22 2797 51 2859 lo
68 2795 152 2858 Novo
173 2795 358 2858 l'eetomeoto
381 2814 443 2856 ooo
467 2805 526 2856 tem
543 2793 647 2858 latinis
671 2795 832 2858 translatis
848 2813 936 2876 quom
950 2799 1067 2874 praecis
1084 2794 1235 2856 veteribus

22 2881 163 2942 :odfridus
185 2899 275 2942 usum
297 2889 467 2952 auctorem,
491 2897 528 2940 cor
550 2882 614 2940 cius
634 2877 788 2958 pcceb'cri
807 2881 948 2940 oorsr'onc
976 2878 1012 2938 od
1041 2877 1110 2938 olr'r's
1140 2883 1237 2954 omotff

22 2967 69 3025 'ros
93 2947 221 3025 multum
243 2963 368 3025 subinde
392 2963 513 3024 diverso
534 2964 730 3040 menifestum
751 2961 797 3040 fit.
852 2961 912 3023 Sed
935 2969 1005 3022 sunt
1027 2961 1099 3032 haec
1114 2959 1235 3021 omnino

24 3049 85 3108 alsa
108 3055 196 3126 atque
218 3065 279 3107 non
300 3064 405 3125 parum
427 3054 528 3106 errant
550 3046 599 3123 qui
623 3045 667 3104 sic
689 3053 830 3117 statuunt,
854 3043 921 3106 licet
944 3045 1004 3105 sint
1024 3063 1148 3106 numero
1170 3045 1236 3123 ple-

22 3133 111 3210 'ique
152 3131 293 3192 Dabimus
317 3139 397 3190 certe
418 3129 493 3190 hanc
515 3129 563 3190 hic
585 3147 715 3208 operam,
738 3136 772 3188 ut
792 3128 968 3190 luculentius
987 3128 1164 3207 intelligatur
1185 3147 1239 3208 per

22 3215 240 3277 llustrationem
263 3213 479 3292 diligentiorem
500 3221 545 3273 tot
565 3212 699 3274 locorum
715 3231 749 3273 ox
764 3212 846 3273 libris
862 3211 935 3273 Novi
950 3213 1141 3284 Testamenti,
1164 3231 1239 3291 quac

22 3299 213 3360 tertullianus
236 3299 279 3360 sic
301 3297 422 3358 coruino
446 3305 560 3370 tractat,
582 3304 616 3358 ut
630 3295 669 3356 sit
684 3295 892 3369 certissimum,
914 3315 984 3357 eum
999 3314 1054 3356 nec
1068 3296 1238 3358 adhibuisse

22 3403 138 3462 graecos
173 3383 290 3445 codices
322 3400 377 3442 neo
404 3381 546 3442 adhibere
574 3381 715 3441 voluisse.
766 3381 846 3442 hdeo
875 3381 961 3461 plane
990 3379 1111 3442 conlidit
1139 3379 1237 3441 latinis

22 3471 77 3530 ¹‚uis
101 3467 203 3540 libris,
233 3465 318 3546 quasi
341 3466 453 3544 graccis
476 3465 555 3526 nulla
577 3465 617 3526 sit
639 3464 712 3526 fides
735 3473 822 3544 atque
845 3465 1019 3538 auctoritas,
1042 3483 1128 3542 quam
1142 3482 1237 3524 ‘reve-

22 3551 72 3612 ¹eri
100 3552 201 3631 ipsum
229 3551 276 3612 ius
306 3551 349 3612 fas
379 3549 427 3610 sit.
472 3549 547 3610 Huic
576 3549 618 3610 rei
650 3549 806 3629 praecipue
837 3549 1004 3611 inserviunt
1035 3547 1082 3608 illa
1115 3546 1238 3624 capitula

22 3637 78 3696 5011.
102 3637 126 3697 1.
153 3637 212 3698 13.:
245 3644 336 3696 oratus
361 3646 413 3706 cst,
437 3633 530 3694 Galat.
553 3633 589 3694 11.
615 3637 653 3696 1.:
688 3637 829 3696 cessimus
852 3635 891 3696 od
914 3633 1034 3700 horem,
1059 3632 1124 3691 sine
1147 3647 1238 3705 nega-

25 3721 114 3792 ione‚
153 3717 243 3780 Hebr.
269 3717 313 3776 t'1.
338 3721 378 3778 5.:
403 3719 550 3778 occidente
572 3721 632 3777 icoc
654 3735 744 3787 acv03
779 3723 933 3794 praeterea
962 3715 1048 3774 etiam
1077 3713 1141 3773 aliis
1171 3711 1232 3788 qui-

22 3803 141 3864 rusdom
164 3798 237 3860 locis
260 3799 407 3858 credimus
430 3799 524 3880 lucem
547 3817 651 3858 novam
674 3817 766 3876 posse
789 3797 899 3858 offundi
922 3807 952 3858 et
970 3797 1062 3857 rebus
1078 3791 1239 3866 historicis,

22 3905 87 3964 puras
113 3883 212 3943 minus
236 3875 316 3942 recte
338 3880 507 3940 solebamus
531 3880 617 3940 nobis
640 3880 760 3958 lingere.
805 3879 878 3941 blud
900 3889 979 3940 certe
1001 3877 1129 3958 patebit,
1163 3877 1241 3937 hunc

22 3969 195 4046 scriptorem
217 3963 261 4025 sic
283 3963 406 4024 omnino
428 3982 533 4042 agere,
564 3969 597 4024 ut
619 3965 760 4024 adversus
783 3982 956 4041 graecorum
978 3961 1111 4024 codicum
1134 3959 1239 4020 lectio·
1278 3990 1280 3999 v

22 4070 84 4112 rom
107 4067 192 4110 suom
214 4049 300 4110 istam
322 4047 441 4108 latinam
463 4047 608 4118 defendat,
632 4047 659 4108 si
681 4066 737 4126 qua
760 4047 815 4109 fuit
835 4047 914 4108 inter
934 4053 1077 4123 utrosque
1099 4043 1240 4123 varietas3

22 4135 101 4214 quasi
127 4133 200 4192 sutis
224 4131 262 4194 sit
284 4140 407 4205 certum,
429 4131 521 4210 paria,
545 4131 674 4210 aequalia
697 4150 763 4192 csse
784 4131 850 4192 iura
871 4130 1030 4191 latinorum
1045 4126 1189 4188 librorum
1212 4131 1241 4186 ct

22 4235 209 4298 graecorum,
246 4215 336 4276 immo
366 4215 451 4294 quasi
479 4215 575 4294 graeci
604 4215 671 4276 libri
692 4214 752 4276 isto
776 4215 833 4276 iem
856 4223 991 4292 tempore
1012 4211 1123 4272 fuerint
1145 4207 1241 4272 dedita

22 4321 108 4381 ›pora
133 4300 264 4379 corrupti
287 4309 374 4378 atque
397 4298 559 4361 adulterati.
604 4298 684 4360 hdeo
713 4317 805 4378 porro
836 4296 883 4358 illa
904 4295 1068 4358 honorifica
1097 4291 1243 4354 sententia

22 4387 106 4448 ruluit
131 4383 219 4446 etiam
243 4383 278 4443 ad
301 4392 450 4463 posteros,
472 4392 506 4444 ut
528 4383 663 4444 similiter
684 4381 768 4443 latini
789 4380 891 4460 plnres
914 4379 1095 4459 antiquiores
1112 4376 1241 4455 sc'ripto-

22 4491 64 4532 ·cs
89 4487 185 4550 porro
208 4473 368 4546 sequantur
389 4466 531 4528 tenaciter
553 4467 642 4529 istam
663 4465 836 4538 lectionem,
868 4483 955 4544 quam
977 4461 1101 4544 praeivit
1121 4458 1244 4524 Tertul-

49 4621 61 4654 s
90 4606 118 4654 ln
128 4605 180 4654 Vita
192 4601 334 4654 Tertulliani
352 4601 382 4651 ed
401 4617 488 4652 conum
502 4602 608 4653 cxcvii.

49 4689 211 4736 recreemur
224 4701 276 4735 οη.
289 4701 327 4734 no.
343 4701 442 4733 cancro.
469 4687 582 4732 Tomllt.
903 4747 911 4760 ⁶
1005 4679 1039 4730 to
