3196 5250
492 417 629 460 sacrans
647 417 706 462 nnc.
728 417 767 462 aa
786 417 913 462 nonme.
1243 403 1312 470 too

94 565 279 632 ceremoniis
305 583 359 628 aee
384 569 532 647 pudicitia
554 571 737 647 perenittunt
773 567 841 648 (secl
870 573 984 631 cocceio
1016 567 1181 651 uoluptatis
1211 573 1307 652 mopie

96 671 186 734 quom
207 651 296 732 dipno
318 655 397 716 cotio
417 651 585 732 persuasit)
608 653 697 732 fidem
718 662 747 716 et
767 657 924 716 ceritmem
944 663 1078 716 oestrum
1099 656 1308 720 demonstrare

96 737 194 810 tidem
213 735 365 815 Apologet
387 755 450 816 cap.
473 738 549 813 ab).
594 735 675 808 Quae
701 737 732 798 in
757 737 816 799 hoc
837 744 915 798 textu
937 727 1052 800 uncibis
1079 738 1192 801 inclusa
1212 739 1306 816 rides,

96 841 134 884 ea
155 820 254 881 omnia
275 829 377 882 contm
399 821 531 882 codicum
553 820 700 884 editorum
722 830 752 883 et
772 821 951 884 ineditorum
965 821 1052 884 iidem
1066 822 1208 902 lligaltius
1224 824 1308 887 eius·

96 925 155 985 que
177 923 319 984 sequaces
341 905 459 986 penitus
481 905 673 967 sustulerunt
716 905 831 969 Nullam
858 915 955 968 tamen
981 907 1070 970 huius
1099 909 1312 987 amputationis·

96 990 243 1052 rationem
265 990 301 1051 ab
324 990 366 1051 eis
387 990 484 1052 datam
506 991 653 1071 reperies,
688 991 747 1053 nisi
775 1009 832 1052 suo
861 990 979 1054 silentio
1006 991 1080 1053 baec
1106 991 1142 1053 ab
1170 993 1306 1073 imperito

96 1076 225 1155 quaedam
252 1073 397 1154 scriptore
425 1075 536 1136 adiecta
564 1074 620 1136 sibi
648 1075 741 1137 videri
769 1075 939 1154 significare.
961 1076 1115 1139 voluerint.
1159 1077 1218 1140 Sed
1239 1077 1305 1157 ostis

95 1160 155 1222 illis
177 1160 216 1221 ita
238 1159 402 1222 tacentibus
423 1160 510 1221 iidem
531 1158 676 1221 babebit?
705 1159 835 1221 Genuina
857 1160 1007 1222 enimvero
1029 1161 1198 1224 Tertulliani
1218 1161 1308 1225 uerba
1355 1169 1358 1177 “
1413 1190 1417 1220 r

95 1263 165 1306 esse
187 1243 338 1306 evidenter
364 1244 471 1324 probat
492 1244 656 1306 communis
685 1245 818 1306 codicum
846 1245 976 1307 omnium
998 1263 1171 1308 consensus.
1214 1246 1306 1309 Prae-

96 1339 177 1390 terea
201 1335 294 1390 totum
317 1328 394 1392 illius
416 1328 564 1409 ingenium
586 1337 615 1390 ct
635 1329 772 1408 loquendi
800 1330 905 1392 modus
927 1329 958 1391 in
980 1330 1025 1392 eis
1048 1331 1118 1392 setis
1139 1330 1306 1410 deprehen-

95 1414 216 1475 duntnr.
262 1413 375 1475 Sensus
403 1423 500 1476 autem
528 1414 591 1475 eius
620 1421 680 1475 est:
718 1413 875 1476 Christiani
904 1422 933 1476 et
959 1414 1168 1494 imperatorum
1188 1433 1224 1477 ac
1244 1417 1307 1476 rei-

94 1497 230 1578 publicae
256 1498 358 1560 hostes
385 1499 618 1578 proclamantur,
649 1499 717 1576 quia
744 1497 905 1560 eorundem
930 1499 1141 1578 imperatorum
1163 1499 1307 1562 solemnia

18 1611 19 1640 ς
94 1602 157 1644 non
185 1591 275 1662 agunt
302 1582 452 1662 gentilium
479 1602 580 1656 more,
613 1585 711 1662 quem
724 1599 781 1644 nec
807 1583 951 1644 modestia
977 1602 1033 1646 nec
1057 1584 1230 1646 verecundia
1251 1603 1309 1648 neo

18 1697 19 1728 1
95 1667 237 1747 pudicitia
258 1667 315 1727 illis
337 1667 527 1747 permittunt,
556 1685 590 1728 ao
610 1685 683 1746 quae
705 1667 810 1729 iisdem
832 1667 989 1746 gentdibus
1012 1668 1158 1730 celebrare
1179 1686 1306 1750 persna-

18 1781 19 1810 :
93 1753 137 1813 sit
158 1752 274 1813 occasio
296 1749 454 1832 voluptatis
474 1751 573 1831 potius
595 1769 682 1830 quam
704 1751 790 1830 digna
811 1751 906 1824 ratio,
937 1771 1098 1831 quasnam
1121 1771 1189 1832 erga
1209 1754 1307 1832 impe·

92 1845 211 1898 ratores
247 1837 337 1917 fidem
372 1847 400 1899 et
427 1841 583 1900 ceritatem
609 1837 821 1899 demonstrent.
864 1836 962 1898 Palam
984 1837 1080 1916 itaque
1103 1837 1256 1898 adseverat
1275 1837 1309 1900 io

94 1921 146 1981 bis
175 1919 355 1982 solemnibus
386 1921 471 1982 lestis
501 1921 610 1983 nullam
638 1921 729 1983 luisse
757 1921 942 1982 ethnicorum
968 1921 1057 1982 lldem
1085 1929 1115 1983 et
1142 1922 1306 1984 tentatam.

18 2037 20 2064 r
89 2005 170 2066 Nam
191 2005 348 2068 falsissima
369 2015 430 2067 tum
451 2013 519 2068 rota
540 2006 684 2070 iaciebant
703 2023 758 2086 pro
780 2005 874 2067 salute
894 2005 1121 2084 imperatomm,
1149 2025 1225 2086 quos
1247 2006 1308 2068 cito

92 2099 125 2152 et
147 2091 278 2168 saepius,
300 2099 333 2152 ut
353 2090 384 2151 in
405 2089 595 2170 sequentihus
616 2089 746 2155 articulis
767 2089 941 2164 ridebimus,
964 2091 1040 2152 mori
1062 2090 1212 2170 optabant.

179 2175 255 2236 Tres
278 2193 394 2255 quoque
415 2177 557 2250 virtutes,
584 2175 777 2247 modestiam,
805 2175 1025 2249 verecundiam,
1047 2175 1216 2255 pudicitiam
1238 2184 1310 2237 tuac

18 2295 20 2326 e
89 2259 301 2340 pessumdatos
324 2261 417 2321 inisse
437 2259 543 2322 merito
565 2260 764 2339 conqueritur.
795 2259 873 2332 Quid
895 2259 973 2320 enim
994 2259 1041 2322 his
1063 2259 1218 2322 virtutibus
1238 2278 1312 2322 ma-

18 2385 21 2410 ,»
90 2346 139 2422 gis
169 2345 364 2418 macarium,
398 2361 485 2423 qnam
511 2345 664 2423 magnilica
692 2354 722 2405 et
748 2343 916 2424 splendida,
949 2362 1009 2404 non
1037 2344 1154 2423 quidem
1182 2345 1308 2420 occulte,

18 2467 20 2496 2
85 2429 275 2511 privatisque
297 2429 329 2489 in
350 2429 498 2503 domibus,
522 2430 574 2492 sed
595 2429 691 2509 palam
713 2448 747 2490 ac
767 2427 892 2509 publicis
915 2428 946 2489 in
966 2427 1072 2509 plateis
1094 2447 1180 2507 agere
1202 2429 1305 2491 convi-

18 2579 20 2584 ,
85 2515 154 2588 ria,
173 2533 249 2593 quae
263 2513 443 2594 epulantium
458 2514 638 2588 temulentia,
654 2513 805 2586 ebrietate,
826 2512 1015 2592 impudicitia,
1036 2513 1163 2587 lascivia,
1184 2513 1306 2575 libidine

18 2635 20 2672 ;
83 2601 217 2678 aliisque
238 2598 356 2679 flagitiis
377 2596 673 2660 contaminabantur?
699 2597 757 2662 Sed
779 2597 946 2676 ipsummet,
982 2597 1008 2657 si
1029 2597 1120 2668 lubet,
1149 2596 1305 2660 Tertullia-

18 2723 21 2752 2
84 2703 163 2747 num
186 2682 355 2744 audiamus:
391 2683 525 2758 Grande,
560 2682 670 2760 inquit,
703 2681 887 2742 ethnicorum
909 2681 957 2741 illa
977 2680 1141 2761 principum
1163 2682 1309 2744 solemnia

18 2803 21 2842 ς
82 2768 242 2850 agentium
263 2768 399 2830 uidelicet
427 2769 562 2848 officium
589 2769 674 2847 focos
696 2777 724 2828 et
745 2778 829 2828 toros
850 2769 882 2826 in
895 2763 1048 2845 pubiicum
1061 2767 1184 2828 educere
1198 2765 1309 2843 (thid).

84 2855 121 2917 ln
152 2851 370 2931 audacioribus
398 2851 575 2914 editionibus
608 2851 714 2930 legitur
742 2850 867 2920 claros,
901 2849 954 2909 sed
981 2849 1086 2910 melius
1113 2849 1308 2912 hauddubie

87 2953 193 3003 toros.
238 2937 311 2998 Nam
333 2936 373 2998 ibi
395 2937 442 2998 ille
464 2936 594 3016 loquitur
615 2935 651 2996 de
672 2933 797 3015 publicis
819 2933 977 3006 conviviis,
1010 2933 1115 3011 quibus
1138 2933 1246 2996 ethnici
1267 2933 1305 2995 ad

84 3039 227 3088 mensam
251 3021 467 3083 accumbebant.
511 3019 709 3094 Quamobrem
730 3018 817 3098 paulo
838 3024 908 3098 post
927 3016 1047 3078 adiecit:
1079 3017 1177 3092 Quom
1199 3017 1306 3081 mltis-

47 3099 48 3104 ’
84 3113 176 3171 simia
201 3118 229 3167 et
250 3108 472 3186 superbissimis
495 3110 572 3169 toris
592 3105 699 3183 forum
720 3103 779 3165 sibi
791 3103 961 3164 dividebant
976 3100 1084 3178 (ibid).
1111 3101 1203 3164 Tanta
1217 3102 1306 3182 igitm·

83 3184 306 3271 magnificentia
328 3199 468 3270 tantoque
489 3207 612 3250 numero
633 3189 725 3250 lectos
746 3187 919 3250 sternebant
939 3186 969 3247 in
990 3187 1067 3260 loro,
1089 3195 1122 3249 ut
1142 3186 1211 3249 illud
1226 3187 1305 3250 inter

83 3299 119 3341 se
146 3275 290 3337 divisisse
312 3283 342 3336 et
361 3274 530 3355 implevisse
550 3274 728 3335 viderentur.
763 3319 765 3328 s

178 3359 239 3420 Sed
261 3359 328 3440 quia
349 3361 455 3435 lorum,
478 3367 591 3421 tantum
612 3367 753 3437 quantum
776 3364 865 3428 esset,
894 3353 1031 3417 omnibus
1053 3373 1113 3418 nou
1135 3355 1305 3433 sufficiebat,

85 3447 138 3510 alii
162 3449 285 3507 vicatim
300 3443 417 3520 (llic),
431 3445 488 3505 hoc
510 3444 606 3505 estin
630 3442 753 3504 civitatis
775 3440 930 3503 cuiuslibet
951 3439 1022 3502 vicis
1043 3440 1224 3520 publicisque
1248 3441 1304 3504 riis

85 3543 116 3594 et
141 3529 282 3609 compitis
311 3529 510 3608 epulabantur.
554 3528 692 3607 Expende
720 3526 834 3606 itaque,
865 3525 1006 3599 obsecro,
1039 3533 1137 3588 uuum
1164 3525 1200 3587 ad
1227 3525 1307 3588 hunc
1433 3537 1437 3544 '

86 3634 211 3679 morem
232 3614 365 3676 nonnihil
387 3613 550 3674 conducant
570 3613 642 3674 haec
656 3611 807 3674 Ciceronis
828 3610 927 3682 verba,
949 3609 1054 3689 quibus
1075 3610 1171 3691 palam
1191 3627 1304 3671 renun-

87 3703 145 3764 tiat
172 3699 337 3778 Apronium
364 3702 528 3778 uaperoese
554 3707 590 3758 ut
615 3702 647 3758 iu
672 3697 743 3774 soro
772 3696 831 3757 sibi
856 3696 951 3757 medio
981 3695 1050 3756 iecti
1075 3703 1305 3756 sternerentur:

86 3786 226 3868 quotidie
248 3783 371 3846 solitum
393 3800 540 3845 essenon
560 3781 647 3843 mocio
670 3785 702 3842 in
720 3779 849 3860 publico,
873 3781 924 3842 sed
945 3780 980 3840 de
997 3778 1118 3859 publico
1142 3779 1306 3848 emancari,

87 3891 161 3934 curn
192 3873 226 3930 ia
258 3872 299 3930 eis
329 3868 506 3948 apmpboaio
539 3874 671 3936 caneret,
704 3867 900 3946 mcairniepue
927 3863 1048 3944 poculis
1077 3865 1309 3924 ministraretur

90 3955 204 4027 (Cicer.
225 3952 276 4014 lib.
298 3951 348 4014 Ill.
371 3953 401 4013 in
423 3951 506 4012 Verr.
528 3967 593 4030 pag.
619 3951 688 4013 136.
710 3947 761 4008 lin.
784 3949 859 4024 43.).
902 3947 1060 4008 Memoriae
1081 3944 1168 4006 etiam
1189 3943 1304 4006 Corne-
1354 3971 1360 3982 ·

89 4039 153 4100 lius
173 4037 293 4100 Tacitus
315 4035 420 4098 alicubi
442 4033 571 4115 prodidit
592 4031 701 4095 Neroni
728 4031 898 4111 imperatori
932 4031 1009 4094 nibil
1035 4047 1161 4108 usquam
1179 4029 1307 4110 perinde

92 4124 216 4196 loetum,
239 4122 299 4184 sibi
317 4121 444 4201 publicis
468 4118 539 4181 iocis
561 4132 681 4194 strepere
701 4119 848 4186 conuicio,
872 4126 990 4196 totoque
1017 4114 1092 4176 urbe
1113 4115 1200 4194 quasi
1220 4113 1307 4177 domo

87 4213 145 4272 uti
164 4206 269 4283 (Tacit
291 4205 341 4268 lib.
356 4206 415 4267 xv.
429 4204 533 4265 Annal.
554 4201 908 4280 antemed.pag.127.t:
932 4197 1039 4260 ethnici
1059 4214 1129 4257 vero
1151 4196 1197 4258 his
1219 4197 1308 4261 lestis

86 4293 261 4376 principum
284 4291 388 4352 diebus
411 4289 509 4351 omnia
531 4287 586 4350 sibi
614 4287 701 4348 licere
729 4283 859 4346 arbitrati
892 4294 953 4344 tum
975 4280 1109 4342 solebant
1128 4299 1188 4342 non
1208 4282 1309 4345 solum

88 4389 154 4441 tota
177 4377 253 4439 urbe
275 4375 358 4455 quasi
381 4375 469 4436 domo
493 4374 545 4446 uti,
568 4373 621 4434 sed
643 4376 800 4444 civitatem,
822 4368 915 4448 inquit
936 4364 1139 4440 Tertullianus,
1161 4365 1314 4432 cateruae

89 4464 199 4526 babitu
221 4461 411 4540 abolefacere
432 4457 614 4532 (Tertullian.
636 4455 785 4534 Apologet.
809 4469 872 4532 cap.
894 4455 973 4527 ab),
1005 4451 1045 4512 ita
1066 4459 1098 4513 ot
1117 4459 1179 4512 tota
1200 4451 1314 4514 civitae·

88 4549 235 4609 tabernae
259 4565 292 4606 ac
313 4561 462 4623 cauponae
489 4541 616 4621 speciem
648 4539 778 4602 haberet.
822 4537 885 4596 Non
923 4535 1029 4596 desunt
1059 4543 1155 4597 autem
1189 4536 1239 4616 qui
1270 4536 1308 4600 in·
1406 4621 1408 4627 ι

87 4633 174 4695 hamc
194 4633 294 4696 locum
315 4627 515 4710 explicationis
538 4643 607 4706 ergo
629 4627 686 4686 hos
707 4622 855 4688 adducunt
873 4619 1010 4684 Martialis
1032 4639 1151 4684 versus:
