3144 5236
235 323 298 387 236
334 337 527 382 nrssearlrro
543 338 574 379 m
590 337 637 386 cu.
654 335 738 380 sarr.
755 336 841 378 reos.
857 334 1052 378 rnaronemm
1065 321 1294 378 troeocsrrcuu
1308 333 1396 376 eurr.

234 489 324 551 minis
348 487 497 548 obsistunt
517 505 551 548 aa
577 494 751 567 repugnant.
797 484 880 557 Quos
912 491 1007 546 autem
1041 484 1123 564 pravi
1156 483 1199 545 illi
1231 483 1392 544 daemones
1424 483 1461 544 ad

180 611 187 621 ·
235 592 323 636 suum
350 572 550 650 falsorumque
578 570 701 631 deorum
723 569 833 631 mltum
855 568 994 630 violentia
1020 576 1050 629 et
1071 575 1182 629 armata
1203 585 1293 628 manu
1313 567 1462 628 adducere

235 656 406 736 nequibant,
428 655 494 716 illos
517 653 696 734 quibuslibet
716 653 781 714 aliis
803 650 957 726 machinis,
985 651 1117 725 fallaciis,
1146 651 1222 714 dolis
1244 651 1386 730 malisque
1408 671 1461 712 ar-

237 741 314 802 tibus
337 739 501 800 subornare
523 738 729 818 moliebantur.
772 736 831 798 Sed
859 755 934 815 quae
961 735 998 797 de
1021 735 1079 798 illis
1101 736 1212 798 Auctor
1239 743 1343 798 noster
1364 735 1461 796 tradi-

166 891 174 904 ,
237 825 288 898 dit,
310 823 397 903 paulo
419 823 516 884 fusius
538 821 715 884 enucleanda
736 829 814 884 suot.

661 1052 676 1091 t
733 1038 900 1090 delCULUS
919 1037 960 1087 lll.
1019 1085 1022 1090 .

271 1147 385 1200 Quomodo
401 1099 551 1188 Tertullloods
570 1143 671 1188 ostendat
688 1142 802 1194 nonnullo,
821 1152 879 1196 quoe
897 1141 978 1184 ethnici
997 1140 1038 1184 dtis
1056 1111 1103 1183 suia
1122 1100 1227 1196 tanquam
1246 1103 1298 1184 vem
1314 1141 1424 1184 miracula

456 1211 620 1262 adscribebant,
642 1211 700 1252 lucta
718 1209 787 1252 luisse
806 1207 938 1252 doenlonum
956 1207 1039 1250 artibus
1058 1219 1085 1251 oc
1102 1207 1236 1264 praestigiis.

319 1327 439 1388 llultarn
461 1343 533 1386 sane
554 1299 781 1388 necimmerito
801 1323 921 1402 quidem
943 1323 1007 1384 iure
1023 1322 1220 1384 Tertullianus
1237 1305 1355 1402 operam
1382 1341 1481 1404 conl--

237 1411 328 1474 sumit
348 1410 379 1470 in
402 1409 571 1489 explicanda
591 1429 626 1473 ac
639 1407 839 1487 patefacienda
862 1407 1048 1480 daemonum,
1069 1415 1103 1468 nt
1124 1406 1189 1485 ipsc
1210 1406 1261 1480 ait,
1283 1413 1463 1485 operatione

237 1493 419 1570 (Tertullian.
441 1494 595 1572 Apologet.
618 1511 681 1572 cap.
704 1495 779 1567 22),
802 1493 866 1554 sive
887 1491 1041 1564 machinis,
1063 1490 1242 1570 praestigiis,
1265 1489 1351 1564 dolis,
1375 1491 1461 1552 lalla-

237 1579 291 1642 eiis
314 1586 345 1639 et
365 1579 431 1639 aliis
453 1578 537 1639 malis
559 1577 680 1650 artibus,
703 1576 810 1656 quibus
832 1575 902 1637 laisa
926 1575 1075 1648 miracula,
1099 1575 1217 1650 oracula
1237 1574 1351 1652 aliaque
1374 1574 1462 1654 plura

144 1690 148 1698 ²
237 1671 321 1724 extra
342 1662 461 1724 solitum
483 1669 605 1723 naturae
628 1661 763 1722 ordinem
786 1660 874 1720 edere
896 1658 1080 1730 videbantur,
1116 1659 1233 1741 Etbnici
1256 1659 1404 1737 siquidem
1427 1679 1462 1721 ea

237 1746 345 1820 omnia,
368 1764 443 1824 quae
464 1763 533 1806 vera
555 1763 624 1806 esse
646 1744 857 1825 opinabantur,
884 1742 1008 1805 deorum
1030 1761 1152 1805 suorum
1175 1741 1382 1804 adscribebant
1401 1761 1461 1822 po-

237 1830 345 1892 tentiae
366 1837 454 1908 atque
476 1829 545 1890 inde
567 1828 779 1890 concludebant
800 1845 888 1889 veros
911 1847 980 1888 esse
1006 1827 1079 1888 deos
1107 1845 1180 1890 suos
1202 1845 1360 1905 veramque
1376 1845 1461 1890 suam

167 1967 173 1973 .
236 1913 421 1992 religionem.
477 1913 673 1974 Tertullianus
701 1913 798 1990 itaqua
825 1912 884 1972 hoc
909 1911 1043 1972 ultimum
1071 1929 1174 1972 eorum
1206 1911 1460 1989 propugnaculum

237 1997 343 2076 duplici
368 2005 540 2075 argumento
564 2005 700 2075 tanquam
722 1996 830 2074 duplici
859 1995 949 2056 ariete
977 1995 1109 2057 concutit
1129 1994 1321 2073 funditusque
1343 1997 1460 2058 evertit.

158 2077 192 2130 '-
237 2081 367 2143 Primum
389 2080 467 2142 euim
490 2080 618 2142 ostendit
640 2080 870 2142 extraordinaria
893 2080 940 2140 illa
962 2080 1036 2141 lacta
1058 2097 1120 2140 non
1141 2078 1177 2138 ab
1192 2078 1308 2140 illorum
1324 2078 1392 2151 diis,
1417 2081 1461 2142 uti

238 2165 396 2244 putabant,
430 2165 481 2225 sed
504 2164 652 2243 perversis
676 2165 852 2225 daemonum
874 2163 986 2224 artibus
1008 2163 1084 2224 edita
1108 2162 1211 2224 luisse.
1254 2162 1368 2224 Deinde
1389 2181 1460 2225 uero

237 2249 358 2310 eosdem
382 2249 542 2310 daemones
560 2267 576 2310 a
592 2248 768 2309 Christianis
791 2248 941 2308 adiuratos
967 2247 1063 2325 pelam
1091 2247 1223 2307 confiteri
1245 2246 1319 2308 baec
1339 2265 1401 2308 non
1425 2248 1461 2309 ab

238 2331 301 2393 eliis
324 2342 386 2394 scta
409 2351 492 2404 osse,
524 2351 611 2412 quam
633 2331 818 2412 semetipsis,
848 2332 899 2410 qui
921 2349 981 2392 non
1003 2331 1060 2404 dii,
1089 2331 1142 2393 sed
1163 2331 1322 2392 daemones
1345 2341 1462 2394 tantum

237 2425 330 2478 crant.

320 2493 372 2560 Ad
397 2501 520 2578 primam
549 2519 620 2562 vero
648 2500 882 2579 propositionem
911 2498 1018 2560 darius
1047 2498 1308 2574 demonstrandam
1334 2499 1384 2560 ille
1405 2517 1462 2579 pro

236 2592 319 2656 certo
341 2584 441 2662 posuit
462 2584 560 2660 (lhid.)
583 2585 661 2662 quod
684 2602 791 2663 negare
813 2601 900 2643 nemo
923 2591 1031 2661 potest,
1054 2582 1229 2644 daemonum
1252 2582 1461 2654 substantiam,

238 2668 316 2729 sicut
335 2668 367 2728 in
389 2668 536 2745 superiori
558 2669 681 2741 articulo
703 2667 846 2740 vidimus,
880 2685 941 2727 non
970 2667 1067 2727 solum
1090 2685 1157 2728 esse
1180 2666 1405 2728 subtilissimam
1428 2688 1465 2731 ao

237 2752 450 2824 tenuissimam,
474 2753 525 2813 sed
548 2753 626 2812 vires
649 2752 735 2812 etiam
764 2769 867 2812 eorum
884 2751 1029 2829 spiritales
1052 2769 1256 2830 summamque
1270 2751 1463 2826 alacritatem,

168 2861 171 2868 ¹
235 2855 293 2915 qua
315 2855 373 2897 uno
396 2844 546 2897 momento
569 2835 677 2914 ubique
699 2853 767 2896 esse
790 2853 824 2895 ac
845 2835 959 2913 singula
988 2853 1120 2913 quaeque
1148 2843 1177 2895 et
1204 2835 1300 2913 ipsam
1328 2835 1464 2898 bominis

237 2920 431 2981 substantiam
454 2920 614 2998 pervadere
636 2927 773 2997 possunt.
817 2919 918 2996 ltaque
941 2937 1007 2979 curn
1029 2918 1068 2979 ita
1097 2919 1213 2980 formati
1236 2919 1309 2990 siut,
1343 2937 1462 2994 eorum,

236 3004 278 3064 ait
292 3003 502 3077 Tertullianus,
524 3004 642 3067 molitio
663 3003 814 3083 spiritalis
836 3021 856 3062 c
874 3003 1046 3082 primordio
1062 3003 1164 3064 mundi
1178 3007 1337 3082 uespt'coto
1359 3016 1407 3066 est
1428 3009 1465 3066 in

238 3088 365 3148 lamiae
388 3093 513 3150 esitium
534 3087 648 3163 (lbid.);
680 3087 797 3165 quando
820 3086 932 3147 scilieet
952 3086 1041 3148 Evam
1073 3095 1103 3148 ot
1122 3083 1264 3148 Adamum
1292 3086 1408 3148 felicem
1432 3089 1464 3150 in

236 3171 371 3230 terrestri
393 3170 533 3231 Paradiso
561 3171 650 3232 vitam
679 3179 798 3249 agentes
827 3169 951 3249 decepit.
994 3169 1104 3231 Eadem
1132 3189 1249 3249 quoque
1276 3169 1388 3231 malitia
1409 3192 1464 3234 cc-

164 3298 169 3304 .
236 3261 319 3313 teros
352 3253 489 3314 homines
522 3255 553 3314 in
588 3273 719 3316 errorem
753 3263 782 3316 et
810 3254 957 3334 quaelibet
990 3255 1101 3316 scelera
1134 3273 1168 3314 ac
1201 3255 1394 3333 potissimum
1431 3257 1462 3316 in

172 3409 175 3414 1
237 3334 432 3396 idololatriam
454 3338 653 3416 falsorumque
675 3340 798 3400 deorum
820 3339 942 3399 nomine
964 3339 994 3398 in
1016 3340 1061 3399 sui
1083 3338 1193 3400 cultum
1218 3339 1358 3400 inducere
1384 3357 1463 3400 con-

236 3419 381 3479 nituntur.

321 3502 364 3563 lh
386 3503 424 3564 iis
447 3513 544 3565 autem
573 3523 646 3582 quae
669 3504 725 3565 diis
749 3505 813 3566 suis
841 3505 949 3567 ethnici
977 3505 1146 3576 tribuebant
1172 3505 1313 3568 miracula
1346 3513 1380 3567 ut
1407 3525 1461 3568 or-

236 3587 362 3658 diamur,
384 3585 458 3648 haec
479 3605 495 3647 a
517 3588 711 3648 daemonibus
733 3590 808 3650 laeta
829 3590 922 3650 luisse
943 3590 1054 3652 ductm
1074 3597 1179 3650 noster
1199 3589 1243 3652 sic
1265 3591 1461 3652 demonstrat.

237 3672 351 3744 Tantis,
379 3671 481 3749 inquit,
509 3671 620 3733 viribus
643 3681 673 3732 et
694 3672 893 3750 spiritualibus
916 3683 947 3734 et
968 3673 1164 3734 invisibilibus
1192 3673 1327 3735 instructi
1354 3673 1463 3735 incau-

236 3763 283 3817 tos
305 3756 443 3816 homines
465 3755 640 3834 quibusdam
662 3763 801 3834 premunt
821 3757 1053 3835 aegritudinibus
1092 3775 1202 3836 easque
1228 3757 1381 3836 depellunt
1407 3777 1460 3820 re-

235 3841 354 3912 mediis,
376 3840 421 3901 vel
443 3840 673 3902 admiraculum
695 3841 781 3901 novis
803 3841 848 3902 vel
869 3841 957 3903 etiam
981 3841 1152 3914 contrariis,
1188 3848 1222 3902 ut
1247 3841 1315 3902 illos
1338 3860 1462 3904 sanasse

237 3925 410 3997 credantur,
448 3942 524 4003 quos
547 3925 670 3985 remotis
692 3932 804 3985 tantum
826 3925 977 3987 maleficiis
1011 3925 1128 3986 laedere
1149 3924 1299 3986 desinunt.
1345 3925 1462 3998 Quam-

236 4006 339 4068 obrem
354 4008 421 4068 illos
444 4018 474 4068 et
494 4009 561 4070 licta
583 4025 685 4094 eornm
708 4008 847 4070 miracula
869 4011 913 4071 sic
932 4009 1049 4070 irridet:
1072 4009 1205 4089 Benefici
1226 4009 1364 4090 pluisset
1379 4015 1462 4072 circo

237 4107 328 4150 curua
351 4092 574 4166 valetudinum
605 4092 730 4162 laedunt
750 4096 829 4154 enlm
846 4099 957 4171 premo,
982 4094 1085 4156 debinc
1107 4093 1238 4155 recredio
1256 4097 1461 4174 praecipitent,

236 4173 478 4236 admiraculum
499 4195 596 4250 ecco,
630 4181 693 4238 eice
717 4181 890 4252 controm'a,
919 4189 991 4256 pest
1019 4197 1093 4258 quac
1124 4179 1268 4239 desinunt
1290 4177 1410 4240 laedere
1432 4189 1462 4240 et
1513 4197 1516 4206 ·

238 4274 361 4318 morosae
382 4260 549 4326 creduntur
572 4260 681 4336 (ibid).
726 4261 826 4339 Neque
847 4259 894 4320 his
916 4268 1028 4322 tantum
1056 4261 1151 4340 plagis
1180 4261 1298 4340 corpori
1329 4263 1459 4323 bumano

236 4339 354 4402 inllictis
377 4349 406 4402 et
426 4345 536 4406 sanatis
559 4345 589 4406 in
612 4345 765 4408 hominum
786 4345 959 4423 conspirant
987 4345 1165 4423 perniciem,
1197 4346 1251 4406 sed
1283 4363 1338 4406 sua
1371 4346 1461 4406 etiarn

237 4422 397 4486 subtilitate
419 4426 512 4505 ipsam
534 4429 700 4506 pervadunt
720 4429 838 4490 illorum
866 4427 995 4489 animam
1033 4438 1121 4507 atquc
1148 4429 1247 4490 saeris
1274 4429 1459 4502 lrbrdrnrbus,
1497 4463 1505 4470 ·

235 4508 372 4570 amentiis
393 4511 597 4598 solutoribus
618 4513 750 4576 excitatis
772 4513 804 4574 in
825 4511 977 4591 quodlibet
997 4513 1095 4576 scelus
1110 4511 1176 4575 illos
1192 4512 1334 4576 inducunt
1349 4513 1462 4592 (luia).
