3114 5240
467 373 602 418 sucrous
623 373 681 421 mu
704 373 742 416 as
763 373 892 418 noum.
925 383 927 388 ·
1196 413 1201 420 .
1230 359 1291 424 166

87 527 191 604 pertitus
216 526 387 602 oppressis:
415 539 455 584 εσ
481 539 541 604 quo
567 531 702 603 ternpore
727 525 816 584 etiam
842 525 1021 586 introeundi
1041 527 1082 586 sis
1105 522 1292 602 teromtm

90 607 193 669 lt'cmttit
220 607 340 677 allato,
364 609 500 687 pminam
526 605 586 667 liei
609 615 702 676 nutu,
732 609 812 668 sieut
835 607 1004 686 propterte
1030 611 1191 671 emanere·
1208 619 1290 680 sunt,

90 688 327 753 monuments
338 689 600 752 interdictionibus
623 687 744 762 (Euseb.
756 689 867 750 Chrou.
878 690 914 750 od
929 707 997 752 uun.
1010 689 1118 752 Chrim.
1130 690 1290 768 (ΞΧΧΧΥ.)

157 775 247 834 lutea
268 791 338 834 vero
359 771 489 834 lustinus
511 773 620 851 llsrtpr
641 771 709 846 citat
730 772 852 834 undem
874 781 960 852 utque
983 773 1182 836 Tertullianus
1203 775 1288 853 prio·

90 875 139 918 reat
162 857 255 918 heieu
281 857 319 916 de
347 855 499 918 eliciendis
526 874 563 918 ex
583 855 678 933 putris
700 874 754 918 sua
775 856 892 918 ludaeis
913 857 1151 920 vaticinationem
1173 858 1290 931 (lustin.

90 939 192 1000 Golart
214 940 251 1000 ed
273 946 352 1018 gent.
374 957 440 1018 pag.
466 943 539 1016 14),
568 939 717 1018 alteroque
745 939 841 1001 adbuc
867 940 898 1002 iu
918 940 1048 1002 medinm
1081 941 1166 1003 alluta
1193 942 1292 1002 conti·

88 1032 176 1086 ueuter
196 1023 319 1084 ediscit:
334 1015 410 1086 Ὅτι
431 1021 467 1086 tl
489 1019 696 1107 φυλάσσεται
715 1014 775 1107 ὑφ’
799 1015 871 1103 iperi
873 1047 900 1100 ν,
924 1017 1019 1099 ὅπως
1032 1023 1147 1172 pZdelc
1161 1021 1194 1088 ἐν
1209 1016 1291 1110 αὐτῇ

88 1109 210 1190 γένηται,
232 1106 288 1169 καὶ
311 1102 460 1181 θάνατος
480 1101 564 1169 κατὰ
583 1105 642 1168 τοῦ
661 1104 993 1189 καταλαμβανομένσυ
1011 1099 1052 1170 ’lv
1074 1111 1149 1172 otoo
1170 1105 1293 1172 elator-

88 1209 133 1265 τις
152 1183 300 1272 ὥρισται.
348 1192 462 1255 Carere
494 1201 594 1253 autem
616 1199 645 1252 et
665 1208 792 1252 seruere
811 1209 875 1262 vos,
897 1209 935 1253 ne
956 1196 1023 1273 puis
1044 1194 1089 1255 ili
1108 1197 1149 1256 sit
1169 1203 1199 1254 et
1216 1209 1292 1272 poe·

88 1293 146 1336 nost
173 1271 332 1354 capitalem
361 1278 555 1336 constitutam
587 1291 652 1336 esse
679 1275 828 1336 moereas
856 1275 1001 1337 Iudaeum
1022 1293 1056 1338 eo
1078 1278 1294 1354 inpredientem

88 1357 270 1438 proterritis
300 1356 417 1431 (lustin.
438 1357 561 1436 Apolog.
584 1356 608 1417 l.
629 1375 686 1436 pro
709 1356 866 1419 Christian.
887 1375 953 1437 pag.
978 1361 1052 1435 81.)
1096 1359 1294 1438 Hieronymus

89 1459 162 1500 ruo:
188 1439 262 1504 l'ost
287 1450 453 1502 mnemon
473 1445 646 1502 uastitatem
666 1444 756 1502 etiam
777 1440 856 1519 loyes
873 1442 1013 1521 publicae
1031 1443 1243 1523 pependerunt
1264 1454 1295 1506 et
1358 1446 1360 1452 ’

88 1524 221 1602 proliiiti
246 1533 323 1584 eunt
344 1521 451 1586 ludaei
470 1534 596 1596 terram,
625 1524 661 1586 de
683 1543 743 1603 pua
763 1527 849 1586 eiecti
867 1526 1004 1603 suerunt,
1025 1527 1145 1604 inpredi
1174 1525 1294 1600 (Hiero-

89 1623 153 1684 npn.
172 1607 202 1668 iu
223 1625 291 1685 cup.
313 1607 359 1667 vt.
382 1607 460 1668 Hesi.
482 1627 511 1667 r.
535 1612 585 1670 11.
607 1624 637 1686 p.
661 1610 737 1684 66.)
780 1606 817 1667 Et
843 1625 949 1669 rursus
982 1607 1065 1668 olibi:
1098 1607 1210 1670 Nullus
1238 1608 1294 1670 lst-

91 1689 217 1752 daeomm
238 1703 358 1754 terram
378 1691 528 1772 quondam
549 1703 579 1754 et
599 1692 706 1753 urbem
727 1699 863 1752 sanctam
883 1693 1004 1772 inpredi
1022 1691 1086 1771 iope
1104 1695 1295 1771 permittitur

90 1772 167 1846 (idem
186 1773 215 1834 in
236 1791 304 1852 cop.
327 1773 427 1834 XVHl.
449 1773 595 1838 Ezechiel
616 1793 644 1834 r.
668 1775 718 1837 16.
739 1791 770 1852 p.
793 1775 889 1850 617.)

162 1857 223 1928 Quo
245 1865 348 1918 sutem
370 1865 503 1936 tompore
524 1865 555 1918 et
575 1875 593 1917 a
613 1875 672 1935 quo
694 1855 873 1936 imperatore
894 1857 951 1918 lats
972 1858 1012 1918 sit
1026 1875 1060 1918 es
1074 1857 1131 1930 lm,
1154 1857 1181 1918 si
1195 1875 1295 1936 roges,
1378 1929 1380 1937 .
1413 1853 1429 1938 J

90 1955 122 1998 ex
140 1939 258 2002 Eusebio
281 1940 400 2001 discere
427 1941 550 2020 poteris,
581 1941 631 2018 qui
653 1949 752 2003 uomet
773 1957 849 2000 anno
872 1939 934 2000 lili.
956 1940 1075 2001 Adriani
1097 1941 1295 2019 imperatoris,
1404 1945 1411 1958 ⁴

91 2031 149 2100 post
177 2041 310 2084 eremum
342 2023 448 2086 urbem
478 2024 621 2084 Berthers
658 2041 719 2084 non
757 2023 860 2102 proult
892 2023 1107 2102 Hierosolymis
1143 2024 1295 2085 dissitum:
1383 2055 1387 2062 ·

94 2102 132 2167 Τὸ
151 2107 215 2170 πᾶν
252 2103 356 2182 ἔθνος
384 2103 419 2183 ἐξ
440 2103 563 2171 ἐκείνου
584 2106 638 2170 καὶ
683 2107 718 2181 ’ς
740 2106 817 2190 περὶ
838 2102 881 2170 τὰ
899 2099 1106 2189 Ἱεροσόλυμα
1125 2106 1184 2190 γῆς
1204 2103 1297 2188 πάμ-

91 2209 147 2251 παν
166 2185 350 2290 ἐπιβαίνειν
373 2187 530 2273 εἴργεται·
553 2185 656 2270 νόμον
699 2187 818 2272 ὀγμστι
837 2189 891 2253 καὶ
914 2183 1295 2270 διατάξεσινἏδριανοῦ,

92 2264 128 2346 ὦς
146 2263 182 2336 ἂν
194 2295 238 2358 μη
261 2265 297 2337 d‘
323 2270 359 2350 ἐξ
379 2265 537 2336 ἀπόπτου
558 2277 721 2357 damocles
742 2270 783 2336 τὸ
797 2274 954 2356 amptius·
969 2271 1093 2357 ἔδαφος
1108 2269 1297 2355 ἐγκελευσα-

92 2357 183 2434 μένου,
201 2350 367 2440 Ἀρίστων
389 2351 407 2419 ὅ
428 2356 595 2432 Πελλαῖος
617 2355 751 2438 ἱστορεῖ.
796 2357 979 2420 ludusomtm
1005 2363 1152 2419 uniuersa
1171 2374 1243 2436 pens
1263 2361 1298 2420 itt

92 2445 225 2517 repimem
246 2446 363 2502 circum
384 2441 596 2520 Hierosolyma
617 2447 708 2503 sitam
719 2443 823 2520 pedem
836 2442 956 2520 inferre
968 2440 1124 2520 proluiito
1138 2451 1199 2516 est,
1221 2439 1297 2502 odeo

92 2532 120 2582 et
136 2543 170 2585 ne
187 2528 366 2605 prospicere
387 2525 504 2605 pridem
525 2544 540 2586 ε
564 2525 726 2606 lonpmpuo
745 2529 881 2604 patrium
903 2525 1001 2586 solum
1021 2528 1097 2604 ipsis
1121 2524 1234 2595 liceret,
1263 2533 1298 2586 ut

73 2607 182 2668 ¹scriiit
201 2609 307 2671 Aristo
330 2607 471 2670 Pellaeus
494 2607 614 2680 (Euseb.
637 2607 656 2667 l.
680 2607 726 2667 lV.
749 2607 862 2668 Histor.
884 2607 996 2669 Hocles.
1019 2625 1082 2686 cup.
1106 2609 1136 2671 6.
1158 2625 1187 2685 p.
1201 2609 1297 2682 118).

93 2686 183 2750 ieram
203 2690 308 2752 Hilarii
330 2699 425 2752 astute
446 2691 580 2752 nonnihil
601 2690 640 2752 (le
661 2691 787 2752 huiusce
804 2690 878 2770 legis
894 2691 1050 2751 severitate
1064 2689 1225 2750 relaxatum
1241 2698 1298 2762 est,

93 2775 323 2847 nemomodnm
343 2775 392 2836 liis
414 2774 537 2836 totidem
558 2772 657 2835 verbis
679 2773 836 2852 signifieat:
862 2774 946 2846 Quin
960 2777 1049 2834 etiam
1063 2791 1144 2833 nunc
1157 2777 1299 2851 inpressa

94 2859 205 2920 deitatis
232 2859 367 2920 mutilem
394 2859 489 2920 edicto
516 2857 647 2920 liomani
672 2861 752 2936 repis
783 2857 966 2918 initientur.
1010 2853 1051 2916 lto
1083 2873 1147 2916 mm
1182 2856 1301 2917 deserta

94 2953 252 3004 momorum
286 2954 393 3004 sonato
424 2951 454 3003 et
470 2941 650 3021 prophetias
673 2941 764 3001 silere
786 2947 816 2999 et
834 2938 1043 3018 placationum
1065 2939 1178 3000 lortius
1202 2939 1301 3000 deesm

95 3024 301 3101 adimitotem
323 3043 438 3086 σνιινιεσι
460 3025 661 3103 deformatam
681 3025 845 3083 ministerii
866 3022 977 3082 kaitioi
988 3021 1203 3092 recordantur,
1227 3037 1301 3082 con-

95 3110 164 3166 orrn'
191 3127 273 3170 nunc
302 3119 332 3168 et
358 3110 440 3187 some
466 3108 554 3170 verli
572 3106 631 3168 liet
657 3117 687 3168 et
720 3105 777 3166 celei
797 3104 946 3167 solutoris
968 3105 1071 3192 affecti
1098 3104 1138 3164 ud
1157 3104 1302 3165 solatrum

93 3195 282 3262 praesentium
302 3194 497 3252 maseriarum
518 3193 679 3252 circumire
701 3198 775 3250 sunt
795 3188 882 3251 soliti
902 3191 1051 3250 civitatem
1078 3185 1180 3258 (Hiler.
1203 3187 1301 3249 'lruct

95 3267 235 3334 iulsslm.
259 3273 359 3335 Llllll.
382 3277 411 3349 ς.
436 3277 464 3336 7.
487 3291 517 3352 p.
542 3275 636 3348 130.).
679 3272 789 3332 ilerum
810 3271 910 3332 infelix
930 3271 979 3331 ille
1000 3270 1126 3349 populus
1149 3271 1207 3332 hoc
1226 3289 1300 3349 quu-

95 3350 223 3434 liouutque
244 3356 435 3418 miseriarum
457 3373 577 3417 suarum
599 3354 705 3416 solatio
727 3373 788 3414 nou
810 3355 901 3433 gratis
917 3354 973 3414 lrui
988 3360 1113 3432 poterut,
1137 3355 1190 3416 sed
1204 3355 1300 3433 pretio

96 3436 222 3500 redimere
244 3440 415 3518 cogebatur.
455 3439 565 3500 ludios
588 3438 675 3498 velim
697 3445 803 3499 testem
825 3439 948 3499 huiusce
970 3437 1014 3498 rei
1035 3437 1303 3515 locupletissimum

97 3515 303 3600 Hieronymum:
345 3522 442 3602 Usque
469 3523 509 3584 od
532 3530 724 3602 praesentem
746 3523 822 3583 diem
839 3521 955 3602 perfidi
974 3519 1075 3582 coloni
1097 3564 1235 3581 .....
1292 3564 1303 3580 .

96 3603 281 3676 irridentur
302 3606 421 3685 inpredi
442 3604 625 3676 Ierusalem,
649 3616 677 3667 et
698 3615 733 3665 at
756 3608 879 3666 rm'nom
901 3622 973 3666 suae
995 3608 1035 3665 eis
1057 3604 1134 3682 flere
1156 3601 1244 3664 liceat
1261 3605 1304 3663 ci-

99 3689 195 3759 uitatis,
215 3693 318 3770 pretio
340 3689 508 3758 redimunt,
530 3699 566 3749 ut
587 3691 640 3768 qni
659 3689 810 3767 quondam
832 3698 966 3748 emerant
987 3689 1164 3764 sanquinem
1180 3685 1303 3758 Ciristi,

98 3781 182 3830 mmet
204 3773 354 3852 lacrymas
376 3784 456 3834 suas·
471 3814 642 3834 ......
666 3769 763 3831 odino
784 3771 875 3849 fletus
898 3775 930 3830 in
951 3771 1034 3848 penis
1067 3778 1095 3828 et
1116 3767 1210 3827 liuida
1231 3766 1305 3826 lra-

100 3848 153 3912 ιλιι
178 3865 204 3916 et
232 3859 338 3935 sparsi
359 3859 458 3916 amnes
482 3865 510 3916 et
530 3853 615 3916 miles
636 3853 800 3914 mercedem
818 3852 965 3932 postulor,
993 3861 1029 3914 at
1050 3849 1113 3910 illis
1135 3851 1212 3926 flere
1231 3845 1304 3927 plus

101 3929 173 3996 litem
192 3937 375 4016 (Hieronpm.
398 3938 430 3997 iu
452 3955 514 4016 cap.
538 3936 560 3996 l.
584 3936 676 4014 Soph.
699 3954 726 3996 r.
752 3939 802 3998 to.
824 3953 891 4014 pag.
916 3937 1031 4009 1655.)

167 4019 252 4098 Atqui
273 4039 335 4080 non
357 4021 431 4081 haec
452 4027 565 4080 tuntum
586 4019 688 4090 sacris,
713 4019 790 4078 siout
811 4019 920 4078 dictum
943 4025 998 4088 est,
1021 4013 1234 4092 prophetorum
1249 4030 1305 4073 vo-

101 4095 169 4160 cibus
193 4103 343 4179 praedicta
371 4105 502 4174 luerunt,
540 4105 591 4164 sed
613 4104 737 4171 eaedem,
766 4101 805 4161 ait
826 4098 1035 4169 Tertullianus,
1064 4115 1181 4176 semper
1204 4115 1306 4160 omnes

101 4181 259 4255 moerebant
280 4187 363 4264 fore,
384 4189 434 4248 uti
453 4187 507 4247 sul
530 4189 648 4247 eutnnis
671 4183 836 4246 curriculis
859 4183 974 4246 socordi
994 4197 1033 4241 en
1052 4183 1134 4241 omni
1147 4185 1207 4240 iam
1220 4190 1307 4260 pente

101 4271 125 4318 et
146 4267 252 4344 populo
281 4279 311 4329 et
339 4268 405 4330 loco
435 4269 573 4330 custodes
601 4269 660 4330 ciii
691 4265 836 4346 clleperet
856 4265 940 4327 lleas
967 4261 1064 4324 multo
1086 4263 1251 4342 fideliores,
1274 4267 1307 4324 in

102 4359 163 4418 11οι
187 4354 318 4427 proriam
347 4352 536 4430 transferret
560 4353 731 4432 pleniorem
759 4351 875 4429 quidem
903 4349 938 4409 oi
951 4356 954 4362 '
967 4346 1144 4425 disciplinae
1169 4351 1307 4408 auctoris

102 4435 277 4502 ‘moditatem
299 4432 484 4504 (TertuHiun.
506 4435 660 4513 Apologet.
684 4449 747 4510 cup.
770 4435 845 4506 11.)
875 4429 910 4489 lu
932 4429 1044 4490 nostris
1067 4427 1218 4490 codicibus
1240 4447 1305 4489 rno-

102 4513 243 4592 comptis
272 4514 397 4595 legimus
427 4517 527 4578 eadem
552 4537 607 4598 pro
636 4515 751 4579 eoedms
779 4523 810 4576 ot
830 4516 977 4576 auctioris
998 4529 1053 4591 pro
1075 4511 1222 4583 auctoris,
1251 4528 1308 4572 uec
