3132 5238
449 367 582 412 lucrose
603 369 699 414 serso
720 371 816 414 saur.
837 371 864 414 v.
886 371 915 414 n.
938 371 969 414 ιι.
1276 356 1319 422 43

172 517 255 580 Rem
277 519 334 580 alia
355 519 472 582 ratione
493 539 671 600 componere
693 522 804 584 studuit
825 531 927 584 auctu
947 541 1094 602 nuperus,
1124 523 1175 603 qni
1195 523 1318 588 Pamelii

99 603 124 662 in
150 602 256 681 aliquo
286 604 409 683 vestigia
438 605 553 684 premit.
596 605 740 668 Nimirum
762 607 919 670 arbitratus
942 617 987 669 est
1009 607 1236 678 Tertullianum,
1266 609 1316 688 qut

94 697 155 748 ente
170 687 297 750 Christo
308 687 403 751 datam
426 689 513 752 iidem
535 691 698 770 nupsisset,
720 691 796 753 illico
817 701 888 772 post
901 692 1078 772 baptismum
1100 693 1174 755 dnos
1188 693 1317 764 adUro·

94 791 152 834 rem
174 772 275 834 libros
297 775 466 837 testamenti
488 775 520 836 in
541 777 662 838 modum
684 776 850 856 scripsisse,
876 777 983 838 nodum
1006 777 1125 851 scilicet,
1147 787 1180 840 ut
1201 778 1317 858 opinari

93 877 143 936 par
170 865 236 932 est,
267 857 304 920 de
331 858 485 920 allectione
513 861 544 921 in
571 861 683 922 clerum
711 880 764 922 sna
793 861 900 940 aliquid
923 861 1110 924 divinantem.
1153 863 1197 924 bn
1220 863 1251 924 id
1272 863 1315 926 illi

93 943 178 1004 inerit
202 943 333 1016 consilii,
355 943 478 1020 riderit3
499 963 556 1007 nos
571 953 650 1007 certe
672 963 733 1006 non
754 946 859 1009 iniuria
882 965 945 1008 eam
967 946 1080 1010 homini
1101 957 1230 1009 mentem
1248 967 1316 1010 esse
1411 993 1416 1004 .

92 1027 144 1088 risi
166 1046 276 1090 sumus
298 1028 446 1107 colligere.

175 1113 312 1174 Atesim
334 1114 487 1193 utriusqus
508 1123 630 1176 conatus
651 1115 719 1177 rani
740 1114 897 1182 admodum
912 1125 1078 1178 remanent:
1101 1117 1190 1196 quod,
1212 1117 1244 1180 ni
1258 1117 1314 1180 lal-

93 1197 146 1270 lor‚
169 1198 269 1258 sensit
288 1197 446 1272 baronius,
468 1216 531 1261 rem
553 1199 670 1260 silentio
693 1207 792 1279 tegere
815 1200 943 1274 malens,
966 1219 1053 1280 quam
1075 1202 1206 1264 remedio
1228 1201 1314 1264 allato

93 1281 254 1344 inrulnns
277 1283 439 1348 insanabile
462 1283 563 1346 oculos
584 1283 702 1346 lectoris
728 1293 908 1346 convertere.

175 1365 328 1440 Primum,
361 1367 439 1447 quod
469 1367 842 1443 asseriturTertnllianum
871 1368 1008 1446 nupsisse
1036 1377 1103 1430 ante
1129 1371 1216 1432 fldem
1245 1389 1314 1432 sus·

94 1461 217 1530 ceptam,
242 1453 364 1513 omnino
387 1451 416 1532 id
439 1453 581 1514 incertum
603 1461 658 1526 est,
681 1453 816 1532 nrdlaqne
837 1453 1011 1532 probatione
1034 1454 1174 1516 lhmatnr.
1208 1454 1316 1518 Fateor

92 1537 444 1701 insilistis
458 1537 1313 1703 irritet,tltitlittinitietur:

91 1725 176 1784 mm
199 1706 293 1768 lullae
314 1707 535 1770 matrimonium
558 1707 701 1768 contrahi.
741 1706 824 1768 Hand
846 1725 897 1768 me
915 1707 986 1768 latet
1007 1707 1094 1770 etism
1116 1709 1214 1788 ipsum
1236 1709 1312 1770 Ter·

90 1791 245 1852 tullianum
273 1792 310 1852 de
330 1791 483 1870 baptismo
512 1794 647 1871 cap.18.
676 1793 748 1853 lraec
775 1791 900 1852 habero:
937 1810 999 1854 non
1026 1798 1143 1855 metiore
1165 1795 1199 1856 de
1221 1811 1314 1856 causo

90 1880 220 1956 innupti
237 1895 351 1958 puopru
369 1878 630 1958 procrastinandi,
653 1882 685 1938 in
707 1877 812 1958 quihus
836 1881 960 1940 tentatio
979 1890 1169 1958 praeparato
1190 1890 1236 1940 est
1252 1889 1314 1942 torn

91 1961 260 2039 airmandus
279 1979 340 2042 per
360 1967 579 2032 autoritatem,
609 1980 698 2042 quom
718 1963 816 2024 viduis
838 1980 894 2041 per
916 1966 1115 2034 vocationem,
1146 1964 1238 2026 donec
1260 1974 1314 2026 ant

91 2045 212 2108 nudant
243 2056 298 2107 cut
332 2050 516 2109 continentia
547 2047 797 2109 corroborentur.
841 2047 878 2108 Si
908 2051 961 2126 qui
989 2048 1110 2126 pondus
1142 2047 1314 2128 intelligant

90 2129 235 2209 lopte‘rari
253 2135 349 2208 mopr's
372 2132 514 2193 teinehont
535 2135 770 2193 consecutionem
792 2149 881 2210 quarn
903 2131 1116 2193 dilatationem.

173 2215 286 2275 Verum
316 2215 479 2276 solemnem
511 2215 602 2276 luisse
633 2215 890 2287 consuetudinem,
922 2233 959 2275 an
987 2216 1086 2294 potius
1107 2216 1217 2294 legem,
1250 2233 1313 2278 non

90 2299 191 2360 suadet
220 2298 270 2360 ille
299 2299 472 2361 Tertulliani
500 2299 592 2362 locus.
637 2299 711 2360 Turn
742 2318 802 2360 non
829 2299 950 2362 minima
977 2301 1093 2362 videtur
1116 2300 1148 2362 in
1170 2309 1312 2362 eatcausa

91 2385 264 2458 dithcrrltas,
294 2384 355 2446 sire
378 2383 575 2446 Tertullianus
603 2383 734 2446 ethnicae
757 2384 819 2446 sivo
843 2384 1025 2446 Christianae
1045 2385 1189 2464 nupserit
1234 2385 1312 2457 Quid

90 2469 166 2530 enim
195 2469 224 2530 si
258 2469 404 2530 ethnicam
434 2469 564 2544 duxerit,
593 2486 679 2547 quam
702 2469 765 2547 ipse
787 2469 925 2547 baptismi
947 2469 1127 2548 suscipiendi
1149 2470 1259 2531 sociam
1283 2478 1312 2532 et

92 2555 278 2615 imitraticem
301 2552 452 2626 babuerit,
480 2571 531 2616 cnr
558 2563 665 2616 tanum
695 2571 762 2632 erga
785 2553 862 2616 illem
884 2553 937 2614 net
959 2554 1168 2633 benignitatem
1190 2573 1228 2616 ne
1249 2572 1310 2616 uno

92 2639 206 2716 quidem
237 2638 379 2712 verbulo,
411 2639 486 2700 duos
512 2638 580 2700 licet
607 2639 643 2698 ad
671 2657 734 2699 eam
763 2638 916 2717 scripserit
935 2638 1045 2712 libros,
1077 2637 1311 2702 commemorat?

91 2723 165 2795 Quid
192 2723 222 2784 si
250 2731 353 2784 conus
381 2723 439 2784 iam
463 2723 655 2786 Christianam
685 2723 748 2801 ipse
776 2723 871 2784 adhuc
892 2723 1026 2784 ethnicus
1048 2722 1144 2796 duxit,
1176 2743 1229 2784 carr
1250 2741 1311 2784 non

90 2827 167 2880 eam,
196 2827 289 2886 quam
311 2807 385 2869 libro
409 2809 539 2868 secundo
561 2827 577 2868 a
599 2807 735 2886 coningio
757 2825 823 2868 cum
845 2807 981 2880 ethnico,
1010 2807 1036 2868 si
1057 2807 1140 2885 prior
1160 2808 1309 2885 migraret,

90 2893 237 2966 ιιιειιιιιιο,
270 2893 307 2952 ad
335 2892 514 2971 periculum,
543 2891 622 2971 quod
644 2891 704 2952 lieo
727 2891 800 2952 duce
822 2898 954 2952 evaserat
974 2910 1027 2970 per
1047 2891 1144 2952 mariti
1164 2892 1201 2952 ad
1222 2891 1311 2952 iidem
1421 2913 1425 2920 ·

90 2977 198 3040 Christi
222 2977 460 3049 conversionem,
483 2976 586 3038 maiori
609 2975 762 3036 sedulitate
783 2975 933 3036 vitandum
954 2973 1148 3036 dehortatum?

172 3063 262 3122 Certe
290 3062 340 3140 qrri
370 3061 543 3122 Tertulliani
569 3061 625 3120 hos
655 3059 748 3120 libros
777 3058 892 3137 legerit,
926 3059 1008 3120 iacile
1036 3057 1094 3120 sibi
1122 3058 1311 3138 persuadebit

90 3147 323 3219 Tertullianum,
349 3145 481 3208 nundin
503 3154 657 3224 antequam
680 3143 831 3224 presbyter
853 3145 951 3216 lieret,
974 3143 1169 3206 Christianam
1190 3143 1311 3206 duxisse

95 3231 255 3308 coniugem.
289 3230 368 3303 Quin
392 3230 470 3292 idem
492 3249 550 3291 non
574 3249 660 3308 aegre
683 3239 834 3308 stuporem
849 3227 969 3290 Pamclii
983 3229 1137 3303 deridebit,
1160 3247 1226 3290 urm
1241 3227 1311 3292 hinc
1436 3285 1440 3292 .
1486 3251 1489 3258 ·

96 3314 307 3378 Tertullianum
331 3315 439 3376 iamdiu
461 3315 661 3394 presbyterum
677 3314 732 3375 hos
748 3313 840 3374 libros
857 3313 1013 3391 scripsisse
1026 3314 1207 3392 pronuntiat,
1231 3313 1310 3375 illinc

94 3419 162 3461 rero
187 3401 250 3462 suis
278 3399 468 3480 praeiudiciis
495 3399 633 3478 abreptus
663 3409 721 3460 um
743 3399 874 3476 ineptum
895 3398 954 3459 hoc
974 3407 1175 3478 argumentum
1197 3398 1264 3462 libri
1285 3399 1309 3460 ι.

93 3485 126 3546 ad
149 3485 279 3548 Uxorem
302 3485 474 3564 descripsit:
515 3483 733 3555 Tertullianus,
765 3483 876 3561 inquit,
899 3485 1069 3546 iamdudum
1087 3486 1249 3564 presbyter
1271 3483 1310 3544 ad

91 3589 218 3634 sacrm
237 3574 317 3652 pori
335 3575 416 3630 inter
438 3589 469 3630 se
492 3587 638 3630 consensu
660 3573 861 3632 continentiae
882 3587 952 3647 erpo
968 3586 987 3629 o
1001 3587 1033 3630 se
1047 3579 1227 3649 separatam,
1252 3567 1311 3630 llu-

91 3675 194 3718 name
217 3655 399 3716 conditionis
421 3672 543 3728 memor,
566 3657 595 3714 si
614 3655 697 3734 sorte
719 3654 753 3714 de
775 3652 875 3715 seculo
887 3656 978 3732 prior
994 3663 1181 3727 evocaretur,
1204 3652 1310 3712 adno-

94 3745 216 3804 nitionr'r
253 3739 307 3802 hoc
339 3739 598 3820 fideicommissum
630 3739 788 3818 (fortassis
810 3735 932 3815 nonae)
964 3742 1154 3818 conscripsit,
1186 3753 1243 3815 qno
1274 3746 1310 3797 ut

91 3838 156 3904 pest
177 3843 338 3888 neesson
359 3841 449 3886 sunna
469 3827 585 3902 nuptiis
608 3827 769 3892 renuntiet,
793 3821 984 3884 adhortatur.
1015 3829 1017 3837 '

171 3911 235 3991 Age
259 3909 349 3982 enim,
373 3907 410 3980 si,
433 3925 498 3968 curn
520 3907 557 3968 ad
578 3906 742 3986 presbyteri
762 3905 883 3984 gradmn
906 3914 1023 3966 erectus
1045 3911 1090 3965 est
1101 3902 1308 3980 Tertullianus,

98 3996 259 4072 annianum
281 3993 378 4073 operi,
400 3993 458 4053 iam
482 3991 607 4054 solemni
629 3999 662 4052 ut
682 4009 761 4052 nunc
782 3989 874 4052 moris
897 3998 943 4052 est
962 3997 1042 4061 voto,
1065 3989 1201 4066 quodque
1227 3991 1308 4054 nolas

101 4090 171 4140 esset
187 4079 331 4152 rescindi,
355 4078 420 4158 ipse
442 4096 477 4137 ac
497 4075 603 4138 coniux
623 4076 881 4142 renunciaverunt.
904 4093 1001 4137 aunon
1024 4079 1123 4134 adrem
1145 4074 1211 4135 ierit
1232 4074 1308 4136 Ter-

102 4163 234 4241 tulimus,
258 4165 312 4245 qni
335 4163 453 4241 integro
475 4160 584 4222 libro-l.
608 4159 710 4222 suadet
731 4159 826 4231 uxori,
850 4168 881 4222 nt
901 4166 1008 4236 quauta
1029 4166 1130 4236 posset
1150 4161 1307 4221 continen-

101 4248 133 4308 tia
151 4263 213 4330 post
235 4251 317 4314 illios
342 4265 498 4310 excessum
519 4245 703 4308 renuntiaret
723 4242 858 4322 nuptiis?
879 4242 916 4304 ht
936 4243 976 4314 id,
992 4242 1019 4304 si
1039 4243 1201 4306 Pemelium
1222 4245 1306 4306 aodi-

100 4353 160 4409 mus,
180 4337 303 4408 iamdiu,
329 4351 400 4395 curn
422 4330 544 4392 maritus
565 4329 717 4419 presbyter
738 4329 838 4400 iteret,
866 4327 914 4388 illa
936 4335 1042 4406 sponte
1063 4347 1097 4390 ao
1117 4328 1307 4392 votoemisso

100 4419 200 4497 ιιαηις
230 4421 309 4505 quid
347 4417 440 4497 igitur
467 4433 589 4476 necesse
621 4415 676 4476 luit
705 4413 762 4474 hoc
790 4413 907 4474 demum
929 4411 1044 4474 consilii
1065 4413 1105 4476 illi
1127 4411 1308 4492 suggerere?
1365 4481 1370 4490 ¹

96 4503 205 4590 lepidos
231 4527 307 4572 rcro
334 4499 537 4566 continentiae
558 4507 628 4560 roto
650 4498 828 4579 praemissae
850 4496 970 4569 vindex,
992 4497 1017 4558 si
1039 4497 1100 4558 lieo
1122 4499 1232 4577 placet,
1254 4497 1309 4558 luit

94 4591 295 4670 Tertullianus,
330 4587 386 4668 qui
416 4583 493 4663 libro
522 4585 613 4646 altero
635 4585 674 4646 ad
696 4582 826 4646 sectando
849 4582 977 4644 consilia
1000 4595 1136 4662 respectu
1160 4583 1308 4654 numeriae
