3144 5236
494 395 629 442 snoroxr
651 395 710 472 sse.
732 395 769 440 ns
791 395 920 443 aornar.
1257 375 1325 445 Μ

170 549 212 610 At
234 517 312 610 liaeo
332 567 394 610 non
424 555 528 610 nnslm
558 555 682 621 tantum,
717 547 769 610 sed
791 545 858 627 ipsa
879 555 910 610 et
929 547 1008 610 illius
1029 547 1243 629 argumentatio
1262 556 1323 626 est,

91 655 142 714 qna
156 635 241 695 inne
254 633 321 695 mlii
337 634 391 695 liei
406 631 611 694 aeternitatem
625 631 857 712 luculentissime
871 633 1065 695 &monstrat
1090 633 1174 708 sodi,
1197 651 1322 712 quaeso

91 721 150 780 ains
168 717 278 788 rerba,
301 726 332 780 el
352 718 412 778 boe
432 716 589 779 nobiseum
611 716 765 778 fateberis:
790 717 894 786 Duas.
917 718 959 779 ait
979 717 1038 792 ille,
1060 717 1324 797 immutabilem

92 801 324 882 riser-odilam
352 803 437 864 erodi
449 819 582 864 measse
604 812 659 874 ert,
686 813 723 865 ιιι
742 811 909 864 urnam
957 801 1199 884 Trossilperosie
1221 813 1324 866 aerem
1448 851 1451 858 .

20 887 21 892 ’
91 890 290 968 interemptio
319 899 367 951 est
389 889 527 967 pristini.
574 886 668 947 Omne
697 889 775 948 eaba
804 888 999 968 quodeunque
1020 888 1266 967 trossfipsrrotssr
1286 891 1323 950 trs

20 973 21 1004 r
91 973 183 1044 Μ,
210 971 326 1033 &deit
349 972 516 1051 essequod
540 971 648 1049 suerat
669 980 698 1031 ιι
719 974 825 1050 irrupit
846 988 910 1032 asse
932 971 1012 1052 quod
1032 989 1095 1034 aon
1116 981 1194 1034 mot.
1238 971 1324 1033 Deus
1407 997 1411 1004 ·

20 1089 22 1120 t
91 1069 191 1118 urm
212 1074 312 1136 saepae
333 1058 443 1118 dess'nit
464 1073 527 1117 esse
546 1072 642 1134 septu
662 1053 747 1116 eliud
764 1064 867 1134 petest
887 1073 968 1129 ssss;
992 1055 1097 1118 Sarrae
1119 1065 1219 1116 autem
1239 1053 1324 1118 oeae

20 1161 21 1208 3
91 1153 118 1202 ιι
138 1141 253 1202 Semo
276 1141 425 1202 Dominus
445 1150 547 1202 maaet
567 1143 602 1199 isa
622 1157 728 1200 oseam
739 1141 969 1218 perseverando
983 1143 1017 1202 io
1032 1157 1090 1202 suo
1103 1140 1206 1218 semro
1227 1138 1323 1210 (ldam

20 1215 21 1268 ἕ
92 1225 139 1286 lib.
162 1224 233 1286 adr.
257 1223 345 1284 Prax.
369 1242 431 1302 eap.
455 1225 529 1296 ib).
573 1221 603 1283 ls
624 1229 722 1285 autern
745 1240 844 1284 sermo
866 1232 913 1285 eal
933 1223 986 1284 liei
1007 1223 1147 1298 Verbum,
1170 1230 1201 1284 et
1218 1221 1321 1296 Filius,

92 1311 150 1388 qui,
173 1316 212 1370 ut
233 1307 424 1370 continenter
445 1307 598 1370 subiunxit
620 1306 829 1380 Tertullianus,
856 1325 925 1369 earo
948 1309 1042 1372 lamus
1064 1315 1120 1369 est.
1166 1307 1241 1380 Quis
1263 1307 1325 1369 ita-

93 1412 146 1472 paa
169 1411 307 1472 mam
329 1391 502 1454 canoribus
521 1390 620 1454 verbis
642 1399 693 1453 aut
713 1391 831 1452 ebriori
852 1391 1104 1470 argumentatione
1119 1391 1323 1453 aeternitatem

94 1477 170 1538 illius
207 1475 363 1539 asseruit?
406 1475 553 1556 Numquid
591 1493 661 1555 ergo
690 1493 748 1536 una
777 1493 866 1536 mauu
895 1474 936 1536 ibi
964 1475 1164 1538 Tertullianus
1193 1475 1321 1537 adstruit

19 1565 20 1632 T
95 1563 172 1640 qaod
196 1561 268 1622 alibi
291 1561 381 1622 altera
403 1558 613 1623 destruxerat?
640 1559 771 1632 Quidam
792 1568 891 1621 umen
914 1561 986 1622 tanti
1006 1560 1149 1640 paradoxi
1162 1560 1322 1622 duetorem

19 1671 20 1692 ι
96 1657 230 1708 nmmum
253 1645 406 1724 postulare
428 1663 488 1706 non
509 1651 659 1705 serenum.

178 1730 321 1792 Petavius
348 1729 497 1791 enimvero
519 1729 606 1789 nobis
629 1726 731 1788 oniieio
751 1746 813 1788 nen
834 1727 933 1790 minus
955 1737 1036 1790 carto
1059 1737 1089 1790 sl
1110 1728 1262 1800 euidenter
1282 1727 1321 1790 ab

96 1815 145 1875 illo
167 1815 312 1876 traditum
332 1814 442 1875 nullam
463 1820 531 1874 ante
552 1811 653 1874 mundi
675 1811 836 1892 primordia
857 1813 951 1874 luisse
965 1813 1031 1874 Filii
1047 1813 1098 1880 llei
1115 1812 1322 1889 substantiam,

97 1899 151 1960 sed
171 1918 240 1960 eam
261 1908 324 1959 turn
346 1899 497 1978 recepisse
525 1917 542 1958 a
567 1897 652 1958 Patre
675 1913 741 1969 suo,
774 1897 891 1974 quando
914 1898 1057 1959 mundum
1079 1915 1180 1959 creare
1201 1898 1322 1960 molitam

99 1993 151 2044 set
196 1983 285 2056 Quod
313 1983 431 2062 quidem
459 1999 520 2042 uon
547 1981 597 2042 ille
624 1979 725 2052 solus,
753 1981 806 2041 sed
832 1980 881 2042 alii
909 1979 997 2043 etiam
1026 1981 1160 2044 nonnulli
1188 1981 1322 2043 arbitrali
1387 2005 1390 2014 ·

99 2077 166 2128 sont
187 2066 294 2128 eoniei
314 2085 407 2145 posse
428 2065 510 2127 hisee
531 2065 664 2127 eiusdem
686 2064 859 2127 Tertulliani
880 2065 994 2128 verbis:
1026 2065 1216 2145 (ltprimum
1238 2066 1321 2128 Deus

100 2152 195 2214 uiuit
216 2171 261 2222 eo.
286 2171 360 2232 quoe
382 2170 449 2214 oum
470 2151 591 2230 sopbioe
612 2153 733 2212 ratim
754 2159 784 2210 ot
804 2168 944 2214 sermone
966 2153 1158 2231 disposuerat
1179 2154 1265 2211 intro
1280 2169 1323 2222 se,

19 2305 20 2308 Ἴ
100 2241 131 2296 is
152 2238 343 2298 substantiam
370 2249 398 2298 et
420 2238 531 2315 specim
554 2253 625 2296 soor
648 2235 743 2304 edere,
777 2237 877 2315 iprum
894 2240 1029 2314 prmum
1046 2235 1182 2316 protulit
1203 2251 1324 2297 sersao-

101 2339 175 2392 nen,
199 2321 355 2382 labentem
375 2325 408 2381 iu
435 2339 467 2382 se
488 2319 658 2380 individuos
680 2320 793 2398 speeies
815 2324 966 2380 rationein
986 2329 1016 2381 ιι
1037 2317 1182 2398 sopitam,
1209 2331 1245 2382 ut
1264 2337 1325 2398 per

102 2411 198 2484 ipsura
219 2405 331 2484 fierent
351 2409 505 2475 universo,
525 2421 584 2484 per
606 2421 690 2484 passa
711 2416 801 2466 mont
824 2406 953 2482 eopitoto
974 2404 1322 2484 otqssdispositaisemo

101 2501 129 2550 et
156 2489 243 2567 [aare
269 2493 338 2561 iam,
370 2501 515 2570 montom
543 2491 576 2548 iss
598 2487 656 2548 Dei
682 2503 784 2547 sensu.
827 2485 892 2549 Hoe
920 2491 998 2548 esim
1020 2489 1132 2560 deerat,
1162 2497 1198 2548 ut
1219 2505 1324 2550 eorem

103 2591 214 2654 paoem
241 2579 275 2634 ia
303 2577 367 2635 saie
396 2573 548 2652 speciebus
577 2582 665 2651 atque
688 2571 867 2634 substantiis
890 2582 1145 2651 aopoorosrentur
1174 2580 1203 2632 et
1236 2580 1324 2633 leae·

103 2671 219 2718 rentur.
268 2657 348 2718 Tune
369 2659 464 2735 ipitur
485 2661 575 2720 ιιιιιι
595 2659 659 2735 ipse
681 2672 780 2717 armo
802 2660 929 2734 speeiem
950 2665 1143 2716 eternorum
1164 2673 1252 2716 reum
1267 2674 1324 2716 su-

102 2746 165 2816 rsit,
186 2761 294 2803 sonum
315 2753 344 2802 st
366 2759 474 2813 eorem,
498 2758 565 2802 eom
587 2739 680 2802 dieat:
704 2737 772 2801 Fiat
795 2739 850 2800 laer
871 2737 956 2808 (lbid.
979 2755 1042 2817 eap.
1066 2739 1118 2811 6.).
1148 2736 1220 2797 lnda
1243 2739 1324 2798 enirn

105 2825 237 2886 Petavius
265 2825 362 2904 colligi
390 2843 482 2904 posse
505 2823 643 2903 opinatur
664 2823 740 2883 bane
760 2821 854 2882 luisse
875 2821 954 2883 illisu
976 2821 1014 2882 de
1035 2819 1099 2882 Filii
1121 2819 1173 2880 Dei
1195 2837 1323 2898 genera-

106 2909 182 2970 tione
204 2929 272 2984 nen
288 2910 408 2989 quidem
430 2917 558 2980 aeterna,
582 2907 637 2968 sed
658 2905 813 2985 temporali
836 2905 1016 2984 opinionem.
1060 2903 1148 2966 Addit
1170 2911 1324 2982 praeterea

106 2993 312 3055 Tertullianum
341 2994 429 3074 paulo
457 3002 526 3054 ante
553 2990 664 3052 dixisse
686 2989 790 3062 Deum,
818 2989 868 3068 qui
889 2997 993 3050 nelma
1016 3006 1070 3050 sue
1092 2997 1138 3048 est
1159 2987 1323 3061 rationalis,

106 3097 194 3156 mnes
217 3098 251 3140 se
273 3097 308 3140 ex
331 3087 451 3140 aeterno
474 3076 616 3138 habuisse
638 3073 804 3146 Rationem,
843 3068 1011 3156 Adparet
1034 3072 1219 3134 Sermonem.
1263 3072 1324 3134 Sed

107 3162 181 3222 bane
202 3164 277 3224 intra
300 3162 494 3242 semetipsum
516 3159 711 3232 eonunuisse,
734 3163 823 3220 toe'te
847 3159 1003 3254 rogitando
1026 3169 1054 3220 et
1073 3157 1256 3238 disponendo
1273 3175 1325 3220 se-

108 3265 278 3392 ltetgt
295 3243 665 3392 lteitmlttntzl,
678 3241 1107 3407 lattallllulil,
1130 3241 1323 3388 bliaut

110 3415 177 3474 llum
204 3425 303 3477 autem
324 3417 404 3477 Deus
430 3413 572 3476 mundum
602 3412 744 3473 labrieare
771 3412 879 3491 eoepit,
909 3429 1078 3476 sennonem
1100 3409 1180 3471 hune
1200 3410 1326 3490 protulit

111 3517 227 3580 eumque
249 3501 407 3562 animando
436 3499 505 3562 iecit
533 3497 728 3558 substantiam
757 3515 791 3558 ae
816 3514 985 3576 personam.
1029 3495 1096 3556 Non
1125 3502 1209 3555 antea
1241 3513 1324 3574 ergo,

113 3583 150 3642 uti
169 3585 257 3657 munt,
279 3585 384 3647 Filium
406 3584 459 3644 liei
481 3585 589 3644 laetum
611 3600 680 3642 esse
703 3581 901 3642 Tertullianus
923 3581 1060 3660 opinatus
1083 3586 1140 3640 est.

188 3670 246 3731 Sed
267 3668 369 3732 neseio
393 3667 529 3748 equidem
552 3676 650 3727 utrum
665 3665 801 3726 Petavius
824 3673 854 3726 et
875 3665 923 3726 alii
945 3664 994 3744 qui
1016 3663 1056 3724 ita
1072 3667 1324 3740 argumentantur,

114 3751 231 3814 ιιιιιιιιιιι
253 3754 290 3813 ad
313 3773 347 3814 aa
369 3751 539 3814 Tertulliani
562 3749 651 3811 verba
674 3747 746 3810 satis
769 3749 956 3822 adverterint,
984 3765 1060 3826 quae
1081 3746 1129 3806 illa
1152 3744 1226 3822 ipsa,
1249 3760 1326 3821 quae

115 3837 190 3896 nobis
212 3838 363 3910 obiiciunt,
386 3837 574 3898 continenter
595 3833 832 3912 subsequuntur:
856 3831 946 3904 Haeo,
976 3830 1083 3909 (inquit
1105 3827 1175 3888 ibid.
1198 3843 1262 3904 eap.
1281 3829 1325 3902 6.)

116 3933 154 4004 ιιι
173 3927 314 3985 munitos
331 3922 470 4002 perfecto
492 3921 656 3991 Sermonis,
681 3919 752 3980 duna
774 3917 889 3978 embra
908 3917 1057 3997 procedit,
1081 3912 1218 3972 eonditor
1239 3910 1277 3972 ob
1291 3927 1327 3972 eo

115 4009 236 4080 priorem
258 4009 297 4069 ad
320 4011 481 4085 sopitorum
502 4009 535 4066 io
556 4007 676 4066 nomise
700 4001 843 4080 Sopbiue:
872 4001 1020 4062 Dominus
1044 3996 1242 4058 condidisses
1264 3999 1329 4056 irai·

117 4092 181 4148 tion
205 4095 336 4152 aierem.
379 4090 494 4152 Deliae
519 4099 683 4170 panaretos
705 4087 744 4146 od
766 4087 918 4166 affectans:
958 4084 1030 4144 Cum
1048 4089 1179 4160 peroret
1201 4079 1326 4150 eoelrsm,

118 4174 228 4236 marem
251 4175 299 4235 illi
318 4174 410 4236 sinui
432 4172 583 4250 (Proverb.
607 4189 670 4250 rap.
694 4172 723 4234 8.
746 4188 773 4228 r.
790 4172 831 4232 22
854 4175 884 4228 et
906 4173 1012 4246 sequ).
1043 4165 1160 4226 uenio
1182 4181 1249 4224 eum
1266 4180 1330 4242 po-

119 4271 172 4318 resr
197 4259 256 4320 sibi
275 4259 401 4337 semma,
431 4260 465 4320 de
487 4275 545 4340 qao
566 4255 755 4337 prosedendo
779 4253 874 4314 Filios
894 4253 997 4330 sortes
1020 4261 1072 4320 ert,
1098 4250 1328 4328 primopeoitus,

118 4351 148 4400 at
170 4357 238 4406 aare
266 4347 367 4404 omniu
388 4347 515 4422 penitus,
544 4353 574 4403 ιι
594 4343 776 4418 unipenitus,
804 4349 840 4402 ut
861 4337 946 4398 soles
968 4351 1007 4396 ea·
1028 4334 1091 4396 Deo
1112 4337 1229 4410 penitus
1248 4348 1332 4411 pro-

119 4429 176 4498 prie
202 4429 237 4488 de
263 4427 357 4488 ouloo
386 4428 485 4487 sordis
506 4429 613 4506 ipsius,
646 4423 808 4487 seeundum
830 4421 909 4500 quod
930 4429 959 4481 ιι
982 4417 1072 4480 Potor
1094 4421 1158 4497 ipse
1181 4425 1330 4478 testetur:

121 4503 268 4572 imitavit
296 4528 350 4573 eor
376 4528 473 4572 meum
501 4527 668 4571 sermonem
697 4511 841 4586 optimum
863 4502 925 4576 (Ps.
948 4503 1046 4564 xliv.
1068 4519 1096 4562 u.
1122 4505 1173 4578 1.).

193 4593 306 4674 Duplex
328 4593 436 4656 uenia
456 4593 497 4654 ibi
520 4593 568 4654 ille
589 4589 724 4654 dannaia
744 4587 902 4651 mititatis
916 4583 980 4650 lilii
995 4587 1047 4648 liei
1062 4603 1166 4666 genus.
1197 4581 1332 4644 Primum

148 4693 301 4743 introituri
314 4709 366 4742 err.
376 4710 414 4742 xa.
426 4710 526 4744 οιιιιι.
552 4697 616 4743 Tom.
629 4696 667 4741 lll.
749 4747 752 4755 y
1093 4685 1125 4738 tl
