3020 5230
287 373 353 436 656
417 355 608 432 nassnnrarro
624 387 662 430 na
676 387 760 430 vanu
774 387 812 430 nr
828 387 888 430 inc.
905 385 1015 431 amona
1030 387 1147 432 manca.
1163 387 1355 432 ranrumunr

428 539 556 589 'Aaronem
573 537 726 588 Marcionem.
1090 537 1209 590 tunnas
1226 537 1338 588 letlccot.

288 621 436 701 competit,
451 639 539 700 quam
553 619 705 681 Salomoni
720 619 873 699 temporali
924 637 1013 699 quiam
1041 619 1194 682 Salomoni
1219 618 1372 702 temporali
1391 621 1456 680 salia

288 707 399 768 scilicet
413 705 491 783 regi;
521 703 573 765 se‘d
588 707 605 765 'a
621 703 738 765 Christo
754 703 873 764 miseri-
925 705 998 785 regi,

287 790 387 852 cordia
401 789 453 849 llei
469 807 529 850 non
544 788 697 849 abscessio
722 787 872 848 Salomoni

285 891 356 936 vero
386 873 473 934 etiam
500 872 543 932 ira
565 871 617 932 llei
639 871 774 940 accessit,
804 877 874 950 post

285 957 430 1019 luxuriam
451 964 482 1018 et
505 955 708 1016 idololatriam.
739 955 872 1016 Suscita-

285 1043 327 1102 vit
356 1041 434 1102 enim
464 1040 505 1102 illi
535 1042 625 1100 Satan
653 1039 771 1101 bostem
800 1037 872 1098 ldu-
965 1039 1057 1113 (liceo
1071 1041 1292 1112 causemur.)

284 1144 411 1186 maeum.
462 1123 533 1184 Cum
563 1141 634 1200 crgo
663 1122 736 1183 nibil
764 1122 873 1183 borum

285 1216 432 1288 competat
466 1208 496 1268 in
525 1207 731 1279 Salomonem,
760 1206 813 1267 sed
842 1205 873 1266 in

285 1294 444 1366 Christum,
466 1299 547 1352 certa
563 1290 620 1351 erit
633 1290 707 1350 ratio
722 1290 871 1368 inter-pre·
915 1311 918 1320 ¹

285 1377 426 1438 tationem
460 1383 643 1444 nostrarum,
687 1374 754 1450 ipso
785 1373 872 1434 etiam

287 1461 365 1522 exitu
381 1477 481 1520 rerum
496 1459 649 1537 probante,
666 1457 776 1535 quasin
784 1455 872 1516 cbri-

283 1551 361 1606 atum
377 1550 498 1621 apparet
512 1541 708 1623 praedicatas:
727 1539 801 1601 etin
816 1540 874 1600 boc

284 1635 370 1689 erunt
386 1635 486 1688 sancta
502 1635 531 1686 et
545 1624 641 1686 lidelia
656 1623 757 1685 [larid.
787 1622 872 1684 Hunc

282 1712 361 1773 Bous
386 1709 587 1772 testimonium
617 1707 785 1769 nationibus
813 1726 871 1786 po-

282 1796 352 1868 suit,
374 1813 435 1856 non
449 1794 554 1855 David:
584 1792 745 1870 principem
768 1799 797 1851 et
813 1793 871 1852 im·

282 1887 435 1958 perantem
464 1877 651 1948 nationibus,
678 1893 742 1935 non
771 1874 871 1950 Dauid,
1046 1953 1048 1956 Ι
1465 1891 1466 1962 p

282 1963 332 2043 qui
354 1962 411 2024 soli
433 1962 547 2024 larecla'
564 1959 736 2039 imperavit:
782 1959 870 2020 Chri·
921 1959 971 2037 qui
987 1957 1044 2018 soli
1060 1957 1160 2019 lorcel
1179 1962 1333 2037 rcpnccr't.
1360 1956 1466 2016 mnu

282 2055 361 2108 stum
376 2047 465 2108 botlie
479 2046 616 2106 invocant
629 2043 774 2115 nationes,
795 2061 870 2122 quae
921 2041 1001 2103 enim
1015 2042 1104 2104 bodio
1119 2041 1258 2102 invocant
1276 2041 1408 2110 nationes,
1418 2057 1466 2114 prr

282 2149 349 2192 eum
380 2148 440 2190 non
470 2128 616 2198 sciebant,
646 2135 676 2188 et
701 2126 803 2206 populi
832 2127 869 2188 acl
920 2144 987 2188 eum
1009 2145 1069 2187 uon
1090 2125 1230 2197 sciebant,
1253 2135 1288 2187 et
1308 2125 1398 2204 populi
1410 2125 1466 2182 tra*

283 2214 436 2276 Clra'ctuna
466 2214 551 2274 bodie
571 2210 751 2290 confugiunt,
781 2229 869 2290 quem
919 2211 959 2271 od
971 2211 1124 2274 Cbrr'stunt
1134 2209 1405 2288 confugiuntquem
1413 2217 1466 2296 nte}

280 2303 362 2356 retro
384 2296 567 2374 ignorabant.
612 2295 678 2355 Non
696 2304 799 2375 potest
818 2295 866 2356 lu·
918 2293 1109 2372 ignorabant:
1124 2307 1285 2372 nonpctcc
1297 2297 1466 2362 futurumne,

280 2389 382 2442 turum
396 2381 461 2451 dici,
476 2379 555 2458 quod
570 2377 650 2440 rides
666 2379 738 2439 lieri.
919 2380 1050 2448 tenum,
1064 2378 1142 2458 quod
1156 2377 1239 2438 vides
1256 2377 1335 2439 lieri.

434 2505 466 2554 Ea
485 2520 537 2568 cap.
556 2503 596 2554 ll.
618 2505 641 2554 in
660 2505 716 2555 llne.
1070 2504 1103 2553 En
1121 2519 1174 2567 cap.
1194 2503 1233 2553 ll·
1258 2505 1284 2554 iu
1304 2505 1357 2553 ilua.

322 2586 402 2648 llaec
422 2595 471 2648 aut
491 2585 665 2666 prophetata
685 2605 769 2664 nega,
799 2605 866 2648 cum
959 2585 1039 2664 Hpcc
1052 2594 1103 2648 aut
1115 2587 1295 2666 prophetata
1312 2605 1387 2664 nega,
1406 2597 1451 2662 pu

280 2689 377 2732 coram
393 2671 538 2742 ridentur,
554 2679 603 2732 aut
618 2671 784 2758 adimpleta,
799 2689 867 2732 cum
917 2689 1017 2731 coram
1056 2671 1206 2731 videntur:
1250 2679 1305 2732 aut
1343 2667 1451 2746 adimple

278 2754 425 2834 leguntur.
455 2755 513 2816 Aut
527 2753 554 2816 si
569 2773 630 2815 nun
644 2773 734 2832 negas
749 2761 880 2816 utrum-·
916 2773 1007 2834 quum
1029 2755 1180 2832 leguntur:
1206 2762 1259 2814 aut
1285 2755 1312 2816 si
1339 2762 1392 2814 uon
1407 2765 1452 2824 aaa

278 2857 345 2918 que,
361 2839 443 2902 ineo
458 2845 545 2901 erunt
558 2838 724 2918 adimpleta,
740 2838 867 2918 inquem
917 2847 1090 2917 utrumque,
1118 2838 1148 2898 in
1172 2857 1208 2899 eo
1229 2849 1321 2900 erunt
1343 2835 1451 2913 adimplet

278 2941 344 2984 sum
358 2922 542 3004 prophetata.
918 2921 949 2982 in
964 2941 1051 3000 quem
1066 2930 1135 2983 sunt
1147 2917 1336 3001 prophetata
1464 2985 1465 2988 ,

517 3047 575 3112 Cap.
594 3047 635 3098 23.
1042 3048 1075 3098 Ex
1093 3063 1144 3110 cap.
1165 3047 1205 3097 tt.
1223 3048 1290 3098 circa
1309 3051 1383 3098 finan.

318 3129 403 3191 Nunc
418 3130 486 3210 quia
501 3129 691 3192 cumluclaeis
706 3147 796 3208 negas
812 3148 864 3191 re·
959 3129 1059 3209 lpt'tatr
1069 3126 1452 3212 paternioneaclltotccontcnlu¹

276 3214 359 3274 nisse
381 3213 529 3276 Christum
550 3231 664 3280 eorum.
685 3223 876 3292 recognosce¹
916 3214 1029 3285 ludaei,
1051 3214 1197 3276 necdum
1221 3215 1344 3275 venisse
1358 3211 1451 3274 mrtem

278 3304 309 3358 ct
323 3297 589 3376 exituma‘pcorunt,
605 3297 865 3376 quempostcbrr'-
916 3314 1031 3370 eorum,
1050 3317 1136 3381 pom
1150 3309 1196 3360 tot
1209 3301 1309 3360 modio
1324 3293 1452 3376 cdprclcn

212 3387 215 3393 '
276 3390 359 3442 otum
386 3380 506 3441 relaturi
532 3381 790 3462 praedicebantur
825 3381 864 3441 ob
914 3399 981 3443 naus
1007 3387 1139 3454 ueniam,
1166 3391 1379 3460 recognoscant
1399 3375 1449 3436 tuda

276 3462 466 3541 impietatem,
495 3481 551 3542 qua
575 3483 641 3525 eum
666 3464 866 3542 despexeramt
915 3465 1026 3526 exitum
1041 3485 1139 3538 suune,
1155 3483 1243 3544 quem
1258 3473 1333 3544 post
1345 3465 1452 3524 electu

276 3555 306 3608 st
319 3551 547 3628 interemerunt,
572 3548 703 3608 Primum
718 3548 809 3621 enim,
825 3566 863 3610 ec
913 3549 1029 3612 Glra'oti
1047 3549 1168 3610 relaturi
1183 3539 1451 3627 procca'nebontarrl

276 3632 332 3704 dr‘c,
348 3649 407 3713 quo
421 3632 582 3692 secundum
598 3631 718 3692 Bacinora
737 3631 862 3711 proiecit
911 3631 1100 3711 impietatem,
1118 3651 1174 3712 qua
1185 3651 1252 3694 eum
1265 3641 1299 3694 et
1310 3633 1451 3709 desperent

272 3715 364 3776 bomo
393 3726 626 3796 aspernamento
645 3733 698 3776 sua
718 3733 807 3776 aurea
833 3723 864 3776 et
912 3723 942 3776 et
966 3719 1197 3795 interfecerunt.
1232 3716 1337 3777 Primo
1361 3713 1451 3776 enices

274 3807 420 3878 argentea,
450 3817 526 3877 quae
551 3800 685 3859 lecerunt
703 3799 861 3860 adorandis
912 3819 972 3881 pue
1007 3802 1053 3863 alie
1087 3801 1250 3862 secundum
1286 3801 1364 3862 iliad
1389 3797 1451 3856 lino

273 3883 356 3944 vanis
372 3891 402 3944 ct
415 3882 543 3956 noctuis,
570 3881 597 3942 ial
614 3889 669 3954 est,
686 3901 721 3942 ex
736 3901 796 3962 quo
810 3902 861 3963 pc·
911 3883 1020 3945 Esaiae
1057 3884 1183 3963 proiecit
1218 3883 1312 3944 borno
1347 3881 1450 3944 omnint

272 3985 331 4028 noa
348 3969 508 4036 bominum,
531 3965 684 4026 dilucidata
704 3984 757 4044 per
772 3965 858 4026 Chri·
910 3977 1012 4029 mcnte
1033 3965 1090 4028 sua
1102 3987 1190 4028 aurea
1205 3975 1236 4028 et
1256 3975 1398 4048 argentea,
1413 3973 1450 4036 tu

272 4058 351 4112 stum
373 4051 505 4123 veritate,
533 4048 616 4112 idolo
632 4053 770 4129 proiecit.
792 4051 859 4112 uide
909 4052 1043 4112 lecerunt
1056 4051 1212 4120 adorandis
1226 4052 1313 4112 vanis
1329 4059 1358 4111 et
1372 4039 1450 4110 noctu

159 4113 183 4141 λ’
273 4151 313 4194 on
342 4133 420 4212 quod
445 4134 580 4212 sequitur
601 4140 778 4211 expunctum
800 4137 857 4196 ait:
908 4133 1010 4195 idest
1042 4153 1078 4196 ex
1098 4153 1158 4213 quo
1179 4147 1292 4213 petates,
1319 4151 1385 4202 noc,
1410 4127 1450 4186 dli

271 4217 406 4277 Abstulit
423 4217 503 4278 eninr
517 4215 661 4278 Dominus
683 4215 814 4277 Sabaotb
840 4235 858 4278 a
909 4216 1002 4278 cidata
1030 4236 1084 4296 per
1105 4217 1253 4279 Christum
1277 4218 1394 4278 veritate
1409 4223 1451 4290 pt*

271 4297 378 4360 ludaea
393 4307 423 4359 ct
437 4301 665 4362 abllierusalem
684 4299 763 4361 inter
777 4307 859 4362 cete·
909 4304 1031 4363 lecimus
1059 4301 1156 4372 idolo,
1186 4302 1310 4363 nocent
1338 4297 1451 4362 latmi

262 4377 305 4442 'ra
320 4391 348 4441 et
369 4384 556 4464 prophetent,
578 4390 608 4444 et
629 4383 792 4463 sapientem
808 4403 857 4444 ar·
909 4384 988 4462 quod
1009 4383 1143 4464 sequitur
1159 4393 1337 4464 expunctum
1352 4393 1399 4444 cot.
1421 4373 1451 4462 lt

270 4463 437 4539 obitectum,
467 4472 609 4546 spiritum
637 4467 749 4530 scilicet
785 4485 859 4529 aen·
911 4467 947 4528 lit
967 4468 1046 4528 anim
1058 4461 1449 4534 uominussmaouancu

270 4563 359 4619 ctum,
384 4549 438 4628 qui
452 4550 585 4612 aedificat
599 4550 763 4624 ecclesiam,
785 4563 859 4613 mon·
909 4557 939 4611 et
959 4551 997 4612 ab
1015 4551 1199 4614 Hierusalem
1226 4551 1306 4613 inter
1324 4543 1452 4613 esteml
