3144 5236
262 227 332 302 241
364 251 555 298 nrsssnrnrro
569 251 601 296 nv
616 251 665 302 on.
679 249 765 295 sarr.
779 247 867 294 raon.
882 247 1076 293 rsnruntnm
1090 245 1318 292 snonocerrcun
1330 247 1417 292 cerr.

262 407 405 468 veritatis
425 409 459 466 in
477 403 573 466 medio
596 411 651 464 est.
693 399 753 462 hut
779 399 828 462 illa
855 399 965 461 etenim
991 399 1107 479 publica
1133 399 1309 461 daemonum
1330 399 1485 460 confessio

263 507 335 552 vera
349 496 436 561 erat,
457 494 508 550 aut
529 485 601 549 laisa
622 495 652 548 et
670 484 807 546 mendax.
850 483 882 545 Si
902 503 987 557 reru,
1015 484 1053 546 iis
1080 483 1274 564 proculdubio
1302 483 1483 546 medendum

264 581 352 654 atque
373 573 482 635 ethnici
502 571 637 634 confiteri
658 570 804 636 debebam
816 567 907 632 labsus
931 589 997 632 esse
1013 569 1085 630 deos
1100 587 1171 630 suos
1194 587 1228 630 ac
1242 585 1331 630 unum
1348 577 1481 630 tantum-

264 659 366 732 modo,
388 677 474 736 quem
497 655 654 719 Christiani
675 661 863 728 venerantur,
886 673 954 716 esse
974 671 1075 716 summ
1089 652 1193 714 Deum.
1236 653 1268 714 Si
1289 661 1388 716 autem
1409 654 1482 714 dae-

264 761 371 806 mones
393 751 454 804 tum
475 741 701 814 mentiebantur,
724 740 820 819 primo
842 739 872 800 id
893 737 976 801 facile
991 739 1102 800 nemini
1116 738 1320 817 persuadebis.
1352 738 1479 811 Quilibet

266 827 417 889 enimvero
445 826 481 888 ad
509 826 654 887 bonorem
681 824 854 904 quandoque
876 843 972 896 suurn,
993 842 1054 885 non
1075 831 1172 884 autem
1194 824 1231 884 ad
1253 823 1380 884 dedecus
1400 823 1476 884 inla-

263 912 412 990 miamque
440 929 525 972 suam
552 927 680 988 unquam
707 908 857 970 mentitur.
892 908 1057 970 ¹Praeterea
1084 909 1110 970 si
1137 907 1353 969 mentiebantur
1371 915 1399 968 et
1418 907 1477 968 hoc

263 996 418 1058 mendacio
439 1015 554 1056 morem
575 995 716 1074 gerebant
736 993 927 1067 Christiams,
960 993 1029 1054 inde
1051 992 1218 1054 certissime
1238 992 1387 1054 conficitur
1406 992 1477 1053 nul-

262 1081 323 1142 lam
344 1099 412 1142 esse
433 1098 518 1159 quam
541 1079 648 1141 ethnici
668 1077 857 1140 venditabant
880 1095 983 1139 eornm
1014 1077 1204 1139 divinitatem.
1248 1078 1341 1138 Verus
1372 1076 1478 1156 quippe

263 1165 343 1227 Deus
376 1183 432 1226 neo
463 1164 580 1228 mentiri
617 1182 675 1225 nee
710 1162 849 1225 creaturis
887 1163 924 1224 ad
950 1181 1037 1224 suum
1066 1162 1193 1223 dedecus
1221 1161 1345 1241 obsequi
1371 1169 1481 1240 potest.

266 1249 353 1312 Falsa
373 1249 462 1330 igitur
483 1268 517 1311 ea
539 1257 585 1310 est
608 1248 757 1321 divinitae,
791 1266 865 1326 quae
886 1247 993 1326 aliquid
1020 1247 1060 1309 ad
1081 1248 1220 1318 dedecoro,
1253 1255 1286 1308 ut
1313 1247 1355 1308 ait
1374 1247 1485 1308 Auctor

263 1343 382 1407 noster,
415 1335 492 1414 {acii
517 1334 642 1396 aemulis
669 1337 748 1403 snis,
781 1333 811 1394 id
839 1339 885 1393 est
922 1351 996 1411 quae
1009 1331 1055 1392 *ad
1087 1331 1214 1393 dedecus
1236 1349 1323 1394 suum
1344 1330 1483 1393 hostibus

264 1419 329 1481 suis
350 1418 523 1480 Christianis
550 1417 691 1480 mentitur
725 1417 821 1496 iisque
854 1417 1023 1478 mentiendo
1056 1434 1089 1477 se
1118 1416 1236 1478 subiicit
1262 1416 1482 1492 (Dissertatio

263 1503 367 1566 bliaut.
392 1502 492 1564 Octav.
514 1521 577 1583 cap.
600 1505 651 1567 20.
673 1503 734 1563 hrt
758 1505 787 1566 3.
811 1509 840 1562 et
862 1501 892 1564 in
914 1501 1044 1564 Lactant.
1067 1519 1129 1580 cap.
1152 1503 1183 1564 9.
1204 1501 1266 1561 hrt.
1289 1504 1342 1577 2.).
1374 1501 1485 1573 Quanti

263 1605 356 1667 porro
379 1587 418 1648 sit
438 1587 557 1648 roboris
580 1588 653 1648 haec
673 1586 897 1666 argumentatio,
925 1587 957 1648 in
979 1585 1184 1665 superioribus
1206 1586 1317 1647 nostris
1340 1585 1486 1647 disserta-

264 1671 397 1733 tionibus
418 1671 533 1732 abundo
554 1671 786 1732 demonstratum
812 1679 866 1732 est

351 1755 551 1828 Quamobrem
576 1756 649 1816 nihil
675 1755 755 1818 aliud
784 1763 876 1817 restat
902 1754 1115 1834 explanandum
1137 1755 1194 1816 nisi
1215 1755 1294 1834 qnod
1315 1755 1404 1834 paulo
1430 1755 1484 1816 ob·

263 1840 381 1903 scurias
402 1840 433 1901 in
454 1839 590 1901 Auctoris
613 1840 708 1903 nostm
729 1847 809 1902 textu
831 1839 972 1919 seriphum
994 1840 1130 1903 occurrrit
1159 1838 1300 1901 Ethnicos
1322 1847 1425 1900 autem
1449 1840 1485 1901 ibi

266 1925 406 1988 audacter
431 1933 573 2004 provocat
599 1926 636 1986 ad
662 1924 750 1986 buius
773 1923 1005 1986 Christianomm
1033 1925 1063 1986 in
1091 1925 1248 1986 daemones
1275 1925 1438 2004 potestatis
1460 1933 1488 1986 et

262 2009 494 2088 publiooe'illius
516 2008 692 2071 daemonum
729 2028 763 2072 se
784 2010 857 2070 deos
881 2027 948 2070 esse
975 2009 1144 2089 negantium
1172 2009 1369 2071 consessionis
1398 2011 1485 2089 peri-

264 2093 363 2156 culum
384 2094 557 2155 laciendum.
602 2095 717 2166 Quanta
737 2113 807 2155 vero
829 2094 1004 2155 confidentia
1025 2094 1054 2155 id
1076 2094 1256 2173 pronuntiet,
1284 2113 1320 2154 ex
1341 2095 1399 2155 hac
1424 2095 1486 2156 eius

264 2175 331 2257 ipsa
352 2178 561 2256 provocatione
585 2195 747 2258 cognusces
770 2178 955 2251 (Tertullian.
977 2177 1129 2258 Apologet.
1152 2197 1214 2257 cap.
1238 2180 1317 2256 23.):
1339 2179 1482 2251 Adiurati,

263 2262 374 2342 inquit,
397 2281 416 2323 a
438 2263 632 2334 Christianis,
655 2267 718 2325 nisi
736 2282 768 2325 se
789 2264 945 2325 demones
968 2265 1102 2342 confessi
1121 2265 1253 2342 suerint,
1286 2264 1393 2326 ibidem
1427 2265 1483 2326 sire

265 2365 301 2408 eo
321 2347 391 2425 ipso
414 2347 444 2407 in
466 2347 531 2409 loco
554 2356 583 2408 et
605 2355 765 2420 momento,
788 2347 872 2409 illius
897 2347 1063 2409 Christiani
1078 2352 1290 2429 procacissimi
1309 2353 1487 2428 sanquinem

262 2433 393 2511 snndite.
437 2432 480 2492 Ne
512 2431 579 2511 quis
609 2441 706 2493 autem
734 2432 866 2494 irandcm
899 2431 1025 2510 aliquam
1060 2440 1110 2494 aut
1142 2433 1241 2493 dolum
1270 2433 1489 2512 suspicaretur,

264 2515 302 2578 ad
335 2515 407 2576 illud
440 2516 669 2596 experimentum
702 2507 779 2577 non'
798 2517 897 2578 locum
933 2516 1059 2597 aliquem
1094 2517 1237 2596 privatum
1271 2526 1322 2578 aut
1358 2518 1490 2580 ethnicis

265 2607 445 2680 suspectum,
468 2600 521 2662 sed
542 2600 691 2679 publicum
713 2608 743 2661 et
763 2601 820 2662 illis
843 2600 980 2662 omnibus
996 2619 1132 2662 secumm
1147 2601 1277 2681 postulat
1290 2602 1400 2679 (ibid).
1425 2602 1489 2665 Eos

263 2684 373 2765 quippe
394 2685 434 2746 ita
461 2685 631 2764 alloquitur:
668 2685 788 2747 Edatur
821 2686 867 2747 bic
898 2685 1007 2768 aliquis
1040 2686 1095 2748 snb
1127 2687 1329 2750 tribunalibus
1361 2694 1487 2759 uestris,

262 2771 863 2935 ttifiitttlt‘titiant
876 2769 1488 2936 titilltilitttiitttitt

263 2937 299 2998 ln
320 2939 434 3000 nostris
456 2939 605 3001 codicibus
627 2939 735 3019 legitur
756 2958 816 3000 non
840 2941 926 3002 deum
947 2941 1076 3018 quidem,
1100 2939 1152 3002 sed
1168 2942 1327 3012 dominum,
1346 2957 1405 3001 non
1430 2939 1484 3002 di-

260 3039 351 3082 rerso
373 3033 470 3083 tamen
492 3040 595 3086 sensu.

348 3105 449 3184 Neque
470 3108 529 3168 boc
548 3125 608 3167 uno
630 3115 759 3180 mntem,
795 3108 847 3168 sed
869 3107 1000 3186 quolibet
1021 3107 1078 3169 alio
1101 3109 1230 3171 cuiusvis
1253 3109 1383 3171 hominis
1405 3127 1489 3190 quo-

264 3205 324 3266 quo
346 3190 435 3250 modo
465 3209 480 3250 a
509 3191 651 3252 daemone
684 3192 782 3270 agitati
810 3192 1008 3271 experimento
1037 3193 1066 3253 ld
1094 3193 1228 3255 similiter
1249 3193 1370 3274 probari
1392 3215 1489 3274 posse

264 3279 436 3334 constanter
458 3285 615 3337 asseverat
659 3275 709 3337 Sic
728 3295 854 3355 namque
875 3277 1064 3356 prosequitur
1084 3277 1197 3354 (lbid.):
1220 3280 1317 3360 Aeque
1328 3281 1486 3360 produca-

265 3365 321 3418 turw
340 3365 407 3418 ante
428 3357 613 3421 ethnicomm
636 3359 791 3422 tribunalia
820 3360 929 3442 aliquis
953 3381 990 3424 cac
1011 3367 1061 3432 iis,
1084 3367 1136 3443 qui
1157 3364 1191 3425 de
1214 3365 1266 3426 deo
1285 3370 1355 3444 poti
1376 3369 1490 3428 msti-

264 3451 398 3516 mantnr,
421 3447 473 3523 qui
492 3449 557 3506 aris
576 3443 747 3506 inhalantes
769 3463 879 3508 numen
900 3448 934 3507 de
946 3448 1054 3510 nidore
1074 3452 1252 3528 concipiunt,
1269 3453 1322 3530 qui
1334 3452 1491 3513 ructando

264 3537 424 3599 aarmntur,
453 3532 505 3607 qui
524 3527 691 3592 anhelando
709 3532 892 3610 profantur.
922 3531 996 3612 Ipsa
1020 3531 1107 3610 Virpo
1130 3533 1282 3605 Caelestis,
1302 3533 1487 3614 pluviarum

259 3611 474 3692 pollin'tatrim
498 3617 555 3675 iste
575 3616 639 3694 ipse
653 3615 850 3695 Aesculapius
871 3617 1087 3679 medicinarum
1108 3618 1331 3681 demonstrator
1352 3619 1419 3680 ulio
1442 3621 1492 3683 dic

262 3701 424 3760 morituris
446 3697 592 3760 Socordio
614 3709 642 3760 et
666 3697 806 3762 Tbenutio
829 3711 856 3763 st
879 3701 1101 3782 Aesclcpiodoto
1122 3707 1201 3764 uitae
1221 3704 1488 3778 subministrator,

262 3778 430 3926 fflnomnes
462 3801 478 3844 a
511 3781 687 3844 Christianis
718 3782 842 3846 adiurati
881 3785 1040 3847 daemones
1074 3805 1109 3846 se
1145 3805 1212 3848 esse
1242 3786 1323 3848 illico
1355 3789 1489 3850 conlite-

325 3872 382 3926 tur.
1173 3883 1176 3892 ·

347 3949 477 4012 ludisne
497 3960 569 4031 quot
594 3950 643 4013 ille
668 3953 800 4032 proterat
819 3955 966 4034 exempla,
995 3973 1070 4033 quae
1091 3955 1130 4015 ab
1149 3956 1274 4018 ethnicis
1292 3973 1352 4018 nec
1378 3959 1486 4038 negari

262 4049 393 4111 unquam
413 4054 469 4098 nec
488 4037 547 4098 ullo
569 4055 693 4116 prorsus
714 4038 803 4099 modo
825 4039 1004 4100 dissimulari
1024 4039 1184 4119 poterant?
1227 4041 1286 4102 Sed
1312 4040 1381 4120 quia
1409 4043 1487 4106 haec

260 4134 300 4177 ac
329 4119 516 4196 potissimum
552 4121 720 4201 posteriora
752 4141 812 4184 non
844 4123 964 4185 minima
997 4124 1114 4202 quidem
1146 4125 1268 4206 caligine
1295 4143 1488 4208 respergun-

261 4209 327 4273 tor,
364 4221 428 4264 eam
459 4221 513 4282 pro
545 4206 623 4268 virili
653 4215 738 4286 parte
770 4216 874 4270 nosne
900 4209 1048 4270 discutere
1070 4210 1223 4272 enitamur.
1266 4211 1401 4273 Primum
1424 4213 1489 4275 ita-

263 4303 323 4366 que
346 4285 567 4351 observabimus
598 4292 652 4366 iis,
685 4311 759 4372 quae
787 4292 823 4354 ab
851 4291 900 4354 illo
926 4293 1088 4373 praemissa
1118 4302 1200 4370 sunt,
1234 4296 1330 4358 lucem
1351 4293 1485 4378 Μὶᾳυεω

259 4369 484 4539 ἑῆοβιζῖᾦῗιζεεο
515 4373 562 4436 his
591 4376 703 4455 Virgilii
729 4370 906 4442 oamtinibus
939 4377 1051 4458 (virgil.
1078 4375 1129 4442 lib.
1158 4380 1205 4442 lll.
1232 4381 1354 4443 heneid.
1380 4401 1410 4444 v.
1442 4387 1485 4448 77
