<?xml version="1.0" encoding="UTF-8"?>
<!DOCTYPE html PUBLIC "-//W3C//DTD XHTML 1.0 Transitional//EN"
    "http://www.w3.org/TR/xhtml1/DTD/xhtml1-transitional.dtd">
<html xmlns="http://www.w3.org/1999/xhtml" xml:lang="en" lang="en">
 <head>
  <title>
</title>
<meta http-equiv="Content-Type" content="text/html;charset=utf-8" />
  <meta name='ocr-system' content='tesseract 3.04.00' />
  <meta name='ocr-capabilities' content='ocr_page ocr_carea ocr_par ocr_line ocrx_word'/>
</head>
<body>
  <div class='ocr_page' id='page_1' title='image "./quaesupersuntom01oehlgoog_0506.png"; bbox 0 0 3166 5250; ppageno 0'>
   <div class='ocr_carea' id='block_1_1' title="bbox 497 350 1343 416">
    <p class='ocr_par' dir='ltr' id='par_1_1' title="bbox 497 350 1343 416">
     <span class='ocr_line' id='line_1_1' title="bbox 497 350 1343 416; baseline 0.004 -10"><span class='ocrx_word' id='word_1_1' title='bbox 497 363 634 408; x_wconf 84' lang='lat' dir='ltr'>nucronr</span> <span class='ocrx_word' id='word_1_2' title='bbox 656 365 696 408; x_wconf 88' lang='lat' dir='ltr'>ro.</span> <span class='ocrx_word' id='word_1_3' title='bbox 720 365 804 410; x_wconf 82' lang='lat' dir='ltr'>neon.</span> <span class='ocrx_word' id='word_1_4' title='bbox 828 365 968 410; x_wconf 72' lang='lat' dir='ltr'>noemin.</span> <span class='ocrx_word' id='word_1_5' title='bbox 1279 350 1343 416; x_wconf 79' lang='grc'>499</span> 
     </span>
    </p>
   </div>
   <div class='ocr_carea' id='block_1_2' title="bbox 132 512 1399 2034">
    <p class='ocr_par' dir='ltr' id='par_1_2' title="bbox 132 512 1399 2034">
     <span class='ocr_line' id='line_1_2' title="bbox 132 512 1343 596; baseline 0.005 -22"><span class='ocrx_word' id='word_1_6' title='bbox 132 512 286 594; x_wconf 87' lang='lat' dir='ltr'>spiouitate</span> <span class='ocrx_word' id='word_1_7' title='bbox 309 531 343 575; x_wconf 89' lang='lat' dir='ltr'>ac</span> <span class='ocrx_word' id='word_1_8' title='bbox 365 513 524 582; x_wconf 84' lang='lat' dir='ltr'>evidentia.</span> <span class='ocrx_word' id='word_1_9' title='bbox 553 514 638 576; x_wconf 90' lang='lat' dir='ltr'>utin</span> <span class='ocrx_word' id='word_1_10' title='bbox 660 534 695 577; x_wconf 90' lang='lat' dir='ltr'>se</span> <span class='ocrx_word' id='word_1_11' title='bbox 716 515 813 594; x_wconf 79' lang='lat' dir='ltr'>iprum</span> <span class='ocrx_word' id='word_1_12' title='bbox 835 515 953 594; x_wconf 83' lang='lat' dir='ltr'>iniquus</span> <span class='ocrx_word' id='word_1_13' title='bbox 975 517 1091 578; x_wconf 83' lang='lat' dir='ltr'>iuturus</span> <span class='ocrx_word' id='word_1_14' title='bbox 1113 516 1167 590; x_wconf 85' lang='lat' dir='ltr'>sit,</span> <span class='ocrx_word' id='word_1_15' title='bbox 1197 517 1248 596; x_wconf 88' lang='lat' dir='ltr'>qui</span> <span class='ocrx_word' id='word_1_16' title='bbox 1269 535 1343 580; x_wconf 78' lang='lat' dir='ltr'>con-</span> 
     </span>
     <span class='ocr_line' id='line_1_3' title="bbox 135 597 1344 680; baseline 0.005 -22"><span class='ocrx_word' id='word_1_17' title='bbox 135 597 231 658; x_wconf 88' lang='lat' dir='ltr'>trariis</span> <span class='ocrx_word' id='word_1_18' title='bbox 253 597 284 658; x_wconf 92' lang='lat' dir='ltr'>in</span> <span class='ocrx_word' id='word_1_19' title='bbox 304 607 457 676; x_wconf 90' lang='lat' dir='ltr'>postemm</span> <span class='ocrx_word' id='word_1_20' title='bbox 480 599 613 678; x_wconf 89' lang='lat' dir='ltr'>partibus</span> <span class='ocrx_word' id='word_1_21' title='bbox 636 617 669 660; x_wconf 90' lang='lat' dir='ltr'>se</span> <span class='ocrx_word' id='word_1_22' title='bbox 684 599 864 678; x_wconf 82' lang='lat' dir='ltr'>adiungeret.</span> <span class='ocrx_word' id='word_1_23' title='bbox 895 601 927 662; x_wconf 88' lang='lat' dir='ltr'>Si</span> <span class='ocrx_word' id='word_1_24' title='bbox 942 620 992 663; x_wconf 88' lang='lat' dir='ltr'>res</span> <span class='ocrx_word' id='word_1_25' title='bbox 1007 600 1046 662; x_wconf 88' lang='lat' dir='ltr'>ita</span> <span class='ocrx_word' id='word_1_26' title='bbox 1061 601 1235 680; x_wconf 81' lang='lat' dir='ltr'><strong>postularet,</strong></span> <span class='ocrx_word' id='word_1_27' title='bbox 1257 601 1344 680; x_wconf 72' lang='lat' dir='ltr'>longe</span> 
     </span>
     <span class='ocr_line' id='line_1_4' title="bbox 134 683 1345 764; baseline 0.005 -22"><span class='ocrx_word' id='word_1_28' title='bbox 134 683 217 763; x_wconf 91' lang='lat' dir='ltr'>plura</span> <span class='ocrx_word' id='word_1_29' title='bbox 239 683 404 762; x_wconf 88' lang='lat' dir='ltr'>potuissem</span> <span class='ocrx_word' id='word_1_30' title='bbox 431 686 581 764; x_wconf 81' lang='lat' dir='ltr'>prolerre;</span> <span class='ocrx_word' id='word_1_31' title='bbox 618 703 692 763; x_wconf 91' lang='lat' dir='ltr'>quae</span> <span class='ocrx_word' id='word_1_32' title='bbox 731 704 798 746; x_wconf 85' lang='lat' dir='ltr'>cunr</span> <span class='ocrx_word' id='word_1_33' title='bbox 831 685 910 746; x_wconf 90' lang='lat' dir='ltr'>nullo</span> <span class='ocrx_word' id='word_1_34' title='bbox 945 686 1034 746; x_wconf 87' lang='lat' dir='ltr'>modo</span> <span class='ocrx_word' id='word_1_35' title='bbox 1064 685 1187 764; x_wconf 80' lang='lat' dir='ltr'>flagitet,</span> <span class='ocrx_word' id='word_1_36' title='bbox 1221 686 1293 747; x_wconf 91' lang='lat' dir='ltr'>mibi</span> <span class='ocrx_word' id='word_1_37' title='bbox 1314 685 1345 748; x_wconf 89' lang='lat' dir='ltr'>in</span> 
     </span>
     <span class='ocr_line' id='line_1_5' title="bbox 133 767 1345 850; baseline 0.004 -23"><span class='ocrx_word' id='word_1_38' title='bbox 133 767 212 828; x_wconf 92' lang='lat' dir='ltr'>aliud</span> <span class='ocrx_word' id='word_1_39' title='bbox 233 775 348 846; x_wconf 86' lang='lat' dir='ltr'>tempus</span> <span class='ocrx_word' id='word_1_40' title='bbox 371 787 501 829; x_wconf 83' lang='lat' dir='ltr'>reservo.</span> <span class='ocrx_word' id='word_1_41' title='bbox 548 769 653 831; x_wconf 85' lang='lat' dir='ltr'>Omnia</span> <span class='ocrx_word' id='word_1_42' title='bbox 674 769 717 830; x_wconf 89' lang='lat' dir='ltr'>sic</span> <span class='ocrx_word' id='word_1_43' title='bbox 739 770 854 839; x_wconf 78' lang='lat' dir='ltr'>cadunt,</span> <span class='ocrx_word' id='word_1_44' title='bbox 884 789 957 850; x_wconf 87' lang='lat' dir='ltr'>quae</span> <span class='ocrx_word' id='word_1_45' title='bbox 979 789 1040 832; x_wconf 91' lang='lat' dir='ltr'>non</span> <span class='ocrx_word' id='word_1_46' title='bbox 1063 770 1127 832; x_wconf 89' lang='lat' dir='ltr'>sine</span> <span class='ocrx_word' id='word_1_47' title='bbox 1151 771 1261 832; x_wconf 91' lang='lat' dir='ltr'>sudore</span> <span class='ocrx_word' id='word_1_48' title='bbox 1281 773 1345 832; x_wconf 88' lang='lat' dir='ltr'>lor-</span> 
     </span>
     <span class='ocr_line' id='line_1_6' title="bbox 133 851 1347 933; baseline 0.006 -22"><span class='ocrx_word' id='word_1_49' title='bbox 133 851 209 912; x_wconf 81' lang='lat' dir='ltr'>sitan</span> <span class='ocrx_word' id='word_1_50' title='bbox 231 870 285 932; x_wconf 91' lang='lat' dir='ltr'>pro</span> <span class='ocrx_word' id='word_1_51' title='bbox 309 852 471 914; x_wconf 90' lang='lat' dir='ltr'>rationibus</span> <span class='ocrx_word' id='word_1_52' title='bbox 494 853 556 915; x_wconf 87' lang='lat' dir='ltr'>suis</span> <span class='ocrx_word' id='word_1_53' title='bbox 578 853 702 916; x_wconf 89' lang='lat' dir='ltr'>celebris</span> <span class='ocrx_word' id='word_1_54' title='bbox 723 853 889 916; x_wconf 89' lang='lat' dir='ltr'>Dodwellus</span> <span class='ocrx_word' id='word_1_55' title='bbox 912 853 1092 933; x_wconf 83' lang='lat' dir='ltr'>excogitavit.</span> <span class='ocrx_word' id='word_1_56' title='bbox 1136 854 1347 920; x_wconf 82' lang='lat' dir='ltr'><strong>Tertullianum</strong></span> 
     </span>
     <span class='ocr_line' id='line_1_7' title="bbox 133 936 1345 1019; baseline 0.003 -23"><span class='ocrx_word' id='word_1_57' title='bbox 133 936 229 1016; x_wconf 90' lang='lat' dir='ltr'>primo</span> <span class='ocrx_word' id='word_1_58' title='bbox 252 937 338 998; x_wconf 88' lang='lat' dir='ltr'>nobis</span> <span class='ocrx_word' id='word_1_59' title='bbox 361 937 409 999; x_wconf 93' lang='lat' dir='ltr'>illo</span> <span class='ocrx_word' id='word_1_60' title='bbox 431 937 547 1018; x_wconf 88' lang='lat' dir='ltr'>eripere</span> <span class='ocrx_word' id='word_1_61' title='bbox 569 947 700 1000; x_wconf 91' lang='lat' dir='ltr'>conatur.</span> <span class='ocrx_word' id='word_1_62' title='bbox 744 938 888 1000; x_wconf 85' lang='lat' dir='ltr'>lnlellexit</span> <span class='ocrx_word' id='word_1_63' title='bbox 916 939 995 1001; x_wconf 89' lang='lat' dir='ltr'>enim</span> <span class='ocrx_word' id='word_1_64' title='bbox 1024 940 1054 1000; x_wconf 94' lang='lat' dir='ltr'>in</span> <span class='ocrx_word' id='word_1_65' title='bbox 1075 939 1265 1019; x_wconf 73' lang='lat' dir='ltr'>Apologetico</span> <span class='ocrx_word' id='word_1_66' title='bbox 1289 940 1345 1000; x_wconf 87' lang='lat' dir='ltr'>Se-</span> 
     </span>
     <span class='ocr_line' id='line_1_8' title="bbox 134 1023 1345 1102; baseline 0.003 -22"><span class='ocrx_word' id='word_1_67' title='bbox 134 1039 234 1082; x_wconf 85' lang='lat' dir='ltr'>verum</span> <span class='ocrx_word' id='word_1_68' title='bbox 258 1041 360 1083; x_wconf 89' lang='lat' dir='ltr'>eorum</span> <span class='ocrx_word' id='word_1_69' title='bbox 383 1023 536 1084; x_wconf 78' lang='lat' dir='ltr'>excludere</span> <span class='ocrx_word' id='word_1_70' title='bbox 559 1040 698 1095; x_wconf 81' lang='lat' dir='ltr'>numero,</span> <span class='ocrx_word' id='word_1_71' title='bbox 732 1024 781 1102; x_wconf 83' lang='lat' dir='ltr'>qui</span> <span class='ocrx_word' id='word_1_72' title='bbox 810 1023 952 1086; x_wconf 83' lang='lat' dir='ltr'>violentas</span> <span class='ocrx_word' id='word_1_73' title='bbox 976 1023 1149 1086; x_wconf 82' lang='lat' dir='ltr'>Christianis</span> <span class='ocrx_word' id='word_1_74' title='bbox 1170 1043 1274 1088; x_wconf 87' lang='lat' dir='ltr'>manus</span> <span class='ocrx_word' id='word_1_75' title='bbox 1297 1025 1345 1084; x_wconf 94' lang='lat' dir='ltr'>in-</span> 
     </span>
     <span class='ocr_line' id='line_1_9' title="bbox 134 1106 1349 1188; baseline 0.002 -22"><span class='ocrx_word' id='word_1_76' title='bbox 134 1106 287 1181; x_wconf 88' lang='lat' dir='ltr'>tulissent;</span> <span class='ocrx_word' id='word_1_77' title='bbox 323 1107 395 1180; x_wconf 87' lang='lat' dir='ltr'>etsi,</span> <span class='ocrx_word' id='word_1_78' title='bbox 429 1125 503 1186; x_wconf 87' lang='lat' dir='ltr'>quae</span> <span class='ocrx_word' id='word_1_79' title='bbox 531 1125 586 1170; x_wconf 89' lang='lat' dir='ltr'>nns</span> <span class='ocrx_word' id='word_1_80' title='bbox 615 1108 813 1182; x_wconf 85' lang='lat' dir='ltr'>excussimus,</span> <span class='ocrx_word' id='word_1_81' title='bbox 845 1107 1075 1188; x_wconf 88' lang='lat' dir='ltr'>illustriaplane</span> <span class='ocrx_word' id='word_1_82' title='bbox 1105 1109 1168 1170; x_wconf 90' lang='lat' dir='ltr'>loco</span> <span class='ocrx_word' id='word_1_83' title='bbox 1191 1128 1229 1170; x_wconf 88' lang='lat' dir='ltr'>ne</span> <span class='ocrx_word' id='word_1_84' title='bbox 1250 1117 1349 1187; x_wconf 81' lang='lat' dir='ltr'>tangat</span> 
     </span>
     <span class='ocr_line' id='line_1_10' title="bbox 134 1190 1399 1271; baseline 0.002 -20"><span class='ocrx_word' id='word_1_85' title='bbox 134 1190 263 1270; x_wconf 85' lang='lat' dir='ltr'>quidem.</span> <span class='ocrx_word' id='word_1_86' title='bbox 308 1191 386 1263; x_wconf 86' lang='lat' dir='ltr'>Ouid</span> <span class='ocrx_word' id='word_1_87' title='bbox 408 1211 478 1254; x_wconf 80' lang='lat' dir='ltr'>vero</span> <span class='ocrx_word' id='word_1_88' title='bbox 501 1193 605 1254; x_wconf 81' lang='lat' dir='ltr'>exinde</span> <span class='ocrx_word' id='word_1_89' title='bbox 627 1211 694 1253; x_wconf 92' lang='lat' dir='ltr'>eurn</span> <span class='ocrx_word' id='word_1_90' title='bbox 716 1193 853 1271; x_wconf 79' lang='lat' dir='ltr'>colligere</span> <span class='ocrx_word' id='word_1_91' title='bbox 875 1192 1050 1256; x_wconf 79' lang='lat' dir='ltr'>existimas?</span> <span class='ocrx_word' id='word_1_92' title='bbox 1086 1194 1157 1256; x_wconf 83' lang='lat' dir='ltr'>lide</span> <span class='ocrx_word' id='word_1_93' title='bbox 1180 1203 1208 1255; x_wconf 89' lang='lat' dir='ltr'>et</span> <span class='ocrx_word' id='word_1_94' title='bbox 1229 1194 1347 1254; x_wconf 86' lang='lat' dir='ltr'>rnirare.</span> <span class='ocrx_word' id='word_1_95' title='bbox 1396 1227 1399 1234; x_wconf 92' lang='lat'>·</span> 
     </span>
     <span class='ocr_line' id='line_1_11' title="bbox 133 1275 1348 1360; baseline 0.002 -24"><span class='ocrx_word' id='word_1_96' title='bbox 133 1275 257 1337; x_wconf 80' lang='lat' dir='ltr'>Decreta</span> <span class='ocrx_word' id='word_1_97' title='bbox 278 1277 465 1356; x_wconf 89' lang='lat' dir='ltr'>imperatoris</span> <span class='ocrx_word' id='word_1_98' title='bbox 488 1285 548 1338; x_wconf 90' lang='lat' dir='ltr'>tum</span> <span class='ocrx_word' id='word_1_99' title='bbox 571 1277 690 1356; x_wconf 82' lang='lat' dir='ltr'>quidem</span> <span class='ocrx_word' id='word_1_100' title='bbox 712 1277 768 1339; x_wconf 90' lang='lat' dir='ltr'>iam</span> <span class='ocrx_word' id='word_1_101' title='bbox 791 1288 907 1356; x_wconf 81' lang='lat' dir='ltr'>rogata,</span> <span class='ocrx_word' id='word_1_102' title='bbox 941 1279 993 1340; x_wconf 87' lang='lat' dir='ltr'>sed</span> <span class='ocrx_word' id='word_1_103' title='bbox 1022 1279 1052 1340; x_wconf 92' lang='lat' dir='ltr'>in</span> <span class='ocrx_word' id='word_1_104' title='bbox 1074 1298 1128 1360; x_wconf 82' lang='lat' dir='ltr'>¹eas</span> <span class='ocrx_word' id='word_1_105' title='bbox 1150 1285 1265 1358; x_wconf 88' lang='lat' dir='ltr'>parles,</span> <span class='ocrx_word' id='word_1_106' title='bbox 1297 1278 1348 1340; x_wconf 93' lang='lat' dir='ltr'>ubi</span> 
     </span>
     <span class='ocr_line' id='line_1_12' title="bbox 136 1359 1347 1448; baseline 0.005 -28"><span class='ocrx_word' id='word_1_107' title='bbox 136 1359 332 1422; x_wconf 82' lang='lat' dir='ltr'>Tertullianus</span> <span class='ocrx_word' id='word_1_108' title='bbox 361 1361 500 1440; x_wconf 82' lang='lat' dir='ltr'>degebat,</span> <span class='ocrx_word' id='word_1_109' title='bbox 533 1362 642 1442; x_wconf 91' lang='lat' dir='ltr'>perlata</span> <span class='ocrx_word' id='word_1_110' title='bbox 670 1379 730 1422; x_wconf 93' lang='lat' dir='ltr'>nou</span> <span class='ocrx_word' id='word_1_111' title='bbox 758 1363 851 1424; x_wconf 86' lang='lat' dir='ltr'>luisse</span> <span class='ocrx_word' id='word_1_112' title='bbox 885 1363 976 1438; x_wconf 79' lang='lat' dir='ltr'>(llius.</span> <span class='ocrx_word' id='word_1_113' title='bbox 1006 1363 1140 1442; x_wconf 71' lang='lat' dir='ltr'>Cypriam</span> <span class='ocrx_word' id='word_1_114' title='bbox 1170 1363 1218 1424; x_wconf 91' lang='lat' dir='ltr'>Xl.</span> <span class='ocrx_word' id='word_1_115' title='bbox 1241 1367 1274 1448; x_wconf 67' lang='lat'>5.</span> <span class='ocrx_word' id='word_1_116' title='bbox 1294 1367 1347 1426; x_wconf 77' lang='lat'>44.</span> 
     </span>
     <span class='ocr_line' id='line_1_13' title="bbox 135 1445 1347 1525; baseline -0.002 -16"><span class='ocrx_word' id='word_1_117' title='bbox 135 1465 165 1524; x_wconf 86' lang='lat' dir='ltr'>p.</span> <span class='ocrx_word' id='word_1_118' title='bbox 188 1447 263 1521; x_wconf 63' lang='lat' dir='ltr'>db).</span> <span class='ocrx_word' id='word_1_119' title='bbox 307 1445 534 1525; x_wconf 81' lang='lat' dir='ltr'>blagnitudinern</span> <span class='ocrx_word' id='word_1_120' title='bbox 556 1445 690 1508; x_wconf 83' lang='lat' dir='ltr'>videlicet</span> <span class='ocrx_word' id='word_1_121' title='bbox 711 1447 897 1509; x_wconf 88' lang='lat' dir='ltr'>miseriarum</span> <span class='ocrx_word' id='word_1_122' title='bbox 925 1447 1088 1510; x_wconf 86' lang='lat' dir='ltr'>diminuere</span> <span class='ocrx_word' id='word_1_123' title='bbox 1116 1447 1253 1510; x_wconf 88' lang='lat' dir='ltr'>omnibus</span> <span class='ocrx_word' id='word_1_124' title='bbox 1276 1447 1347 1508; x_wconf 90' lang='lat' dir='ltr'>viri-</span> 
     </span>
     <span class='ocr_line' id='line_1_14' title="bbox 135 1529 1349 1612; baseline 0.003 -22"><span class='ocrx_word' id='word_1_125' title='bbox 135 1529 190 1592; x_wconf 91' lang='lat' dir='ltr'>bus</span> <span class='ocrx_word' id='word_1_126' title='bbox 214 1537 345 1592; x_wconf 89' lang='lat' dir='ltr'>conatur.</span> <span class='ocrx_word' id='word_1_127' title='bbox 389 1531 539 1608; x_wconf 80' lang='lat' dir='ltr'>Frigidum</span> <span class='ocrx_word' id='word_1_128' title='bbox 561 1551 631 1592; x_wconf 82' lang='lat' dir='ltr'>vero</span> <span class='ocrx_word' id='word_1_129' title='bbox 653 1531 815 1594; x_wconf 86' lang='lat' dir='ltr'>somnium!</span> <span class='ocrx_word' id='word_1_130' title='bbox 853 1534 932 1611; x_wconf 87' lang='lat' dir='ltr'>quod</span> <span class='ocrx_word' id='word_1_131' title='bbox 953 1533 1088 1594; x_wconf 76' lang='lat' dir='ltr'>fortassis</span> <span class='ocrx_word' id='word_1_132' title='bbox 1110 1551 1148 1594; x_wconf 90' lang='lat' dir='ltr'>ue</span> <span class='ocrx_word' id='word_1_133' title='bbox 1170 1531 1207 1594; x_wconf 91' lang='lat' dir='ltr'>lis</span> <span class='ocrx_word' id='word_1_134' title='bbox 1230 1531 1349 1612; x_wconf 88' lang='lat' dir='ltr'>quidem</span> 
     </span>
     <span class='ocr_line' id='line_1_15' title="bbox 135 1613 1348 1696; baseline 0.002 -21"><span class='ocrx_word' id='word_1_135' title='bbox 135 1613 286 1688; x_wconf 87' lang='lat' dir='ltr'>arridebit,</span> <span class='ocrx_word' id='word_1_136' title='bbox 310 1615 358 1694; x_wconf 83' lang='lat' dir='ltr'>qni</span> <span class='ocrx_word' id='word_1_137' title='bbox 380 1615 503 1676; x_wconf 85' lang='lat' dir='ltr'>Romani</span> <span class='ocrx_word' id='word_1_138' title='bbox 526 1615 642 1695; x_wconf 87' lang='lat' dir='ltr'>imperii</span> <span class='ocrx_word' id='word_1_139' title='bbox 664 1623 771 1678; x_wconf 90' lang='lat' dir='ltr'>statum</span> <span class='ocrx_word' id='word_1_140' title='bbox 794 1618 939 1696; x_wconf 79' lang='lat' dir='ltr'>ignorant.</span> <span class='ocrx_word' id='word_1_141' title='bbox 983 1618 1019 1678; x_wconf 78' lang='lat' dir='ltr'>bt</span> <span class='ocrx_word' id='word_1_142' title='bbox 1040 1635 1100 1678; x_wconf 93' lang='lat' dir='ltr'>non</span> <span class='ocrx_word' id='word_1_143' title='bbox 1123 1618 1220 1680; x_wconf 82' lang='lat' dir='ltr'>nrinos</span> <span class='ocrx_word' id='word_1_144' title='bbox 1243 1616 1272 1678; x_wconf 93' lang='lat' dir='ltr'>in</span> <span class='ocrx_word' id='word_1_145' title='bbox 1295 1636 1348 1678; x_wconf 90' lang='lat' dir='ltr'>ex-</span> 
     </span>
     <span class='ocr_line' id='line_1_16' title="bbox 137 1699 1350 1780; baseline 0.002 -22"><span class='ocrx_word' id='word_1_146' title='bbox 137 1699 284 1778; x_wconf 92' lang='lat' dir='ltr'>plodendo</span> <span class='ocrx_word' id='word_1_147' title='bbox 307 1719 343 1760; x_wconf 92' lang='lat' dir='ltr'>eo</span> <span class='ocrx_word' id='word_1_148' title='bbox 366 1699 487 1778; x_wconf 81' lang='lat' dir='ltr'>[rigidus</span> <span class='ocrx_word' id='word_1_149' title='bbox 510 1701 668 1762; x_wconf 86' lang='lat' dir='ltr'>Ruinartns</span> <span class='ocrx_word' id='word_1_150' title='bbox 692 1708 755 1774; x_wconf 88' lang='lat' dir='ltr'>est,</span> <span class='ocrx_word' id='word_1_151' title='bbox 785 1701 852 1780; x_wconf 88' lang='lat' dir='ltr'>qui,</span> <span class='ocrx_word' id='word_1_152' title='bbox 881 1703 906 1763; x_wconf 92' lang='lat' dir='ltr'>si</span> <span class='ocrx_word' id='word_1_153' title='bbox 928 1721 986 1780; x_wconf 87' lang='lat' dir='ltr'>qno</span> <span class='ocrx_word' id='word_1_154' title='bbox 1008 1702 1091 1776; x_wconf 89' lang='lat' dir='ltr'>loco,</span> <span class='ocrx_word' id='word_1_155' title='bbox 1119 1701 1167 1764; x_wconf 88' lang='lat' dir='ltr'>bic</span> <span class='ocrx_word' id='word_1_156' title='bbox 1189 1711 1251 1762; x_wconf 91' lang='lat' dir='ltr'>turn</span> <span class='ocrx_word' id='word_1_157' title='bbox 1271 1701 1350 1762; x_wconf 90' lang='lat' dir='ltr'>inter</span> 
     </span>
     <span class='ocr_line' id='line_1_17' title="bbox 138 1783 1349 1862; baseline 0.002 -18"><span class='ocrx_word' id='word_1_158' title='bbox 138 1783 220 1844; x_wconf 83' lang='lat' dir='ltr'>nives</span> <span class='ocrx_word' id='word_1_159' title='bbox 250 1783 364 1862; x_wconf 82' lang='lat' dir='ltr'>gallicas</span> <span class='ocrx_word' id='word_1_160' title='bbox 394 1793 525 1847; x_wconf 89' lang='lat' dir='ltr'>versatus</span> <span class='ocrx_word' id='word_1_161' title='bbox 553 1785 646 1846; x_wconf 88' lang='lat' dir='ltr'>luisse</span> <span class='ocrx_word' id='word_1_162' title='bbox 674 1785 789 1846; x_wconf 84' lang='lat' dir='ltr'>ridetur</span> <span class='ocrx_word' id='word_1_163' title='bbox 821 1785 927 1862; x_wconf 83' lang='lat' dir='ltr'>(Praei.</span> <span class='ocrx_word' id='word_1_164' title='bbox 952 1787 987 1846; x_wconf 92' lang='lat' dir='ltr'>ad</span> <span class='ocrx_word' id='word_1_165' title='bbox 1009 1788 1078 1846; x_wconf 82' lang='lat' dir='ltr'>beta</span> <span class='ocrx_word' id='word_1_166' title='bbox 1105 1785 1187 1846; x_wconf 85' lang='lat' dir='ltr'>Mart.</span> <span class='ocrx_word' id='word_1_167' title='bbox 1211 1787 1288 1846; x_wconf 86' lang='lat' dir='ltr'>Sect.</span> <span class='ocrx_word' id='word_1_168' title='bbox 1311 1783 1349 1846; x_wconf 89' lang='lat' dir='ltr'>ll.</span> 
     </span>
     <span class='ocr_line' id='line_1_18' title="bbox 140 1869 1350 1950; baseline 0 -20"><span class='ocrx_word' id='word_1_169' title='bbox 140 1872 169 1943; x_wconf 68' lang='grc' dir='ltr'>ξ.</span> <span class='ocrx_word' id='word_1_170' title='bbox 193 1872 243 1930; x_wconf 81' lang='lat' dir='ltr'>ll.</span> <span class='ocrx_word' id='word_1_171' title='bbox 266 1871 295 1946; x_wconf 68' lang='grc' dir='ltr'>ξ.</span> <span class='ocrx_word' id='word_1_172' title='bbox 311 1875 362 1933; x_wconf 83' lang='grc'>45.</span> <span class='ocrx_word' id='word_1_173' title='bbox 384 1889 414 1950; x_wconf 87' lang='lat' dir='ltr'>p.</span> <span class='ocrx_word' id='word_1_174' title='bbox 430 1873 505 1944; x_wconf 69' lang='lat' dir='ltr'>lb).</span> <span class='ocrx_word' id='word_1_175' title='bbox 548 1869 636 1930; x_wconf 86' lang='lat' dir='ltr'>Locis</span> <span class='ocrx_word' id='word_1_176' title='bbox 659 1869 834 1948; x_wconf 82' lang='lat' dir='ltr'>quibusdam</span> <span class='ocrx_word' id='word_1_177' title='bbox 857 1869 1043 1931; x_wconf 73' lang='lat' dir='ltr'>tumultuarie</span> <span class='ocrx_word' id='word_1_178' title='bbox 1064 1870 1240 1931; x_wconf 82' lang='lat' dir='ltr'>coacervatis</span> <span class='ocrx_word' id='word_1_179' title='bbox 1262 1869 1350 1948; x_wconf 81' lang='lat' dir='ltr'>longe</span> 
     </span>
     <span class='ocr_line' id='line_1_19' title="bbox 141 1953 1350 2034; baseline 0.002 -22"><span class='ocrx_word' id='word_1_180' title='bbox 141 1953 254 2031; x_wconf 86' lang='lat' dir='ltr'>lateque</span> <span class='ocrx_word' id='word_1_181' title='bbox 276 1964 424 2015; x_wconf 89' lang='lat' dir='ltr'>extensam</span> <span class='ocrx_word' id='word_1_182' title='bbox 446 1954 536 2014; x_wconf 85' lang='lat' dir='ltr'>luisse</span> <span class='ocrx_word' id='word_1_183' title='bbox 558 1953 794 2034; x_wconf 81' lang='lat' dir='ltr'>persecutionem</span> <span class='ocrx_word' id='word_1_184' title='bbox 816 1954 912 2016; x_wconf 89' lang='lat' dir='ltr'>docet.</span> <span class='ocrx_word' id='word_1_185' title='bbox 943 1954 1020 2027; x_wconf 86' lang='lat' dir='ltr'>Quid</span> <span class='ocrx_word' id='word_1_186' title='bbox 1041 1973 1111 2015; x_wconf 90' lang='lat' dir='ltr'>vero</span> <span class='ocrx_word' id='word_1_187' title='bbox 1134 1955 1191 2016; x_wconf 91' lang='lat' dir='ltr'>boc</span> <span class='ocrx_word' id='word_1_188' title='bbox 1212 1954 1248 2016; x_wconf 87' lang='lat' dir='ltr'>ad</span> <span class='ocrx_word' id='word_1_189' title='bbox 1267 1953 1350 2015; x_wconf 85' lang='lat' dir='ltr'>lind-</span> 
     </span>
    </p>
   </div>
   <div class='ocr_carea' id='block_1_3' title="bbox 37 2037 1349 2118">
    <p class='ocr_par' dir='ltr' id='par_1_3' title="bbox 37 2037 1349 2118">
     <span class='ocr_line' id='line_1_20' title="bbox 37 2037 1349 2118; baseline 0.002 -22"><span class='ocrx_word' id='word_1_190' title='bbox 37 2065 49 2082; x_wconf 72' lang='lat'>=</span> <span class='ocrx_word' id='word_1_191' title='bbox 141 2037 215 2098; x_wconf 75' lang='lat' dir='ltr'>nelli</span> <span class='ocrx_word' id='word_1_192' title='bbox 237 2037 386 2115; x_wconf 79' lang='lat' dir='ltr'>argutias?</span> <span class='ocrx_word' id='word_1_193' title='bbox 409 2039 457 2118; x_wconf 84' lang='lat' dir='ltr'>qui</span> <span class='ocrx_word' id='word_1_194' title='bbox 479 2057 539 2100; x_wconf 90' lang='lat' dir='ltr'>non</span> <span class='ocrx_word' id='word_1_195' title='bbox 561 2039 618 2100; x_wconf 89' lang='lat' dir='ltr'>boc</span> <span class='ocrx_word' id='word_1_196' title='bbox 639 2038 773 2118; x_wconf 82' lang='lat' dir='ltr'>negabat,</span> <span class='ocrx_word' id='word_1_197' title='bbox 795 2039 848 2101; x_wconf 88' lang='lat' dir='ltr'>sed</span> <span class='ocrx_word' id='word_1_198' title='bbox 870 2058 931 2100; x_wconf 92' lang='lat' dir='ltr'>non</span> <span class='ocrx_word' id='word_1_199' title='bbox 953 2047 1010 2100; x_wconf 92' lang='lat' dir='ltr'>tam</span> <span class='ocrx_word' id='word_1_200' title='bbox 1033 2040 1177 2100; x_wconf 87' lang='lat' dir='ltr'>immanes</span> <span class='ocrx_word' id='word_1_201' title='bbox 1198 2039 1228 2100; x_wconf 93' lang='lat' dir='ltr'>in</span> <span class='ocrx_word' id='word_1_202' title='bbox 1252 2039 1349 2100; x_wconf 87' lang='lat' dir='ltr'>omni·</span> 
     </span>
    </p>
   </div>
   <div class='ocr_carea' id='block_1_4' title="bbox 137 2123 1424 3218">
    <p class='ocr_par' dir='ltr' id='par_1_4' title="bbox 137 2123 1424 3218">
     <span class='ocr_line' id='line_1_21' title="bbox 139 2123 1351 2202; baseline 0.002 -20"><span class='ocrx_word' id='word_1_203' title='bbox 139 2123 196 2182; x_wconf 93' lang='lat' dir='ltr'>bus</span> <span class='ocrx_word' id='word_1_204' title='bbox 218 2123 375 2202; x_wconf 89' lang='lat' dir='ltr'>provinciis</span> <span class='ocrx_word' id='word_1_205' title='bbox 405 2124 496 2184; x_wconf 89' lang='lat' dir='ltr'>luisse</span> <span class='ocrx_word' id='word_1_206' title='bbox 518 2141 609 2184; x_wconf 89' lang='lat' dir='ltr'>ausus</span> <span class='ocrx_word' id='word_1_207' title='bbox 639 2124 804 2196; x_wconf 87' lang='lat' dir='ltr'>contendit,</span> <span class='ocrx_word' id='word_1_208' title='bbox 837 2143 872 2184; x_wconf 92' lang='lat' dir='ltr'>eo</span> <span class='ocrx_word' id='word_1_209' title='bbox 901 2125 980 2202; x_wconf 83' lang='lat' dir='ltr'>quod</span> <span class='ocrx_word' id='word_1_210' title='bbox 1007 2123 1081 2185; x_wconf 87' lang='lat' dir='ltr'>latae</span> <span class='ocrx_word' id='word_1_211' title='bbox 1108 2124 1144 2184; x_wconf 91' lang='lat' dir='ltr'>ab</span> <span class='ocrx_word' id='word_1_212' title='bbox 1173 2123 1351 2202; x_wconf 88' lang='lat' dir='ltr'>imperatore</span> 
     </span>
     <span class='ocr_line' id='line_1_22' title="bbox 137 2206 1350 2288; baseline 0 -21"><span class='ocrx_word' id='word_1_213' title='bbox 137 2206 217 2285; x_wconf 86' lang='lat' dir='ltr'>leges</span> <span class='ocrx_word' id='word_1_214' title='bbox 240 2208 277 2268; x_wconf 87' lang='lat' dir='ltr'>ad</span> <span class='ocrx_word' id='word_1_215' title='bbox 298 2227 401 2268; x_wconf 89' lang='lat' dir='ltr'>omncs</span> <span class='ocrx_word' id='word_1_216' title='bbox 425 2227 485 2268; x_wconf 90' lang='lat' dir='ltr'>nen</span> <span class='ocrx_word' id='word_1_217' title='bbox 506 2208 721 2287; x_wconf 84' lang='lat' dir='ltr'>pervenissent.</span> <span class='ocrx_word' id='word_1_218' title='bbox 766 2209 799 2268; x_wconf 87' lang='lat' dir='ltr'>Si</span> <span class='ocrx_word' id='word_1_219' title='bbox 821 2209 891 2288; x_wconf 90' lang='lat' dir='ltr'>quid</span> <span class='ocrx_word' id='word_1_220' title='bbox 913 2208 1008 2280; x_wconf 84' lang='lat' dir='ltr'>viden,</span> <span class='ocrx_word' id='word_1_221' title='bbox 1031 2209 1139 2270; x_wconf 88' lang='lat' dir='ltr'>certius</span> <span class='ocrx_word' id='word_1_222' title='bbox 1162 2207 1197 2269; x_wconf 91' lang='lat' dir='ltr'>ab</span> <span class='ocrx_word' id='word_1_223' title='bbox 1220 2209 1274 2270; x_wconf 91' lang='lat' dir='ltr'>bac</span> <span class='ocrx_word' id='word_1_224' title='bbox 1296 2208 1350 2269; x_wconf 91' lang='lat' dir='ltr'>de·</span> 
     </span>
     <span class='ocr_line' id='line_1_23' title="bbox 140 2287 1350 2372; baseline 0.001 -19"><span class='ocrx_word' id='word_1_225' title='bbox 140 2292 272 2353; x_wconf 86' lang='lat' dir='ltr'>torsione</span> <span class='ocrx_word' id='word_1_226' title='bbox 297 2292 507 2353; x_wconf 83' lang='lat' dir='ltr'>Tertullianum</span> <span class='ocrx_word' id='word_1_227' title='bbox 531 2287 692 2354; x_wconf 67' lang='lat' dir='ltr'>vindicari.</span> <span class='ocrx_word' id='word_1_228' title='bbox 725 2293 789 2354; x_wconf 88' lang='lat' dir='ltr'>Duo</span> <span class='ocrx_word' id='word_1_229' title='bbox 819 2293 874 2358; x_wconf 87' lang='lat' dir='ltr'>alia</span> <span class='ocrx_word' id='word_1_230' title='bbox 901 2293 1039 2372; x_wconf 85' lang='lat' dir='ltr'>deinceps</span> <span class='ocrx_word' id='word_1_231' title='bbox 1068 2292 1236 2354; x_wconf 87' lang='lat' dir='ltr'>testimonia</span> <span class='ocrx_word' id='word_1_232' title='bbox 1258 2291 1350 2364; x_wconf 81' lang='lat' dir='ltr'>attuli,</span> 
     </span>
     <span class='ocr_line' id='line_1_24' title="bbox 140 2375 1424 2458; baseline -0.001 -22"><span class='ocrx_word' id='word_1_233' title='bbox 140 2395 228 2455; x_wconf 81' lang='lat' dir='ltr'>quae,</span> <span class='ocrx_word' id='word_1_234' title='bbox 263 2375 288 2436; x_wconf 90' lang='lat' dir='ltr'>si</span> <span class='ocrx_word' id='word_1_235' title='bbox 311 2377 424 2448; x_wconf 79' lang='lat' dir='ltr'>cutilia,</span> <span class='ocrx_word' id='word_1_236' title='bbox 453 2377 483 2439; x_wconf 94' lang='lat' dir='ltr'>id</span> <span class='ocrx_word' id='word_1_237' title='bbox 505 2377 584 2456; x_wconf 89' lang='lat' dir='ltr'>quod</span> <span class='ocrx_word' id='word_1_238' title='bbox 606 2377 668 2438; x_wconf 85' lang='lat' dir='ltr'>beri</span> <span class='ocrx_word' id='word_1_239' title='bbox 690 2377 776 2458; x_wconf 92' lang='lat' dir='ltr'>plane</span> <span class='ocrx_word' id='word_1_240' title='bbox 798 2378 913 2457; x_wconf 87' lang='lat' dir='ltr'>nequit,</span> <span class='ocrx_word' id='word_1_241' title='bbox 941 2377 1122 2457; x_wconf 77' lang='lat' dir='ltr'>Apologetici</span> <span class='ocrx_word' id='word_1_242' title='bbox 1143 2378 1207 2438; x_wconf 90' lang='lat' dir='ltr'>loca</span> <span class='ocrx_word' id='word_1_243' title='bbox 1228 2386 1353 2457; x_wconf 82' lang='lat' dir='ltr'>possent</span> <span class='ocrx_word' id='word_1_244' title='bbox 1420 2379 1424 2386; x_wconf 89' lang='grc'><strong>’</strong></span> 
     </span>
     <span class='ocr_line' id='line_1_25' title="bbox 140 2460 1351 2542; baseline -0.001 -20"><span class='ocrx_word' id='word_1_245' title='bbox 140 2461 224 2532; x_wconf 89' lang='lat' dir='ltr'>elidi,</span> <span class='ocrx_word' id='word_1_246' title='bbox 255 2460 444 2522; x_wconf 89' lang='lat' dir='ltr'>nihilominus</span> <span class='ocrx_word' id='word_1_247' title='bbox 467 2471 532 2522; x_wconf 89' lang='lat' dir='ltr'>ante</span> <span class='ocrx_word' id='word_1_248' title='bbox 555 2462 652 2534; x_wconf 90' lang='lat' dir='ltr'>illunr,</span> <span class='ocrx_word' id='word_1_249' title='bbox 684 2480 770 2542; x_wconf 84' lang='lat' dir='ltr'>quem</span> <span class='ocrx_word' id='word_1_250' title='bbox 793 2463 941 2542; x_wconf 78' lang='lat' dir='ltr'>designat,</span> <span class='ocrx_word' id='word_1_251' title='bbox 964 2481 1071 2524; x_wconf 89' lang='lat' dir='ltr'>annum</span> <span class='ocrx_word' id='word_1_252' title='bbox 1094 2462 1276 2523; x_wconf 84' lang='lat' dir='ltr'>Christianos</span> <span class='ocrx_word' id='word_1_253' title='bbox 1299 2479 1351 2521; x_wconf 89' lang='lat' dir='ltr'>ex·</span> 
     </span>
     <span class='ocr_line' id='line_1_26' title="bbox 140 2545 1351 2626; baseline -0.002 -20"><span class='ocrx_word' id='word_1_254' title='bbox 140 2546 285 2607; x_wconf 89' lang='lat' dir='ltr'>cruciatos</span> <span class='ocrx_word' id='word_1_255' title='bbox 308 2545 398 2607; x_wconf 87' lang='lat' dir='ltr'>luisse</span> <span class='ocrx_word' id='word_1_256' title='bbox 421 2547 571 2607; x_wconf 91' lang='lat' dir='ltr'>docerent.</span> <span class='ocrx_word' id='word_1_257' title='bbox 614 2547 713 2608; x_wconf 89' lang='lat' dir='ltr'>lnanis</span> <span class='ocrx_word' id='word_1_258' title='bbox 737 2556 783 2608; x_wconf 86' lang='lat' dir='ltr'>est</span> <span class='ocrx_word' id='word_1_259' title='bbox 805 2547 952 2626; x_wconf 85' lang='lat' dir='ltr'>suspicio,</span> <span class='ocrx_word' id='word_1_260' title='bbox 975 2547 1020 2608; x_wconf 88' lang='lat' dir='ltr'>oui</span> <span class='ocrx_word' id='word_1_261' title='bbox 1044 2546 1147 2608; x_wconf 88' lang='lat' dir='ltr'>militat</span> <span class='ocrx_word' id='word_1_262' title='bbox 1169 2547 1213 2606; x_wconf 86' lang='lat' dir='ltr'>vir</span> <span class='ocrx_word' id='word_1_263' title='bbox 1235 2547 1351 2608; x_wconf 81' lang='lat' dir='ltr'>doctus.</span> 
     </span>
     <span class='ocr_line' id='line_1_27' title="bbox 141 2630 1351 2711; baseline -0.002 -19"><span class='ocrx_word' id='word_1_264' title='bbox 141 2631 240 2692; x_wconf 83' lang='lat' dir='ltr'>l‘aleat</span> <span class='ocrx_word' id='word_1_265' title='bbox 261 2639 368 2702; x_wconf 89' lang='lat' dir='ltr'>tamen,</span> <span class='ocrx_word' id='word_1_266' title='bbox 391 2630 417 2692; x_wconf 90' lang='lat' dir='ltr'>si</span> <span class='ocrx_word' id='word_1_267' title='bbox 438 2631 488 2710; x_wconf 84' lang='lat' dir='ltr'>qui</span> <span class='ocrx_word' id='word_1_268' title='bbox 509 2631 607 2692; x_wconf 84' lang='lat' dir='ltr'>velint.</span> <span class='ocrx_word' id='word_1_269' title='bbox 644 2631 705 2692; x_wconf 81' lang='lat' dir='ltr'>blia</span> <span class='ocrx_word' id='word_1_270' title='bbox 727 2633 821 2693; x_wconf 86' lang='lat' dir='ltr'>adbuc</span> <span class='ocrx_word' id='word_1_271' title='bbox 842 2640 1010 2711; x_wconf 85' lang='lat' dir='ltr'>supersunt,</span> <span class='ocrx_word' id='word_1_272' title='bbox 1032 2651 1105 2710; x_wconf 90' lang='lat' dir='ltr'>quae</span> <span class='ocrx_word' id='word_1_273' title='bbox 1127 2631 1195 2691; x_wconf 91' lang='lat' dir='ltr'>huic</span> <span class='ocrx_word' id='word_1_274' title='bbox 1216 2650 1275 2690; x_wconf 90' lang='lat' dir='ltr'>non</span> <span class='ocrx_word' id='word_1_275' title='bbox 1297 2648 1351 2708; x_wconf 90' lang='lat' dir='ltr'>pa·</span> 
     </span>
     <span class='ocr_line' id='line_1_28' title="bbox 143 2713 1352 2795; baseline -0.003 -19"><span class='ocrx_word' id='word_1_276' title='bbox 143 2723 204 2776; x_wconf 90' lang='lat' dir='ltr'>tent</span> <span class='ocrx_word' id='word_1_277' title='bbox 225 2715 357 2776; x_wconf 86' lang='lat' dir='ltr'>artificio.</span> <span class='ocrx_word' id='word_1_278' title='bbox 402 2715 455 2776; x_wconf 87' lang='lat' dir='ltr'>llis</span> <span class='ocrx_word' id='word_1_279' title='bbox 478 2715 607 2776; x_wconf 86' lang='lat' dir='ltr'>immotis</span> <span class='ocrx_word' id='word_1_280' title='bbox 630 2735 664 2776; x_wconf 88' lang='lat' dir='ltr'>ea</span> <span class='ocrx_word' id='word_1_281' title='bbox 686 2735 803 2795; x_wconf 88' lang='lat' dir='ltr'>quoque</span> <span class='ocrx_word' id='word_1_282' title='bbox 825 2716 970 2788; x_wconf 88' lang='lat' dir='ltr'>iacebunt,</span> <span class='ocrx_word' id='word_1_283' title='bbox 1000 2735 1075 2794; x_wconf 80' lang='lat' dir='ltr'>quae</span> <span class='ocrx_word' id='word_1_284' title='bbox 1097 2715 1185 2786; x_wconf 86' lang='lat' dir='ltr'>idem,</span> <span class='ocrx_word' id='word_1_285' title='bbox 1213 2723 1246 2775; x_wconf 92' lang='lat' dir='ltr'>ut</span> <span class='ocrx_word' id='word_1_286' title='bbox 1268 2713 1302 2775; x_wconf 89' lang='lat' dir='ltr'>ad</span> <span class='ocrx_word' id='word_1_287' title='bbox 1324 2732 1352 2773; x_wconf 89' lang='lat' dir='ltr'>a.</span> 
     </span>
     <span class='ocr_line' id='line_1_29' title="bbox 142 2793 1353 2873; baseline -0.001 -14"><span class='ocrx_word' id='word_1_288' title='bbox 142 2800 225 2860; x_wconf 85' lang='lat' dir='ltr'>CCll.</span> <span class='ocrx_word' id='word_1_289' title='bbox 248 2799 381 2861; x_wconf 88' lang='lat' dir='ltr'>omnium</span> <span class='ocrx_word' id='word_1_290' title='bbox 402 2793 592 2860; x_wconf 79' lang='lat' dir='ltr'>alllictionum</span> <span class='ocrx_word' id='word_1_291' title='bbox 613 2800 729 2861; x_wconf 91' lang='lat' dir='ltr'>initium</span> <span class='ocrx_word' id='word_1_292' title='bbox 751 2801 873 2873; x_wconf 82' lang='lat' dir='ltr'>reserat,</span> <span class='ocrx_word' id='word_1_293' title='bbox 907 2800 935 2860; x_wconf 90' lang='lat' dir='ltr'>iu</span> <span class='ocrx_word' id='word_1_294' title='bbox 963 2799 1092 2860; x_wconf 88' lang='lat' dir='ltr'>medium</span> <span class='ocrx_word' id='word_1_295' title='bbox 1121 2798 1239 2860; x_wconf 92' lang='lat' dir='ltr'>adduxit</span> <span class='ocrx_word' id='word_1_296' title='bbox 1261 2797 1353 2871; x_wconf 85' lang='lat' dir='ltr'>(Loco</span> 
     </span>
     <span class='ocr_line' id='line_1_30' title="bbox 144 2882 1353 2964; baseline -0.001 -20"><span class='ocrx_word' id='word_1_297' title='bbox 144 2886 191 2945; x_wconf 85' lang='lat' dir='ltr'>cit.</span> <span class='ocrx_word' id='word_1_298' title='bbox 214 2888 244 2961; x_wconf 70' lang='lat'>§-</span> <span class='ocrx_word' id='word_1_299' title='bbox 267 2885 340 2946; x_wconf 79' lang='grc' dir='ltr'>ΧΗ.</span> <span class='ocrx_word' id='word_1_300' title='bbox 363 2905 392 2964; x_wconf 90' lang='lat' dir='ltr'>p.</span> <span class='ocrx_word' id='word_1_301' title='bbox 417 2887 491 2960; x_wconf 65' lang='lat' dir='ltr'>ue),</span> <span class='ocrx_word' id='word_1_302' title='bbox 524 2883 560 2944; x_wconf 89' lang='lat' dir='ltr'>ad</span> <span class='ocrx_word' id='word_1_303' title='bbox 583 2885 641 2944; x_wconf 91' lang='lat' dir='ltr'>dno</span> <span class='ocrx_word' id='word_1_304' title='bbox 663 2885 787 2944; x_wconf 88' lang='lat' dir='ltr'>redeunt</span> <span class='ocrx_word' id='word_1_305' title='bbox 808 2883 855 2944; x_wconf 92' lang='lat' dir='ltr'>illa</span> <span class='ocrx_word' id='word_1_306' title='bbox 878 2884 981 2962; x_wconf 89' lang='lat' dir='ltr'>capita.</span> <span class='ocrx_word' id='word_1_307' title='bbox 1026 2882 1125 2944; x_wconf 86' lang='lat' dir='ltr'>Otiurn</span> <span class='ocrx_word' id='word_1_308' title='bbox 1154 2883 1194 2942; x_wconf 91' lang='lat' dir='ltr'>ait</span> <span class='ocrx_word' id='word_1_309' title='bbox 1216 2891 1244 2943; x_wconf 93' lang='lat' dir='ltr'>et</span> <span class='ocrx_word' id='word_1_310' title='bbox 1267 2901 1353 2944; x_wconf 86' lang='lat' dir='ltr'>occa·</span> 
     </span>
     <span class='ocr_line' id='line_1_31' title="bbox 144 2967 1352 3046; baseline -0.002 -18"><span class='ocrx_word' id='word_1_311' title='bbox 144 2971 258 3030; x_wconf 88' lang='lat' dir='ltr'>sionem</span> <span class='ocrx_word' id='word_1_312' title='bbox 280 2969 463 3030; x_wconf 80' lang='lat' dir='ltr'>Christianos</span> <span class='ocrx_word' id='word_1_313' title='bbox 485 2968 639 3030; x_wconf 88' lang='lat' dir='ltr'>invadendi</span> <span class='ocrx_word' id='word_1_314' title='bbox 668 2968 804 3046; x_wconf 80' lang='lat' dir='ltr'>gentibus</span> <span class='ocrx_word' id='word_1_315' title='bbox 833 2969 971 3029; x_wconf 83' lang='lat' dir='ltr'>defuisse.</span> <span class='ocrx_word' id='word_1_316' title='bbox 1015 2967 1173 3045; x_wconf 89' lang='lat' dir='ltr'>Utriusque</span> <span class='ocrx_word' id='word_1_317' title='bbox 1194 2967 1277 3027; x_wconf 86' lang='lat' dir='ltr'>lneile</span> <span class='ocrx_word' id='word_1_318' title='bbox 1299 2986 1352 3046; x_wconf 88' lang='lat' dir='ltr'>ap-</span> 
     </span>
     <span class='ocr_line' id='line_1_32' title="bbox 146 3051 1353 3133; baseline -0.002 -20"><span class='ocrx_word' id='word_1_319' title='bbox 146 3061 228 3133; x_wconf 91' lang='lat' dir='ltr'>paret</span> <span class='ocrx_word' id='word_1_320' title='bbox 249 3053 447 3127; x_wconf 88' lang='lat' dir='ltr'>imbecillitas,</span> <span class='ocrx_word' id='word_1_321' title='bbox 482 3053 508 3114; x_wconf 90' lang='lat' dir='ltr'>si</span> <span class='ocrx_word' id='word_1_322' title='bbox 530 3073 596 3113; x_wconf 88' lang='lat' dir='ltr'>cunr</span> <span class='ocrx_word' id='word_1_323' title='bbox 619 3053 656 3114; x_wconf 94' lang='lat' dir='ltr'>iis</span> <span class='ocrx_word' id='word_1_324' title='bbox 678 3071 752 3133; x_wconf 86' lang='lat' dir='ltr'>quae</span> <span class='ocrx_word' id='word_1_325' title='bbox 775 3051 881 3132; x_wconf 84' lang='lat' dir='ltr'>scripsi</span> <span class='ocrx_word' id='word_1_326' title='bbox 909 3051 1131 3113; x_wconf 88' lang='lat' dir='ltr'>contendantur.</span> <span class='ocrx_word' id='word_1_327' title='bbox 1175 3051 1284 3112; x_wconf 88' lang='lat' dir='ltr'>Demus</span> <span class='ocrx_word' id='word_1_328' title='bbox 1308 3059 1353 3111; x_wconf 93' lang='lat' dir='ltr'>ta-</span> 
     </span>
     <span class='ocr_line' id='line_1_33' title="bbox 148 3136 1355 3218; baseline -0.001 -20"><span class='ocrx_word' id='word_1_329' title='bbox 148 3156 215 3198; x_wconf 91' lang='lat' dir='ltr'>men</span> <span class='ocrx_word' id='word_1_330' title='bbox 236 3139 296 3198; x_wconf 84' lang='lat' dir='ltr'>riro</span> <span class='ocrx_word' id='word_1_331' title='bbox 319 3139 434 3202; x_wconf 89' lang='lat' dir='ltr'>erudito</span> <span class='ocrx_word' id='word_1_332' title='bbox 455 3138 595 3218; x_wconf 90' lang='lat' dir='ltr'>loquendi</span> <span class='ocrx_word' id='word_1_333' title='bbox 616 3138 745 3199; x_wconf 87' lang='lat' dir='ltr'>reniam:</span> <span class='ocrx_word' id='word_1_334' title='bbox 769 3137 828 3199; x_wconf 85' lang='lat' dir='ltr'>Nec</span> <span class='ocrx_word' id='word_1_335' title='bbox 851 3141 944 3199; x_wconf 85' lang='lat' dir='ltr'>otirrm</span> <span class='ocrx_word' id='word_1_336' title='bbox 966 3148 1033 3198; x_wconf 87' lang='lat' dir='ltr'>erot</span> <span class='ocrx_word' id='word_1_337' title='bbox 1047 3148 1144 3208; x_wconf 83' lang='lat' dir='ltr'>outre,</span> <span class='ocrx_word' id='word_1_338' title='bbox 1167 3136 1270 3215; x_wconf 85' lang='lat' dir='ltr'>inquit,</span> <span class='ocrx_word' id='word_1_339' title='bbox 1293 3141 1355 3197; x_wconf 80' lang='lat' dir='ltr'>sine</span> 
     </span>
    </p>
   </div>
   <div class='ocr_carea' id='block_1_5' title="bbox 147 3221 1469 3304">
    <p class='ocr_par' dir='ltr' id='par_1_5' title="bbox 147 3221 1469 3304">
     <span class='ocr_line' id='line_1_34' title="bbox 147 3221 1469 3304; baseline -0.001 -22"><span class='ocrx_word' id='word_1_340' title='bbox 147 3227 207 3302; x_wconf 77' lang='lat' dir='ltr'>ipsi</span> <span class='ocrx_word' id='word_1_341' title='bbox 232 3227 409 3304; x_wconf 79' lang='lat' dir='ltr'>imperatori</span> <span class='ocrx_word' id='word_1_342' title='bbox 436 3229 497 3284; x_wconf 79' lang='lat' dir='ltr'>siue</span> <span class='ocrx_word' id='word_1_343' title='bbox 521 3227 752 3304; x_wconf 81' lang='lat' dir='ltr'>provinciarum</span> <span class='ocrx_word' id='word_1_344' title='bbox 771 3223 949 3303; x_wconf 74' lang='lat' dir='ltr'>proesentis,</span> <span class='ocrx_word' id='word_1_345' title='bbox 978 3240 1031 3283; x_wconf 86' lang='lat' dir='ltr'>oec</span> <span class='ocrx_word' id='word_1_346' title='bbox 1053 3225 1126 3300; x_wconf 70' lang='lat' dir='ltr'>absis</span> <span class='ocrx_word' id='word_1_347' title='bbox 1148 3222 1268 3282; x_wconf 82' lang='lat' dir='ltr'>urbium</span> <span class='ocrx_word' id='word_1_348' title='bbox 1287 3221 1356 3302; x_wconf 85' lang='lat' dir='ltr'>ple·</span> <span class='ocrx_word' id='word_1_349' title='bbox 1465 3267 1469 3274; x_wconf 90' lang='lat'>.</span> 
     </span>
    </p>
   </div>
   <div class='ocr_carea' id='block_1_6' title="bbox 147 3307 1359 4662">
    <p class='ocr_par' dir='ltr' id='par_1_6' title="bbox 147 3307 1359 4662">
     <span class='ocr_line' id='line_1_35' title="bbox 147 3307 1356 3388; baseline -0.002 -20"><span class='ocrx_word' id='word_1_350' title='bbox 147 3307 231 3368; x_wconf 83' lang='lat' dir='ltr'>bibus</span> <span class='ocrx_word' id='word_1_351' title='bbox 252 3309 543 3388; x_wconf 75' lang='lat' dir='ltr'>mopr&#39;atrote&#39;buapue,</span> <span class='ocrx_word' id='word_1_352' title='bbox 568 3327 640 3388; x_wconf 77' lang='lat' dir='ltr'>quos</span> <span class='ocrx_word' id='word_1_353' title='bbox 663 3319 792 3369; x_wconf 77' lang='lat' dir='ltr'>caterno</span> <span class='ocrx_word' id='word_1_354' title='bbox 813 3308 918 3370; x_wconf 78' lang='lat' dir='ltr'>collem</span> <span class='ocrx_word' id='word_1_355' title='bbox 939 3307 975 3368; x_wconf 87' lang='lat' dir='ltr'>ob</span> <span class='ocrx_word' id='word_1_356' title='bbox 999 3307 1133 3369; x_wconf 83' lang='lat' dir='ltr'>bostiboe</span> <span class='ocrx_word' id='word_1_357' title='bbox 1153 3325 1218 3386; x_wconf 79' lang='lat' dir='ltr'>pon</span> <span class='ocrx_word' id='word_1_358' title='bbox 1238 3310 1271 3368; x_wconf 85' lang='lat' dir='ltr'>r&#39;o</span> <span class='ocrx_word' id='word_1_359' title='bbox 1293 3325 1356 3367; x_wconf 86' lang='lat' dir='ltr'>eom</span> 
     </span>
     <span class='ocr_line' id='line_1_36' title="bbox 147 3389 1354 3474; baseline -0.004 -20"><span class='ocrx_word' id='word_1_360' title='bbox 147 3395 297 3456; x_wconf 77' lang='lat' dir='ltr'>saeuiendi</span> <span class='ocrx_word' id='word_1_361' title='bbox 319 3395 470 3454; x_wconf 81' lang='lat' dir='ltr'>lasciuiam</span> <span class='ocrx_word' id='word_1_362' title='bbox 489 3393 667 3474; x_wconf 79' lang='lat' dir='ltr'>plerumque</span> <span class='ocrx_word' id='word_1_363' title='bbox 688 3397 845 3454; x_wconf 82' lang='lat' dir='ltr'>convertit.</span> <span class='ocrx_word' id='word_1_364' title='bbox 890 3391 941 3452; x_wconf 81' lang='lat' dir='ltr'>l‘ix</span> <span class='ocrx_word' id='word_1_365' title='bbox 964 3390 1076 3463; x_wconf 91' lang='lat' dir='ltr'>dubito,</span> <span class='ocrx_word' id='word_1_366' title='bbox 1103 3391 1175 3472; x_wconf 88' lang='lat' dir='ltr'>quin</span> <span class='ocrx_word' id='word_1_367' title='bbox 1197 3391 1251 3452; x_wconf 93' lang='lat' dir='ltr'>alia</span> <span class='ocrx_word' id='word_1_368' title='bbox 1272 3389 1354 3468; x_wconf 82' lang='lat' dir='ltr'>cogi-</span> 
     </span>
     <span class='ocr_line' id='line_1_37' title="bbox 148 3475 1354 3556; baseline -0.003 -18"><span class='ocrx_word' id='word_1_369' title='bbox 148 3477 264 3548; x_wconf 83' lang='lat' dir='ltr'>taverit,</span> <span class='ocrx_word' id='word_1_370' title='bbox 287 3496 353 3538; x_wconf 87' lang='lat' dir='ltr'>curn</span> <span class='ocrx_word' id='word_1_371' title='bbox 376 3477 420 3540; x_wconf 88' lang='lat' dir='ltr'>sic</span> <span class='ocrx_word' id='word_1_372' title='bbox 441 3477 593 3540; x_wconf 86' lang='lat' dir='ltr'>scriberet.</span> <span class='ocrx_word' id='word_1_373' title='bbox 638 3477 740 3550; x_wconf 83' lang='lat' dir='ltr'>Quod,</span> <span class='ocrx_word' id='word_1_374' title='bbox 768 3496 893 3556; x_wconf 83' lang='lat' dir='ltr'>quaeso,</span> <span class='ocrx_word' id='word_1_375' title='bbox 923 3475 1068 3536; x_wconf 84' lang='lat' dir='ltr'>vinculum</span> <span class='ocrx_word' id='word_1_376' title='bbox 1091 3477 1194 3538; x_wconf 89' lang='lat' dir='ltr'>barum</span> <span class='ocrx_word' id='word_1_377' title='bbox 1215 3475 1354 3555; x_wconf 92' lang='lat' dir='ltr'>proposi·</span> 
     </span>
     <span class='ocr_line' id='line_1_38' title="bbox 147 3560 1357 3640; baseline -0.003 -18"><span class='ocrx_word' id='word_1_378' title='bbox 147 3562 275 3624; x_wconf 89' lang='lat' dir='ltr'>tionum:</span> <span class='ocrx_word' id='word_1_379' title='bbox 308 3561 387 3622; x_wconf 82' lang='lat' dir='ltr'>bello</span> <span class='ocrx_word' id='word_1_380' title='bbox 410 3561 534 3623; x_wconf 86' lang='lat' dir='ltr'>llourani</span> <span class='ocrx_word' id='word_1_381' title='bbox 556 3564 674 3623; x_wconf 90' lang='lat' dir='ltr'>luerunt</span> <span class='ocrx_word' id='word_1_382' title='bbox 695 3561 833 3640; x_wconf 89' lang='lat' dir='ltr'>implicati</span> <span class='ocrx_word' id='word_1_383' title='bbox 855 3569 899 3621; x_wconf 90' lang='lat' dir='ltr'>el:</span> <span class='ocrx_word' id='word_1_384' title='bbox 932 3561 1087 3622; x_wconf 86' lang='lat' dir='ltr'>Cluistiani</span> <span class='ocrx_word' id='word_1_385' title='bbox 1114 3560 1186 3622; x_wconf 90' lang='lat' dir='ltr'>nibil</span> <span class='ocrx_word' id='word_1_386' title='bbox 1212 3561 1357 3620; x_wconf 91' lang='lat' dir='ltr'>malorum</span> 
     </span>
     <span class='ocr_line' id='line_1_39' title="bbox 147 3642 1357 3724; baseline -0.005 -16"><span class='ocrx_word' id='word_1_387' title='bbox 147 3645 291 3708; x_wconf 76' lang='lat' dir='ltr'>sensere?</span> <span class='ocrx_word' id='word_1_388' title='bbox 334 3645 392 3708; x_wconf 79' lang='lat' dir='ltr'>Aut</span> <span class='ocrx_word' id='word_1_389' title='bbox 412 3646 483 3706; x_wconf 90' lang='lat' dir='ltr'>nibil</span> <span class='ocrx_word' id='word_1_390' title='bbox 507 3665 560 3724; x_wconf 81' lang='lat' dir='ltr'>ego</span> <span class='ocrx_word' id='word_1_391' title='bbox 583 3647 712 3724; x_wconf 78' lang='lat' dir='ltr'>intelligo</span> <span class='ocrx_word' id='word_1_392' title='bbox 751 3657 801 3708; x_wconf 91' lang='lat' dir='ltr'>aul</span> <span class='ocrx_word' id='word_1_393' title='bbox 828 3646 948 3708; x_wconf 88' lang='lat' dir='ltr'>nullum.</span> <span class='ocrx_word' id='word_1_394' title='bbox 1007 3646 1119 3706; x_wconf 84' lang='lat' dir='ltr'>Medios</span> <span class='ocrx_word' id='word_1_395' title='bbox 1142 3646 1217 3705; x_wconf 89' lang='lat' dir='ltr'>inter</span> <span class='ocrx_word' id='word_1_396' title='bbox 1240 3642 1357 3703; x_wconf 88' lang='lat' dir='ltr'>maximi</span> 
     </span>
     <span class='ocr_line' id='line_1_40' title="bbox 147 3726 1356 3810; baseline -0.007 -16"><span class='ocrx_word' id='word_1_397' title='bbox 147 3731 214 3794; x_wconf 89' lang='lat' dir='ltr'>belli</span> <span class='ocrx_word' id='word_1_398' title='bbox 251 3733 383 3810; x_wconf 77' lang='lat' dir='ltr'>fragores</span> <span class='ocrx_word' id='word_1_399' title='bbox 420 3731 589 3792; x_wconf 84' lang='lat' dir='ltr'>Valerianus</span> <span class='ocrx_word' id='word_1_400' title='bbox 625 3731 753 3791; x_wconf 84' lang='lat' dir='ltr'>inlinitar</span> <span class='ocrx_word' id='word_1_401' title='bbox 791 3730 965 3792; x_wconf 85' lang='lat' dir='ltr'>Cluistianis</span> <span class='ocrx_word' id='word_1_402' title='bbox 1003 3729 1154 3790; x_wconf 86' lang='lat' dir='ltr'>molestias</span> <span class='ocrx_word' id='word_1_403' title='bbox 1193 3726 1356 3788; x_wconf 82' lang='lat' dir='ltr'>exhibebat.</span> 
     </span>
     <span class='ocr_line' id='line_1_41' title="bbox 149 3809 1358 3893; baseline -0.004 -18"><span class='ocrx_word' id='word_1_404' title='bbox 149 3816 276 3878; x_wconf 83' lang='lat' dir='ltr'>Glariora</span> <span class='ocrx_word' id='word_1_405' title='bbox 299 3815 492 3888; x_wconf 77' lang='lat' dir='ltr'>haederam,</span> <span class='ocrx_word' id='word_1_406' title='bbox 523 3815 547 3875; x_wconf 92' lang='lat' dir='ltr'>si</span> <span class='ocrx_word' id='word_1_407' title='bbox 570 3814 734 3876; x_wconf 88' lang='lat' dir='ltr'>distinctius</span> <span class='ocrx_word' id='word_1_408' title='bbox 757 3815 821 3875; x_wconf 90' lang='lat' dir='ltr'>eius</span> <span class='ocrx_word' id='word_1_409' title='bbox 844 3814 986 3893; x_wconf 87' lang='lat' dir='ltr'>temporis</span> <span class='ocrx_word' id='word_1_410' title='bbox 1008 3814 1083 3874; x_wconf 89' lang='lat' dir='ltr'>bella</span> <span class='ocrx_word' id='word_1_411' title='bbox 1106 3814 1279 3873; x_wconf 86' lang='lat' dir='ltr'>iutueamur.</span> <span class='ocrx_word' id='word_1_412' title='bbox 1324 3809 1358 3870; x_wconf 92' lang='lat' dir='ltr'>ln</span> 
     </span>
     <span class='ocr_line' id='line_1_42' title="bbox 151 3897 1356 3978; baseline -0.005 -18"><span class='ocrx_word' id='word_1_413' title='bbox 151 3900 279 3962; x_wconf 89' lang='lat' dir='ltr'>Orientis</span> <span class='ocrx_word' id='word_1_414' title='bbox 307 3899 477 3978; x_wconf 84' lang='lat' dir='ltr'>regionibus</span> <span class='ocrx_word' id='word_1_415' title='bbox 515 3908 543 3960; x_wconf 87' lang='lat' dir='ltr'>et</span> <span class='ocrx_word' id='word_1_416' title='bbox 569 3898 665 3960; x_wconf 71' lang='lat' dir='ltr'>Gallia</span> <span class='ocrx_word' id='word_1_417' title='bbox 698 3898 815 3958; x_wconf 85' lang='lat' dir='ltr'>militiae</span> <span class='ocrx_word' id='word_1_418' title='bbox 847 3899 968 3960; x_wconf 87' lang='lat' dir='ltr'>vacabat</span> <span class='ocrx_word' id='word_1_419' title='bbox 998 3899 1035 3960; x_wconf 86' lang='lat' dir='ltr'>iis</span> <span class='ocrx_word' id='word_1_420' title='bbox 1068 3897 1153 3957; x_wconf 90' lang='lat' dir='ltr'>annis</span> <span class='ocrx_word' id='word_1_421' title='bbox 1187 3897 1356 3974; x_wconf 87' lang='lat' dir='ltr'>imperator.</span> 
     </span>
     <span class='ocr_line' id='line_1_43' title="bbox 151 3979 1359 4064; baseline -0.003 -20"><span class='ocrx_word' id='word_1_422' title='bbox 151 3984 249 4045; x_wconf 85' lang='lat' dir='ltr'>Fuerit</span> <span class='ocrx_word' id='word_1_423' title='bbox 271 3985 343 4057; x_wconf 85' lang='lat' dir='ltr'>ibic,</span> <span class='ocrx_word' id='word_1_424' title='bbox 376 3983 455 4064; x_wconf 89' lang='lat' dir='ltr'>quod</span> <span class='ocrx_word' id='word_1_425' title='bbox 477 3984 621 4064; x_wconf 86' lang='lat' dir='ltr'>tantisper</span> <span class='ocrx_word' id='word_1_426' title='bbox 643 3983 815 4054; x_wconf 86' lang='lat' dir='ltr'>concedam,</span> <span class='ocrx_word' id='word_1_427' title='bbox 849 3983 879 4043; x_wconf 94' lang='lat' dir='ltr'>in</span> <span class='ocrx_word' id='word_1_428' title='bbox 901 3983 1045 4043; x_wconf 89' lang='lat' dir='ltr'>diviniore</span> <span class='ocrx_word' id='word_1_429' title='bbox 1066 3988 1151 4041; x_wconf 90' lang='lat' dir='ltr'>coetu</span> <span class='ocrx_word' id='word_1_430' title='bbox 1173 3999 1243 4059; x_wconf 90' lang='lat' dir='ltr'>pax:</span> <span class='ocrx_word' id='word_1_431' title='bbox 1281 3979 1359 4058; x_wconf 79' lang='lat' dir='ltr'>quod</span> 
     </span>
     <span class='ocr_line' id='line_1_44' title="bbox 151 4063 1357 4149; baseline -0.005 -20"><span class='ocrx_word' id='word_1_432' title='bbox 151 4087 220 4144; x_wconf 84' lang='lat' dir='ltr'>yero</span> <span class='ocrx_word' id='word_1_433' title='bbox 243 4068 311 4130; x_wconf 89' lang='lat' dir='ltr'>binc</span> <span class='ocrx_word' id='word_1_434' title='bbox 332 4068 547 4149; x_wconf 84' lang='lat' dir='ltr'>provinciarum</span> <span class='ocrx_word' id='word_1_435' title='bbox 570 4069 690 4130; x_wconf 92' lang='lat' dir='ltr'>aliarum</span> <span class='ocrx_word' id='word_1_436' title='bbox 718 4067 890 4146; x_wconf 89' lang='lat' dir='ltr'>praelectis,</span> <span class='ocrx_word' id='word_1_437' title='bbox 928 4067 1007 4146; x_wconf 86' lang='lat' dir='ltr'>quod</span> <span class='ocrx_word' id='word_1_438' title='bbox 1035 4065 1112 4143; x_wconf 91' lang='lat' dir='ltr'>plebi</span> <span class='ocrx_word' id='word_1_439' title='bbox 1141 4073 1203 4125; x_wconf 90' lang='lat' dir='ltr'>erat</span> <span class='ocrx_word' id='word_1_440' title='bbox 1231 4063 1357 4144; x_wconf 90' lang='lat' dir='ltr'>impedi·</span> 
     </span>
     <span class='ocr_line' id='line_1_45' title="bbox 151 4148 1357 4232; baseline -0.005 -18"><span class='ocrx_word' id='word_1_441' title='bbox 151 4159 371 4232; x_wconf 69' lang='lat' dir='ltr'>mentumque</span> <span class='ocrx_word' id='word_1_442' title='bbox 393 4154 489 4215; x_wconf 91' lang='lat' dir='ltr'>minus</span> <span class='ocrx_word' id='word_1_443' title='bbox 512 4153 695 4215; x_wconf 86' lang='lat' dir='ltr'>Christianos</span> <span class='ocrx_word' id='word_1_444' title='bbox 715 4151 745 4212; x_wconf 92' lang='lat' dir='ltr'>in</span> <span class='ocrx_word' id='word_1_445' title='bbox 768 4152 813 4214; x_wconf 88' lang='lat' dir='ltr'>ius</span> <span class='ocrx_word' id='word_1_446' title='bbox 834 4149 996 4212; x_wconf 73' lang='lat' dir='ltr'>vocarent?</span> <span class='ocrx_word' id='word_1_447' title='bbox 1041 4148 1118 4220; x_wconf 80' lang='lat' dir='ltr'>Ouid</span> <span class='ocrx_word' id='word_1_448' title='bbox 1139 4149 1248 4223; x_wconf 89' lang='lat' dir='ltr'>notius,</span> <span class='ocrx_word' id='word_1_449' title='bbox 1279 4165 1357 4208; x_wconf 91' lang='lat' dir='ltr'>nun·</span> 
     </span>
     <span class='ocr_line' id='line_1_46' title="bbox 151 4233 1356 4316; baseline -0.005 -18"><span class='ocrx_word' id='word_1_450' title='bbox 151 4257 238 4316; x_wconf 84' lang='lat' dir='ltr'>quam</span> <span class='ocrx_word' id='word_1_451' title='bbox 259 4239 399 4300; x_wconf 88' lang='lat' dir='ltr'>maiorem</span> <span class='ocrx_word' id='word_1_452' title='bbox 424 4237 566 4300; x_wconf 86' lang='lat' dir='ltr'>scelerum</span> <span class='ocrx_word' id='word_1_453' title='bbox 589 4237 789 4316; x_wconf 85' lang='lat' dir='ltr'>impunitatem</span> <span class='ocrx_word' id='word_1_454' title='bbox 812 4255 880 4296; x_wconf 90' lang='lat' dir='ltr'>esse</span> <span class='ocrx_word' id='word_1_455' title='bbox 903 4255 988 4313; x_wconf 82' lang='lat' dir='ltr'>quam</span> <span class='ocrx_word' id='word_1_456' title='bbox 1011 4233 1094 4294; x_wconf 87' lang='lat' dir='ltr'>bellis</span> <span class='ocrx_word' id='word_1_457' title='bbox 1118 4233 1216 4295; x_wconf 91' lang='lat' dir='ltr'>omnia</span> <span class='ocrx_word' id='word_1_458' title='bbox 1236 4242 1356 4294; x_wconf 84' lang='lat' dir='ltr'>vastan-</span> 
     </span>
     <span class='ocr_line' id='line_1_47' title="bbox 150 4317 1357 4401; baseline -0.004 -18"><span class='ocrx_word' id='word_1_459' title='bbox 150 4320 255 4384; x_wconf 79' lang='lat' dir='ltr'>tibus?</span> <span class='ocrx_word' id='word_1_460' title='bbox 278 4321 354 4395; x_wconf 87' lang='lat' dir='ltr'>Quid</span> <span class='ocrx_word' id='word_1_461' title='bbox 376 4323 519 4401; x_wconf 77' lang='lat' dir='ltr'>vulgatius</span> <span class='ocrx_word' id='word_1_462' title='bbox 542 4323 667 4401; x_wconf 83' lang='lat' dir='ltr'>denique</span> <span class='ocrx_word' id='word_1_463' title='bbox 689 4321 818 4399; x_wconf 86' lang='lat' dir='ltr'>gentium</span> <span class='ocrx_word' id='word_1_464' title='bbox 834 4319 879 4379; x_wconf 91' lang='lat' dir='ltr'>illa</span> <span class='ocrx_word' id='word_1_465' title='bbox 896 4317 1118 4390; x_wconf 82' lang='lat' dir='ltr'>consuetudine,</span> <span class='ocrx_word' id='word_1_466' title='bbox 1142 4339 1214 4398; x_wconf 89' lang='lat' dir='ltr'>quae</span> <span class='ocrx_word' id='word_1_467' title='bbox 1229 4318 1357 4379; x_wconf 85' lang='lat' dir='ltr'>maiores</span> 
     </span>
     <span class='ocr_line' id='line_1_48' title="bbox 150 4402 1357 4486; baseline -0.005 -16"><span class='ocrx_word' id='word_1_468' title='bbox 150 4427 298 4486; x_wconf 80' lang='lat' dir='ltr'>nurrquaur</span> <span class='ocrx_word' id='word_1_469' title='bbox 322 4407 455 4468; x_wconf 89' lang='lat' dir='ltr'>miserias</span> <span class='ocrx_word' id='word_1_470' title='bbox 478 4407 585 4467; x_wconf 87' lang='lat' dir='ltr'>Christi</span> <span class='ocrx_word' id='word_1_471' title='bbox 607 4407 744 4468; x_wconf 85' lang='lat' dir='ltr'>creabant</span> <span class='ocrx_word' id='word_1_472' title='bbox 765 4402 926 4482; x_wconf 68' lang='lat' dir='ltr'>discipulis</span> <span class='ocrx_word' id='word_1_473' title='bbox 956 4422 1041 4482; x_wconf 88' lang='lat' dir='ltr'>quarn</span> <span class='ocrx_word' id='word_1_474' title='bbox 1064 4421 1129 4463; x_wconf 89' lang='lat' dir='ltr'>cum</span> <span class='ocrx_word' id='word_1_475' title='bbox 1151 4404 1232 4464; x_wconf 90' lang='lat' dir='ltr'>orbis</span> <span class='ocrx_word' id='word_1_476' title='bbox 1246 4404 1357 4465; x_wconf 87' lang='lat' dir='ltr'>Roma·</span> 
     </span>
     <span class='ocr_line' id='line_1_49' title="bbox 151 4485 1358 4570; baseline -0.005 -18"><span class='ocrx_word' id='word_1_477' title='bbox 151 4511 208 4552; x_wconf 89' lang='lat' dir='ltr'>nus</span> <span class='ocrx_word' id='word_1_478' title='bbox 231 4493 343 4554; x_wconf 89' lang='lat' dir='ltr'>bellicis</span> <span class='ocrx_word' id='word_1_479' title='bbox 366 4491 488 4570; x_wconf 85' lang='lat' dir='ltr'>aliisque</span> <span class='ocrx_word' id='word_1_480' title='bbox 516 4491 725 4552; x_wconf 86' lang='lat' dir='ltr'>calamitatibus</span> <span class='ocrx_word' id='word_1_481' title='bbox 753 4485 958 4568; x_wconf 79' lang='lat' dir='ltr'>premeretur?</span> <span class='ocrx_word' id='word_1_482' title='bbox 1002 4488 1120 4566; x_wconf 81' lang='lat' dir='ltr'>Rogati,</span> <span class='ocrx_word' id='word_1_483' title='bbox 1154 4489 1224 4568; x_wconf 88' lang='lat' dir='ltr'>quid</span> <span class='ocrx_word' id='word_1_484' title='bbox 1252 4505 1358 4548; x_wconf 84' lang='lat' dir='ltr'>causae</span> 
     </span>
     <span class='ocr_line' id='line_1_50' title="bbox 152 4571 1359 4662; baseline -0.007 -24"><span class='ocrx_word' id='word_1_485' title='bbox 152 4587 241 4650; x_wconf 75' lang='lat' dir='ltr'>esset,</span> <span class='ocrx_word' id='word_1_486' title='bbox 265 4577 418 4644; x_wconf 83' lang='lat' dir='ltr'>sacrificuli</span> <span class='ocrx_word' id='word_1_487' title='bbox 441 4595 557 4637; x_wconf 87' lang='lat' dir='ltr'>omnem</span> <span class='ocrx_word' id='word_1_488' title='bbox 580 4577 611 4636; x_wconf 93' lang='lat' dir='ltr'>in</span> <span class='ocrx_word' id='word_1_489' title='bbox 622 4573 795 4662; x_wconf 81' lang='lat' dir='ltr'>Christianis</span> <span class='ocrx_word' id='word_1_490' title='bbox 817 4573 946 4634; x_wconf 87' lang='lat' dir='ltr'>residere</span> <span class='ocrx_word' id='word_1_491' title='bbox 969 4571 1081 4652; x_wconf 87' lang='lat' dir='ltr'>culpam</span> <span class='ocrx_word' id='word_1_492' title='bbox 1104 4573 1284 4636; x_wconf 85' lang='lat' dir='ltr'>confidenter</span> <span class='ocrx_word' id='word_1_493' title='bbox 1298 4571 1359 4632; x_wconf 91' lang='lat' dir='ltr'>cla-</span> 
     </span>
    </p>
   </div>
   <div class='ocr_carea' id='block_1_7' title="bbox 1110 4673 1157 4724">
    <p class='ocr_par' dir='ltr' id='par_1_7' title="bbox 1110 4673 1157 4724">
     <span class='ocr_line' id='line_1_51' title="bbox 1110 4673 1157 4724; baseline 0 0"><span class='ocrx_word' id='word_1_494' title='bbox 1110 4673 1157 4724; x_wconf 77' lang='grc'>32*</span> 
     </span>
    </p>
   </div>
   <div class='ocr_carea' id='block_1_8' title="bbox 0 0 1612 5250">
    <p class='ocr_par' dir='ltr' id='par_1_8' title="bbox 0 0 1612 5250">
     <span class='ocr_line' id='line_1_52' title="bbox 0 0 1612 5250; baseline 0 0"><span class='ocrx_word' id='word_1_495' title='bbox 0 0 1612 5250; x_wconf 95' lang='lat' dir='ltr'> </span> 
     </span>
    </p>
   </div>
  </div>
 </body>
</html>
