3078 5248
444 415 581 460 eucrotia
601 417 643 460 io.
666 417 732 461 aus.
759 419 921 464 namnam.
1231 411 1297 474 547

65 562 125 624 iam
145 561 314 624 inimicitias
338 582 404 625 curn
428 564 600 628 orthodoxa
621 565 753 630 Ecclesia
776 568 974 632 Tertullianus
996 574 1190 654 suscepisset.
1232 576 1293 642 Sad

65 645 124 708 iam
146 647 183 708 ad
203 646 297 709 libros
320 647 406 728 ipsos
421 649 588 736 ¹veniamus.
1077 687 1081 694 -

638 822 667 895 s.
691 821 724 879 v.

152 932 195 993 Ex
216 932 264 992 his
287 933 414 1011 primum
436 936 660 1013 pertractandos
682 938 875 1016 promisimus
898 957 962 1012 eos,
986 953 1112 1020 quorum
1134 961 1190 1004 nec
1211 953 1291 1006 aetas

63 1033 122 1076 nec
144 1016 278 1078 doctrina
299 1017 388 1078 dubia
409 1017 566 1080 admodum
594 1029 695 1094 esset;
724 1022 755 1083 in
782 1022 889 1104 quibus
918 1033 988 1086 sunt
1015 1025 1119 1106 primo
1141 1027 1206 1088 loco
1233 1046 1291 1107 po-

64 1100 167 1173 nendi,
191 1120 266 1179 quos
290 1102 416 1180 scriptos
440 1121 506 1164 esse
528 1112 645 1165 constat
668 1125 703 1166 eo
722 1114 866 1186 tempore,
888 1127 947 1188 quo
963 1109 1175 1172 calamitatibus
1190 1111 1292 1174 multis

63 1183 225 1246 Christiani
270 1193 409 1270 regnante
442 1186 552 1248 Severo
585 1191 656 1268 hug.
696 1200 819 1270 propter
851 1191 1016 1254 doctrinam
1045 1195 1249 1274 affligebantur
1276 1217 1292 1258 a

62 1269 191 1330 deorum
215 1269 388 1330 cultoribus.
433 1271 568 1344 Quorum
591 1282 671 1335 aetas
694 1293 760 1336 cum
783 1275 838 1337 rita
860 1276 938 1338 haud
961 1287 1047 1356 queat
1075 1279 1200 1354 deliniri,
1232 1281 1290 1342 nisi

63 1355 173 1431 ligatur
194 1353 264 1415 illud
288 1354 372 1432 quasi
394 1363 535 1433 punctum
558 1358 713 1436 temporis,
742 1378 800 1438 quo
830 1369 934 1440 coepta
963 1369 1009 1424 est
1038 1362 1179 1425 adversus
1202 1363 1290 1426 Chri-

64 1439 181 1499 stianos
205 1439 343 1499 saevitia:
371 1438 401 1499 id
429 1459 549 1518 agamus
577 1437 703 1502 necesse
731 1453 792 1516 est,
823 1454 871 1518 ut,
906 1465 1033 1524 quonam
1062 1447 1134 1508 haec
1158 1457 1292 1528 tempore

63 1521 233 1601 contigerit,
266 1522 454 1602 perspicuum
485 1525 623 1587 omnibus
658 1527 717 1587 liat.
762 1528 819 1590 Sed
851 1529 908 1590 ista
935 1531 1050 1591 vexatio
1079 1533 1218 1611 quoniam
1243 1533 1291 1596 bis

64 1606 177 1680 extitit,
210 1607 339 1687 primum
371 1607 490 1686 quidem
528 1617 606 1682 ante,
639 1611 745 1672 deinde
771 1621 842 1692 post
875 1613 955 1693 leges
984 1614 1085 1676 Severi
1114 1616 1291 1680 Christianis

64 1691 216 1780 inimicas:
241 1691 426 1752 observando
450 1691 615 1762 didicimus,
638 1713 746 1756 annum
774 1716 790 1758 a
814 1696 931 1760 Christo
960 1707 1028 1760 nato
1052 1698 1291 1764 ducentesimum

64 1774 160 1835 libros
183 1775 354 1836 Tertulliani
377 1776 506 1839 dividere
530 1779 613 1858 quasi
636 1779 667 1840 in
696 1779 768 1842 duas
792 1781 912 1853 classes,
946 1801 1069 1864 quarum
1093 1785 1184 1846 altera
1206 1805 1290 1848 com-

63 1859 203 1936 plectitur
224 1860 296 1933 bos,
324 1861 373 1938 qui
402 1870 470 1922 sunt
500 1862 535 1923 ab
558 1881 594 1923 eo
618 1863 802 1940 Ortbodoxo,
833 1867 923 1927 altera
946 1886 1009 1941 eos,
1033 1869 1082 1948 qui
1105 1869 1232 1932 suntab
1255 1887 1291 1931 eo

66 1943 244 2004 hlontanista
286 1945 420 2023 proiecti.
485 1946 577 2008 Nobis
616 1947 714 2027 itaque
754 1969 820 2012 cum
863 1951 901 2011 sit
935 1953 1124 2031 propositum
1141 1959 1143 1966 ’
1162 1955 1292 2033 primum

66 2027 214 2105 dispicere
231 2027 267 2088 de
289 2047 323 2090 eo
346 2047 454 2109 genere
476 2029 618 2092 librorum
635 2031 816 2108 Tertulliani,
839 2054 963 2114 quorum
983 2044 1062 2097 aetas
1079 2037 1157 2098 satis
1178 2037 1290 2116 liquido

66 2121 193 2185 constat,
215 2113 255 2174 ita
277 2113 306 2172 in
329 2113 387 2175 boc
408 2115 560 2176 tractando
588 2116 781 2189 versabimur,
809 2127 843 2179 ut
863 2120 1113 2193 demonstremus,
1143 2121 1200 2181 iani
1223 2129 1292 2182 anto

66 2197 169 2257 Severi
192 2197 318 2258 edictum
342 2197 526 2262 Christianos
548 2201 641 2262 fuisse
669 2211 792 2281 propter
820 2203 985 2265 doctrinam
1007 2213 1145 2278 venatos,
1174 2206 1290 2281 deinde,

64 2282 167 2360 paucis
190 2281 366 2362 quibusdam
389 2283 425 2344 de
449 2283 512 2362 ipsa
534 2285 622 2346 huius
645 2286 754 2365 prioris
778 2289 961 2368 tempestatis
983 2288 1098 2350 ratione
1126 2288 1289 2369 adsparsis,
1351 2347 1358 2352 .

67 2365 97 2425 in
121 2385 239 2440 annum,
262 2384 321 2446 quo
343 2367 400 2427 ista
423 2369 541 2430 afflictio
564 2369 679 2430 initium
704 2371 824 2450 ceperit,
848 2382 981 2435 accurate
1004 2374 1196 2452 inquiramus.

616 2559 655 2632 ,a
679 2555 725 2617 vr.

152 2671 252 2750 Culpa,
281 2690 333 2732 eur
362 2673 524 2734 erraverint
551 2671 634 2733 multi
662 2673 692 2732 in
722 2672 886 2736 delinienda
913 2669 1016 2734 sorun'i
1044 2673 1188 2736 librorum
1211 2675 1289 2736 Ter-

66 2755 178 2818 tulliani
201 2763 304 2828 aetate,
327 2756 377 2834 qui
399 2763 533 2835 ternpore
559 2757 722 2818 vexationis
744 2757 921 2818 Seuerianae
948 2757 1049 2836 scripti
1078 2765 1163 2830 sunt,
1192 2758 1222 2818 in
1252 2777 1289 2820 eo

67 2848 115 2901 ost
145 2839 222 2900 baud
255 2838 353 2914 dubie,
387 2841 466 2918 quod
493 2858 555 2900 non
583 2840 719 2914 viderint,
753 2849 870 2903 etanta
893 2840 1122 2918 Scuerilegem,
1155 2859 1211 2922 qua
1234 2859 1294 2902 su-.

66 2923 247 3002 scipiendam
269 2924 505 2985 christianorum
526 2924 700 3002 religionem
724 2926 832 2996 vetuit,
862 2924 985 2984 deorum
1013 2924 1142 2984 cultore's
1165 2943 1288 2986 vexasse

68 3007 261 3070 Cluiatianoa.
304 3007 347 3069 lta
383 3008 461 3069 enini
495 3009 602 3070 lactum
639 3017 693 3080 est,
723 3016 765 3077 ut.
796 3026 862 3069 cum
891 3008 968 3068 inter
996 3025 1099 3070 omnes
1127 3017 1288 3082 constaret,

67 3111 145 3152 anno
174 3092 293 3154 demum
316 3111 344 3172 p.
370 3092 401 3152 C.
424 3093 459 3152 N.
483 3092 565 3153 cett.
589 3093 665 3154 banc
691 3093 786 3171 legem
813 3111 830 3152 a
852 3093 961 3153 Severo
991 3092 1078 3152 latam
1107 3109 1190 3164 esse,
1220 3091 1289 3154 libri

66 3176 116 3237 isti
138 3195 243 3238 omnes
265 3185 335 3255 post
356 3176 446 3239 istum
467 3195 576 3238 annum
599 3176 696 3255 inepte
720 3186 911 3255 ponerentur.
945 3176 1039 3254 Atque
1062 3177 1181 3236 suerunt
1201 3175 1288 3242 iden·

69 3262 157 3322 tidem
180 3261 323 3332 nonnulli,
346 3260 395 3338 qui
418 3261 476 3322 hoc
496 3260 615 3339 quidem
637 3280 703 3322 eum
725 3261 808 3322 libris
830 3261 904 3340 ipsis
921 3277 1052 3339 pugnare
1067 3260 1288 3338 perspicerent;

67 3346 121 3405 sed
143 3363 239 3424 neque
261 3346 291 3406 bi
314 3346 465 3406 veritatem
489 3345 655 3424 attigerunt,
678 3353 851 3425 propterea,
869 3345 948 3425 quod
970 3344 1090 3424 antiqua
1110 3343 1214 3406 barum
1236 3363 1287 3406 re-

66 3448 132 3489 rum
155 3437 345 3490 monumenta
367 3447 423 3492 nec
448 3429 570 3492 candide
599 3448 654 3491 nec
681 3430 851 3510 prudenter,
881 3437 1029 3510 tamquam
1057 3428 1164 3500 duces,
1193 3429 1287 3490 secuti

67 3517 194 3574 luerunt.
238 3513 338 3592 Itaque
361 3513 494 3576 maximis
515 3513 649 3576 laudibus
670 3515 776 3592 dignus
799 3523 846 3577 est
867 3513 911 3575 vir
931 3511 1105 3574 immortalis
1128 3513 1289 3576 memoriae

69 3599 110 3658 lo.
133 3597 309 3659 Laurentius
332 3598 526 3672 bloshemiuS,
550 3591 568 3660 ὁ
588 3603 785 3684 μακαρίτης,
819 3599 879 3677 qui.
908 3607 1064 3677 postquam
1085 3613 1121 3656 eo
1144 3614 1210 3689 quo.
1226 3604 1290 3656 erat

66 3683 201 3744 acumine
223 3682 370 3761 animique
403 3683 531 3743 candore
559 3701 675 3744 summo
703 3683 895 3761 inquisiverat
921 3682 951 3742 in
979 3681 1055 3740 bane
1076 3697 1140 3739 rein
1162 3679 1288 3772 diligen·

69 3767 138 3838 tius,
160 3767 249 3828 istum
272 3785 404 3828 errorem
431 3766 679 3846 exquisitissimos
707 3766 888 3844 argumentis
916 3763 1072 3842 explositfl.
1125 3761 1219 3838 Atque
1240 3761 1290 3854 hic

68 3859 166 3911 tantus
190 3851 234 3912 vir
257 3850 354 3912 effecit
375 3851 524 3930 diligentia
540 3869 603 3922 sua,
626 3857 659 3912 ut
674 3850 761 3910 n‘ohis
778 3850 807 3909 in
826 3845 1125 3939 demonstrandahac
1139 3863 1171 3938 rc
1187 3843 1287 3904 multis

67 3935 261 3995 laborandum
282 3953 343 3995 non
365 3934 413 3996 sit.
447 3935 564 4006 ·Quam
587 3933 625 3994 ob
648 3952 711 3994 rem
730 3951 770 3994 ne
792 3940 911 3992 careant
932 3939 1082 4022 tamenn,
1106 3926 1212 4010 qmbus
1232 3927 1287 4022 da-

68 4028 131 4079 tum
153 4036 214 4079 non
237 4026 283 4080 est
304 4018 455 4098 perlegere
483 4019 577 4097 ipsam
611 4016 859 4096 elegantissimam
889 4015 1139 4104 dissertationem,
1172 4027 1298 4106 graiis-⁴

67 4102 154 4162 simis
181 4103 371 4180 argumentis,
399 4103 507 4183 quibus
537 4098 715 4164 calamitates
743 4099 977 4160 Christianorum
1006 4103 1133 4190 tempori
1161 4092 1288 4188 adamum

66 4185 173 4246 Severi
194 4194 365 4265 antegresso
389 4187 527 4258 asseruit,
550 4205 584 4246 ea
605 4185 693 4246 velmi
715 4185 746 4245 in
767 4181 942 4263 compendio
960 4178 1159 4251 recitabimus,
1181 4177 1288 4256 quibus

101 4371 123 4416 g.
142 4355 169 4404 ln
189 4357 396 4406 commentatione
419 4355 448 4404 da
466 4355 547 4406 delate
564 4354 654 4419 ipolo-
705 4346 821 4402 Daturum
841 4351 912 4400 atium
931 4361 958 4398 sa
976 4347 1121 4426 promiserat
1138 4347 1208 4395 sitam
1227 4347 1287 4422 Tar·-

64 4424 138 4484 getiei
163 4423 305 4472 Tertulliani
335 4431 358 4472 et
382 4423 451 4472 initio
477 4421 653 4471 Persecutiouis
705 4419 799 4468 tulliani
829 4417 994 4478 librorumque
1024 4429 1075 4462 eius
1107 4412 1287 4491 chronologiam

64 4490 258 4540 Christianorum
284 4491 330 4540 aab
354 4491 455 4549 Seuero,
482 4503 543 4552 quae
563 4491 652 4539 inserta
705 4485 878 4536 accuratiorem
903 4498 947 4540 aa,
966 4495 1041 4560 ¹quarn
1060 4480 1156 4530 tradidit
1174 4480 1287 4560 hilinum

64 4565 103 4606 est
122 4557 173 4606 Tol.
189 4559 205 4606 Ι.
231 4559 432 4607 Dissertationum
451 4559 503 4606 eius
522 4556 551 4604 ad
570 4557 651 4606 meio·
703 4555 738 4614 tt.
763 4553 902 4602 theiamum
928 4549 1084 4612 Epistularum
1116 4548 1289 4596 bacronanuin

62 4626 126 4672 riam
153 4623 247 4679 Ecalas.
277 4625 460 4689 pertinentium.
478 4638 533 4688 pag.
559 4623 571 4672 l
596 4637 649 4686 sqq.
704 4621 772 4672 Tem.
796 4619 815 4668 1.
840 4635 864 4683 p.
888 4616 956 4680 284.)
974 4617 1017 4668 aad
1034 4615 1065 4750 aa}
1073 4614 1200 4728 quasillum
1218 4621 1289 4677 post·
