3132 5238
178 457 183 474 1
253 387 294 450 54
469 397 661 442 BISSEBTthQ
683 397 721 440 DE
739 395 933 440 TEBTUbLthl
954 395 1020 438 VITA
1042 395 1080 436 tt'r
1102 395 1232 438 sementa

251 561 414 633 exceptum,
436 567 508 629 quas
530 565 596 610 cum
617 565 680 608 non
696 548 800 619 ¹terret,
821 545 1024 625 paracleticam
1045 555 1154 607 sectam
1175 552 1276 624 aperte
1296 545 1469 624 professum
1554 549 1555 565 ³

251 639 354 710 luisse,
376 655 411 698 ac
430 635 554 696 Romam
576 651 642 694 cum
664 631 721 692 lide
742 630 834 709 priori
856 631 1020 709 reliquisse.

335 723 442 784 Verum
469 719 542 779 haec
569 716 668 778 omnia
696 722 803 794 sponte
825 727 929 788 rumrt,
957 734 1024 777 cum
1044 714 1119 775 liber
1140 713 1316 774 de'Coroua
1337 715 1468 793 scriptus
1553 711 1555 740 ¹

251 808 291 870 sit
312 805 484 884 Cartbagine
499 821 517 864 a
531 800 702 863 Terttdlia'ni
723 799 833 860 iamdiu
854 799 1056 879 paradeticam
1078 807 1187 860 sectam
1208 799 1355 877 professo,
1376 807 1468 878 atque
1554 873 1555 878 γ

250 893 325 954 adeo
346 909 406 952 non
427 887 549 950 maioris
575 885 706 947 iacienda
727 894 811 958 sunt,
844 903 932 964 quam
959 885 1038 964 quod
1059 883 1203 963 Georgius
1226 891 1337 944 temere
1358 883 1471 945 ellutiit

251 985 336 1040 antea
363 984 425 1036 tum
447 973 557 1034 Romae
579 969 791 1031 Tertullianum
813 969 849 1030 ab
871 969 937 1048 ipso
960 988 1075 1030 summo
1108 967 1245 1048 pontifice
1277 968 1469 1047 baptiaahnn,

252 1069 314 1124 turn
342 1059 383 1120 illi
410 1057 513 1136 agendi
536 1051 740 1134 scribendique
762 1053 942 1133 provinciam
965 1053 1001 1115 ab
1023 1053 1151 1133 ipsomet
1172 1052 1305 1114 Romano
1326 1053 1470 1132 pontifice
1554 1055 1555 1082 ¹

251 1145 421 1224 delegatam,
444 1161 478 1203 ac
499 1140 624 1219 denique
646 1139 685 1200 ita
707 1137 872 1218 presbyteri
887 1139 1054 1217 suscepisse
1069 1138 1249 1216 dignitatem,
1269 1145 1304 1198 ut
1318 1137 1471 1199 Ecclesiae

251 1229 333 1302 nulli,
356 1227 435 1308 quod
456 1233 559 1306 postea
573 1223 752 1302 Hieronymo
775 1240 948 1284 concessum
970 1232 1024 1296 est,
1047 1221 1200 1301 speciatim
1222 1230 1302 1284 esset
1323 1221 1468 1284 addictus.
1539 1219 1555 1288 ‚³

253 1314 333 1388 Quot
353 1312 453 1385 rerba,
476 1317 519 1371 tot
540 1309 749 1381 aberrationes,
771 1316 804 1368 ut
825 1307 898 1368 nihil
919 1308 956 1368 de
977 1298 1192 1390 ἅνιστορησίᾳ
1214 1307 1317 1379 dicam,
1339 1325 1415 1386 quae
1438 1308 1471 1368 in

245 1397 377 1480 ‚singulis
400 1395 504 1457 eximia
526 1403 572 1455 est
593 1402 623 1454 et
642 1392 803 1471 seraphica.

336 1482 444 1543 Censet
463 1479 609 1540 Baronius
629 1477 754 1538 hmdiuo
775 1477 812 1537 ll.
835 1485 864 1536 et
885 1476 1035 1536 Frontone
1057 1475 1242 1549 consulibus,
1271 1475 1301 1536 id
1322 1483 1369 1537 est
1389 1493 1475 1536 anuo

252 1567 374 1629 CXCIX.
407 1568 479 1641 (non
506 1572 540 1626 ut
561 1563 609 1624 ille
630 1579 786 1643 perperam
808 1569 957 1640 computat
977 1561 1046 1622 CGl.
1068 1562 1193 1623 duorum
1216 1559 1360 1622 annorum
1381 1559 1470 1620 addi-

252 1653 333 1714 tione
361 1651 449 1722 lacta,
479 1667 553 1727 quos
574 1647 664 1708 Probi
685 1645 873 1724 imperatoris
894 1645 1069 1724 principatui
1091 1645 1219 1708 detrahit
1239 1645 1331 1706 altero
1353 1662 1467 1716 errore,
1552 1647 1555 1684 l

252 1735 305 1796 sed
327 1735 376 1813 qui
398 1733 477 1794 illum
500 1750 566 1792 cum
588 1732 736 1792 communi
758 1730 867 1792 calculo
888 1730 920 1790 in
941 1731 1064 1808 gratiam
1096 1730 1219 1806 reducit)
1256 1728 1467 1791 Tertullianum

252 1819 311 1881 iarn
332 1818 484 1878 immutato
507 1816 600 1877 luisse
622 1815 737 1876 auimo:
760 1815 791 1874 in
812 1833 870 1894 quo
893 1833 953 1876 non
969 1833 1098 1893 possum
1119 1814 1190 1894 quin
1212 1814 1252 1874 illi
1274 1811 1466 1887 consentiam,

252 1911 391 1983 quantum
414 1900 532 1981 quidem
554 1908 669 1979 tempus
692 1899 847 1960 obscurum
871 1899 1045 1960 coniecturis
1067 1898 1186 1977 assequi
1207 1915 1340 1978 possum.

339 1985 426 2058 Quod
447 2003 517 2045 vero
539 1991 622 2063 putat
642 1983 690 2044 ille
713 1983 823 2044 Romae
837 1984 1042 2045 blontanistam
1063 1985 1179 2056 lactum,
1202 1991 1321 2044 auctore
1342 1983 1472 2062 potissi·

253 2089 334 2134 mum
354 2089 389 2134 ac
410 2088 531 2132 suasore
545 2068 662 2140 Proolo‚
685 2086 720 2130 ex
742 2067 984 2130 hlontanistarum
1005 2069 1140 2129 sodalitio
1163 2068 1226 2129 viro
1248 2068 1391 2128 maximae
1413 2087 1471 2130 au·
1554 2081 1555 2098 ¹

254 2155 407 2227 ctoritatis,
430 2173 490 2215 non
512 2171 604 2232 aeque
626 2153 740 2231 placere
762 2160 869 2230 potest.
898 2153 939 2212 hc
960 2152 1021 2213 vult
1042 2153 1160 2231 quidam
1180 2152 1333 2214 Baronius‘
1348 2152 1473 2214 Tertul-
1554 2173 1555 2195 ι

255 2239 323 2302 liani
345 2238 457 2317 lapsum
478 2238 589 2298 Romae
611 2236 779 2316 contigisse,
801 2237 945 2314 quiahoc
967 2237 1083 2298 circiter
1104 2247 1239 2316 tempore
1260 2244 1369 2316 pugnat
1386 2239 1472 2316 hpo-
1554 2247 1555 2286 t

254 2324 412 2404 logeticum
433 2340 450 2382 a
472 2321 651 2384 Tertulliano
682 2321 792 2382 Rornae
820 2321 911 2384 luisse
938 2322 1089 2401 scriptum.
1133 2324 1194 2384 lam
1225 2329 1321 2383 autem
1353 2321 1473 2384 aliunde

249 2407 406 2488 'probabile
427 2405 536 2467 iudicat
555 2405 701 2478 Proclum,
725 2425 811 2484 quem
832 2413 903 2484 post
923 2406 1148 2486 aliquot·annos
1169 2407 1279 2468 Romae
1301 2425 1368 2467 cum
1398 2406 1472 2467 Gaio

255 2491 465 2554 catholicorum
494 2489 584 2568 partis
611 2489 675 2549 viro
703 2489 869 2568 disputasse
891 2510 926 2550 ex
950 2491 1067 2554 Eusebii
1097 2500 1126 2554 et
1153 2490 1323 2570 Hieronymi
1352 2491 1471 2570 scriptis

257 2583 382 2648 constat,
405 2573 586 2635 Tertulliano
608 2573 699 2634 luisse
720 2573 813 2650 probe
835 2575 993 2653 cognitum.
1220 2575 1225 2588 ’

339 2661 446 2722 Verum
469 2659 500 2718 in
522 2675 556 2718 eo
578 2656 740 2720 luculenter
761 2657 869 2725 fallitur
888 2659 1044 2721 Beronius.
1075 2660 1190 2739 Quippe
1211 2659 1473 2740 Apologeticuma
1552 2681 1555 2718 a

257 2743 436 2806 Tertulliano
458 2742 568 2803 Romae
596 2741 737 2821 scriptum
766 2761 831 2802 esse
862 2752 918 2804 tam
940 2743 1043 2804 salsum
1067 2753 1112 2807 est
1133 2762 1220 2822 quarn
1242 2745 1321 2823 quod
1341 2744 1471 2806 falsissi-

256 2849 347 2892 mum.
390 2829 423 2889 ld
445 2827 542 2905 aliquo
565 2826 653 2887 modo
676 2834 810 2886 senserat
829 2825 991 2902 Turselius,
1021 2848 1087 2890 cum
1109 2829 1233 2890 Romam
1255 2829 1371 2908 quidem
1392 2828 1469 2888 mis-

256 2933 332 2988 surn,
355 2914 407 2974 scd
422 2911 596 2990 Cartbagine
618 2910 760 2988 scripturn
781 2909 873 2971 luisse
887 2911 1106 2991 Apaologeticum
1128 2913 1290 2974 existimat:
1313 2912 1388 2992 quod
1408 2931 1468 2991 po-

257 2999 364 3061 sterius
387 2997 462 3059 intra
485 3014 502 3057 a
522 2995 609 3056 nobis
631 2995 739 3056 invicte
761 2994 1018 3057 demonstrabitur.
1554 3049 1555 3062 ,

340 3082 435 3143 Ροιιο
458 3099 493 3141 cr
516 3099 551 3142 eo
574 3079 696 3141 omnino
718 3079 866 3158 sequitur,
895 3089 927 3140 ut
948 3099 1144 3160 quaecumque
1166 3082 1255 3144 habet
1275 3079 1413 3143 baronius
1437 3091 1471 3144 ut
1554 3095 1555 3108 ¹

257 3166 400 3228 aProclo
423 3165 454 3226 in
475 3165 604 3225 Montani
633 3164 768 3242 dogmata
790 3163 1001 3225 Tertullianum
1027 3174 1203 3242 pertractum
1226 3167 1318 3228 luisse
1340 3166 1472 3240 suadeat,

258 3250 307 3312 illa
328 3267 389 3310 non
411 3250 471 3310 sint
491 3249 578 3310 unius
601 3248 685 3320 assis,
709 3248 761 3308 sed
783 3248 909 3326 collapsa
931 3257 1017 3310 ruant
1031 3249 1222 3330 decidantque
1238 3244 1283 3327 ὥς
1295 3247 1473 3330 χελιδόνων

257 3340 398 3416 μουσεῖα
424 3331 477 3396 καὶ
507 3329 728 3417 ἐπιφυλλίδες.
774 3331 859 3393 Certe
885 3340 1010 3394 testatur
1031 3333 1227 3398 Tertullianus
1249 3336 1391 3399 adversus
1413 3337 1473 3398 Va-

258 3419 434 3482 lentinianos
457 3435 519 3496 cap.
543 3421 572 3480 5.
595 3416 690 3477 Procli
713 3416 822 3494 scripta
844 3425 904 3478 tum
927 3417 1017 3478 fuisse
1039 3418 1095 3478 sibi
1117 3421 1241 3500 cognita,
1274 3428 1396 3500 tumque
1418 3422 1473 3482 ad-

258 3503 317 3566 huc
344 3521 410 3564 cum
438 3503 512 3562 lama
540 3501 665 3562 maxima
692 3499 811 3562 vixisse.
849 3501 926 3562 llum
954 3519 1024 3562 aero
1050 3501 1145 3565 Procli
1168 3505 1378 3568 consuetudine
1401 3525 1474 3568 usus

259 3588 314 3661 sit,
343 3595 392 3650 aut
419 3585 495 3647 illius
523 3585 696 3646 auctoritate
718 3584 753 3645 ad
776 3585 917 3646 Paracleti
938 3586 1073 3666 dogmata
1095 3589 1293 3667 amplectenda
1314 3591 1403 3654 luerit
1425 3591 1475 3653 in-

259 3673 374 3745 citatus,
396 3671 467 3733 illud
488 3677 534 3730 est
556 3669 634 3748 qnod
655 3669 773 3748 penitus
796 3669 873 3730 silet.

345 3755 490 3834 Quicquid
511 3754 629 3815 demum
651 3771 740 3832 super
762 3773 798 3814 eo
820 3762 993 3834 argumento
1015 3764 1141 3830 statuas,
1163 3759 1300 3832 omnino,
1320 3765 1356 3820 'ut
1378 3759 1473 3821 Baro-

139 3901 143 3912 ,
258 3843 326 3904 nius
349 3839 462 3913 scribit,
485 3855 561 3900 anno
585 3837 652 3899 CGl.
677 3841 705 3915 Q.
725 3842 773 3902 10.
797 3838 900 3900 durum
916 3839 1086 3902 Tertulliani
1107 3839 1256 3920 ingenium
1277 3853 1475 3924 auctoresque

260 3927 375 3988 animus
404 3924 508 3986 lecisse
529 3922 686 3995 ridentur,
715 3930 748 3983 ut
769 3922 953 3985 Christianae
975 3924 1049 3986 vitae
1071 3926 1285 4004 professionem
1307 3928 1339 3989 iu
1360 3929 1474 3990 severi-

260 4017 319 4074 tate
346 4009 572 4087 auctoritateque
601 4006 691 4068 nimia
718 4008 920 4068 tantummodo
953 4009 1098 4089 collpcans
1130 4018 1215 4090 atque
1247 4031 1283 4073 ex
1300 4013 1474 4092 asperioris

261 4093 337 4154 ritae
360 4093 437 4155 cultu
459 4093 495 4154 de
516 4092 639 4154 veritate
661 4092 829 4170 dogmatum
850 4092 989 4154 indicium
1010 4095 1108 4155 loreas
1130 4113 1147 4155 a
1172 4095 1300 4158 Montard
1322 4097 1475 4177 discipulis

261 4176 351 4240 horit
371 4176 500 4238 delusus.
531 4176 647 4256 Quippe
670 4184 731 4238 tum
753 4177 895 4256 temporis
910 4177 1039 4238 Montani
1061 4181 1248 4242 consecranei
1263 4182 1476 4244 continentiam

264 4271 294 4324 et
321 4261 485 4322 castitatem
513 4261 677 4335 celebrare,
717 4279 792 4322 nova
819 4261 929 4323 ieiunia
960 4262 1119 4342 eademqne
1146 4265 1306 4326 austeriora
1332 4266 1477 4330 instinctu

264 4345 392 4425 Spiritus
414 4345 556 4406 servanda
578 4347 724 4420 indicere,
754 4345 864 4424 vigihas
886 4365 919 4408 ac
939 4365 1042 4426 preces
1065 4348 1271 4428 multiplicare,
1300 4351 1477 4431 martyrium

263 4430 336 4492 adeo
359 4427 511 4502 extollere,
533 4438 566 4492 ut
586 4449 641 4494 nec
661 4432 758 4511 lugam
779 4429 908 4511 aliasque
930 4431 1054 4492 latebras
1075 4434 1121 4494 vel
1142 4433 1373 4513 redemptionem
1396 4435 1476 4498 ritae

262 4514 459 4578 admitterent
504 4513 590 4592 Quid,
612 4535 684 4596 rogo
707 4524 747 4591 te,
773 4515 819 4576 bis
842 4516 1085 4579 accommodatius
1107 4519 1176 4597 fingi
1196 4519 1293 4597 possit
1314 4521 1351 4581 ad
1372 4521 1476 4583 bomi-

263 4617 332 4664 nem
353 4599 420 4662 talia
442 4615 479 4660 ex
500 4598 595 4660 nativo
617 4600 734 4680 ingenio
756 4601 880 4662 maxime
903 4600 1068 4681 cupientem
1089 4602 1334 4666 demtdcendum?
