3122 5250
479 389 615 436 succosa
635 390 695 434 asc.
716 390 755 434 ns
774 389 902 436 neuma.
1236 371 1308 438 339,

80 540 195 602 Plinius
217 557 288 602 roro
309 538 393 602 illum
413 539 540 620 appellat
559 539 686 603 invidiae
706 549 736 604 et
756 539 868 620 glorim
887 539 1050 604 medicum:
1083 539 1218 617 Ourrum
1249 538 1298 602 in-

82 625 163 706 quit,
197 623 447 704 triurnpbantbent
477 627 533 688 sub
566 625 612 688 bis
642 628 792 706 pendens,
828 625 962 704 defendit
998 624 1129 688 medicus
1166 625 1297 688 incidiae

82 711 221 791 iubetque
242 711 359 772 coedent
380 714 530 792 respicere
552 709 659 772 ebullis
679 711 824 774 medicina
846 711 978 789 linpuae,
1010 728 1048 772 ne
1068 714 1109 772 eit
1130 720 1259 772 encrate
1280 729 1302 772 a

82 805 168 874 tergo
190 795 329 873 fortuna,
351 794 467 874 gloriae
488 795 632 874 caruisec
653 795 739 866 (Plin.
761 794 812 856 lib.
824 795 952 856 XXVIII.
974 793 1076 856 Natur.
1098 794 1173 855 Hist
1196 812 1221 856 a.
1243 796 1299 871 4.).

82 882 120 942 nt
141 877 170 940 si
190 896 281 940 sanus
303 887 332 942 et
353 877 466 958 integer
488 877 528 940 sit
548 879 597 941 bic
610 879 698 942 Plinii
711 880 806 952 locus,
829 879 869 942 ibi
885 879 1029 960 significat
1042 878 1190 952 madiam,
1212 896 1301 957 mam

82 963 299 1042 triumphantes
320 965 417 1026 iacere
437 964 503 1026 aliis
525 964 669 1032 solebant.
690 973 853 1026 ascranae
874 963 984 1043 gloriae
998 963 1112 1037 vitium,
1134 982 1192 1042 quo
1208 961 1299 1024 lasci·

82 1048 148 1110 nari
170 1056 316 1127 poterant,
339 1049 437 1110 sanari
458 1050 604 1112 medicina
626 1049 745 1128 linguae
766 1049 909 1110 adstantis
931 1049 1018 1121 servi,
1041 1047 1091 1128 qui
1112 1047 1299 1128 triumphan-

82 1141 145 1195 tem
173 1132 319 1194 humanae
347 1151 419 1194 snae
447 1133 625 1195 conditionis
658 1133 843 1195 admonebat.
886 1133 958 1195 Nam
986 1133 1065 1195 idem
1091 1132 1203 1195 Plinius
1230 1131 1299 1194 alibi

81 1225 184 1297 aperte
206 1217 279 1279 dixit
301 1236 440 1280 coronam
462 1217 669 1297 triumphantis
691 1237 708 1280 a
730 1237 817 1281 servo
840 1219 983 1281 sustiueri
1004 1216 1152 1295 (lbid.lib.
1168 1216 1299 1280 XXXIII.

81 1306 223 1381 cap.-1.).

167 1387 276 1448 Verum
303 1386 371 1465 quia
396 1386 490 1466 priori
519 1386 584 1448 loco
605 1389 737 1467 fortuna
764 1395 886 1450 voantur
906 1387 1021 1466 gloriae
1044 1388 1198 1466 earnisec,
1230 1385 1301 1448 hinc

81 1473 212 1534 tortasse
239 1470 373 1533 Isidorus
405 1471 436 1533 in
468 1471 597 1532 sumnum
630 1472 744 1534 induxit
759 1473 948 1536 ¹monitorem
976 1471 1056 1533 illum
1089 1490 1151 1532 non
1180 1489 1299 1533 serrum
1417 1489 1418 1494 ¹

41 1633 47 1642 .
82 1557 189 1629 luisse,
211 1556 265 1623 sed
287 1556 467 1618 camillcem:
490 1556 717 1637 Triumphantes
739 1575 757 1618 a
780 1557 931 1638 carnifice,
944 1633 946 1636 Ι
959 1556 1063 1635 inqtub,
1086 1556 1300 1635 contingeban-

83 1653 146 1714 tur,
169 1651 205 1704 ut
226 1642 266 1704 ad
288 1652 405 1705 tantum
425 1642 581 1722 fastigium
602 1647 695 1704 euecti
718 1643 934 1704 mediocritatis
964 1641 1110 1703 bonanae
1131 1658 1300 1703 commone-

83 1737 195 1788 rentur
218 1726 335 1802 (lsidar.
357 1725 408 1786 lib.
431 1725 531 1788 XVIII.
556 1725 669 1805 Origiu.
692 1745 756 1806 cap.
771 1729 801 1790 2.
823 1744 854 1805 p.
878 1729 972 1804 156.)
1008 1725 1077 1787 Sed
1098 1723 1203 1787 melius
1224 1743 1298 1806 pro-

82 1809 221 1872 culdubio
236 1811 272 1872 ab
287 1810 467 1890 Hieronymo
489 1811 662 1890 simpliciter
682 1820 868 1890 nuncupatur
888 1829 995 1882 eones,
1017 1810 1067 1890 qui
1088 1809 1200 1872 medias
1222 1810 1300 1871 inter

81 1895 263 1974 populorum
283 1895 506 1957 acclamationes
529 1895 559 1955 in
581 1913 682 1957 aurem
704 1894 895 1976 triumphanti
910 1903 1071 1958 memorata
1086 1913 1103 1956 a
1118 1894 1298 1956 Tertulliano

82 1980 175 2041 verba
204 1979 388 2059 suggerebat.
431 1980 475 2042 nd
506 1979 626 2042 Paulam
656 1978 764 2060 quippe
796 1979 931 2060 scripsit:
969 1979 1233 2060 Triumpbantibns
1266 1983 1300 2042 in
1407 1971 1417 1994 ¹

83 2083 184 2128 curru
210 2075 295 2128 retro
324 2083 419 2128 comcs
449 2061 645 2138 adbaeiebat,
679 2066 904 2146 persingulas
933 2065 1163 2129 acclamationes
1192 2067 1301 2126 aicium

83 2151 201 2213 dicens:
224 2149 381 2213 Hominem
403 2160 431 2211 te
451 2159 598 2212 marcente
621 2149 802 2230 (Hieronpm.
824 2150 918 2229 Epist
941 2153 992 2214 22.
1015 2148 1051 2211 ad
1071 2149 1177 2226 Paul).
1213 2148 1300 2227 Atqui

83 2233 109 2296 si
130 2234 293 2315 imperator
314 2234 345 2295 in
366 2241 446 2296 mata
467 2233 608 2314 triumphi
629 2252 737 2314 pompa
757 2234 882 2296 debebat
903 2233 1092 2296 humanitatis
1115 2251 1185 2296 suae
1206 2234 1300 2294 remi·

83 2319 168 2392 nisu,
197 2327 306 2398 quanto
328 2317 421 2396 magis
441 2337 495 2397 per
517 2326 611 2380 totum
632 2319 695 2381 viae
717 2338 788 2381 suae
811 2337 940 2381 cursum.
983 2318 1049 2380 Non
1070 2327 1206 2398 poterant
1228 2336 1299 2397 ergo

84 2403 243 2468 Christiani
254 2403 343 2464 ullum
366 2405 576 2482 imperatorem
596 2423 701 2466 vocare
716 2403 821 2478 Deum,
837 2403 1083 2484 quandoquidem,
1105 2412 1138 2464 ut
1158 2410 1238 2464 recte
1259 2402 1300 2482 ait

83 2488 295 2561 Tertullianus,
316 2488 488 2551 nesciebant
508 2489 627 2550 mentiri
650 2496 699 2550 aut
719 2489 801 2550 illurn
824 2489 957 2551 deridere
972 2507 1033 2551 non
1049 2488 1194 2551 audebant
1208 2487 1298 2560 (Ter-

82 2572 196 2635 tullian.
218 2573 373 2652 Apologet.
396 2591 458 2652 cap.
482 2573 557 2649 33).

166 2657 263 2719 Instat
282 2657 391 2718 adbuc:
413 2659 575 2739 Angustus,
597 2656 714 2718 tametsi
729 2657 855 2718 Romani
876 2660 1003 2736 imperii,
1026 2657 1083 2718 iam
1104 2655 1208 2716 alulio
1224 2655 1299 2718 Cae-

82 2761 149 2804 sare
172 2741 295 2816 lundati,
319 2743 483 2822 sonanter,
505 2761 543 2804 ne
564 2744 717 2804 dominum
738 2743 862 2822 quidem,
885 2741 1098 2802 multominus
1121 2740 1218 2812 deum,
1243 2741 1302 2802 diti

81 2848 113 2890 se
134 2827 363 2900 cobbartlbid.
386 2844 448 2906 cap.
465 2829 539 2904 34.)
583 2826 704 2888 Testem
725 2843 796 2886 vero
816 2825 941 2888 bmusoe
962 2823 1174 2887 moderationis
1197 2823 1222 2885 si
1244 2822 1299 2885 de·

83 2912 213 2985 sideros,
235 2910 409 2974 Suetonium
432 2909 648 2984 advocabimus,
677 2909 728 2988 qui
748 2909 823 2972 haec
843 2910 880 2972 de
902 2909 1007 2972 eodem
1027 2910 1160 2988 Augusto
1182 2927 1298 2970 memo·

82 2999 144 3060 riae
178 2995 325 3076 prodidit:
361 2997 487 3060 Domini
511 2995 744 3075 appellationem
773 3006 809 3056 ut
829 2995 1019 3057 maledictum
1041 3005 1069 3057 et
1101 2993 1300 3073 opprobrium

81 3101 204 3163 semper
225 3081 395 3144 ecbarruit.
441 3081 514 3142 Cum
541 3089 695 3160 spectante
724 3097 757 3142 eo
787 3079 873 3142 ludos
900 3083 1137 3159 pronuntiatum
1164 3089 1242 3140 esset
1268 3079 1302 3140 in

81 3173 189 3230 meino:
230 3165 437 3229 ODorninnrn
459 3183 586 3247 aequum
606 3175 635 3228 et
664 3157 794 3227 bonum!
822 3172 852 3226 et
878 3169 1018 3227 uniuersi
1054 3167 1142 3244 guasi
1168 3164 1202 3242 de
1232 3167 1300 3244 ipsa

82 3247 196 3316 dictur'n
217 3250 390 3315 exultantes
414 3249 660 3330 comprobassent
681 3258 710 3311 et
737 3253 840 3311 statim
864 3267 956 3310 manu
977 3249 1122 3328 cultuque
1143 3249 1301 3311 indecoras

83 3337 288 3400 salutationes
317 3339 465 3415 repressit
478 3345 522 3397 ·et
542 3339 575 3396 in
597 3337 734 3416 sequenti
753 3335 800 3396 die
819 3338 1000 3414 pravissimo
1023 3336 1174 3414 corripuit
1196 3333 1300 3405 edicto,

82 3423 292 3502 decernuntque
314 3439 345 3484 se
364 3431 436 3500 post
458 3419 529 3482 baec
550 3418 705 3500 appellari
729 3438 768 3481 ne
795 3438 815 3481 a
844 3418 948 3482 liberis
970 3419 1086 3500 quidem
1105 3427 1161 3480 aut
1180 3421 1301 3498 nepoti-

83 3508 138 3570 bus
167 3511 234 3570 suis
262 3504 313 3568 oel
334 3509 414 3568 serio
437 3504 485 3566 cel
512 3509 577 3567 ioco
597 3523 709 3584 passus
732 3517 791 3576 est,
825 3513 912 3584 atquc
941 3503 1113 3566 buiusrnodi
1139 3502 1301 3566 blanditias

81 3596 172 3654 etiam
194 3595 277 3653 inter
296 3593 380 3670 ipsos
398 3589 557 3669 probibuit
578 3589 712 3663 (Sueten.
735 3589 766 3650 in
787 3588 851 3650 Vita
871 3587 996 3667 Augusti
1018 3607 1042 3648 c.
1066 3589 1141 3663 53.)

168 3673 229 3736 Sed
251 3681 354 3736 contm
374 3673 509 3752 insurget
530 3672 636 3752 aliquis
657 3672 802 3752 nobisque
823 3673 912 3737 alium
935 3671 1034 3734 citabit
1059 3679 1165 3734 testem
1187 3669 1301 3732 Carne-

81 3760 154 3824 lium
177 3759 331 3832 Tacitum,
366 3757 417 3837 qni
437 3757 544 3820 litteris
567 3775 683 3836 qnoque
705 3756 853 3820 mandavit
873 3755 971 3820 varios
993 3764 1063 3836 post
1084 3755 1216 3817 eiusdem
1237 3754 1302 3815 Au-

83 3846 164 3924 gusti
186 3852 314 3906 mortem
336 3860 460 3923 sparsos
481 3842 576 3904 luisse
597 3859 746 3916 rumores,
768 3851 854 3920 atque
876 3840 913 3903 ab
935 3841 984 3903 illo
1007 3840 1084 3904 nibil
1105 3841 1230 3901 morunt
1244 3837 1301 3900 ba-

84 3931 212 3994 ncrrbus
235 3929 383 3998 relictum,
407 3946 472 3989 curn
494 3947 525 3990 sc
548 3927 665 4006 templis
688 3937 717 3988 et
738 3927 838 4006 effip'e
859 3931 1015 3988 numinum
1035 3943 1093 4005 per
1113 3925 1250 4002 staminea
1273 3933 1303 3986 et

88 4015 257 4078 sacerdotes
281 4013 341 4076 coli
360 4012 458 4074 voluit
480 4011 608 4086 (Carnel.
631 4010 723 4072 Tacit.
745 4009 796 4072 lib.
818 4009 840 4072 l.
862 4010 965 4072 Annal.
986 4018 1056 4088 post
1076 4007 1163 4083 init).
1194 4007 1303 4070 Verum

88 4096 155 4160 buic
172 4098 276 4178 utique
298 4095 473 4178 responderi
503 4105 601 4176 potest
628 4094 692 4156 allis
715 4093 851 4156 Suetonii
872 4094 988 4156 verbis:
1027 4091 1146 4172 Templa
1169 4095 1302 4170 quamuis

88 4188 177 4248 sanet
199 4188 290 4246 etiarn
305 4180 542 4264 proconsulibus
565 4181 685 4244 deccrm
704 4179 878 4251 solereio
899 4179 989 4242 nulla
1014 4188 1114 4240 tamen
1132 4180 1301 4256 prouincia,

88 4259 151 4332 nr'ii
173 4270 328 4332 communi
352 4286 408 4331 sno
430 4265 595 4347 Romaeque
623 4270 742 4328 omnim
768 4268 889 4345 recepit.
933 4262 1011 4326 Nam
1037 4266 1070 4324 in
1090 4261 1165 4324 urbe
1186 4262 1303 4343 quidem

84 4357 327 4434 perunacissime
348 4353 495 4416 abstinuit
515 4351 569 4414 boc
597 4350 711 4414 bonore
737 4349 874 4424 (Sueton.
897 4348 928 4410 in
948 4346 1015 4408 vita
1035 4345 1159 4425 Augusti
1179 4363 1204 4408 c.
1227 4345 1302 4424 52).

87 4437 187 4520 ltaque
210 4435 328 4501 etiamsi
348 4436 387 4510 id,
410 4437 447 4498 de
468 4455 527 4516 quc
548 4443 652 4516 postea
674 4434 828 4515 agendum,
850 4433 898 4494 ille
920 4449 1027 4512 passus
1048 4431 1097 4505 sit,
1118 4449 1180 4494 non
1201 4431 1302 4494 minus

89 4530 184 4586 umen
205 4529 324 4586 constat
344 4522 481 4584 reiectam
503 4521 539 4584 ab
560 4521 627 4600 ipso
649 4519 761 4582 domini
781 4517 1015 4598 appellationem,
1038 4535 1125 4596 quam
1146 4515 1210 4578 eius
1231 4535 1301 4578 sno·

88 4626 224 4674 cessores
248 4607 419 4672 aridissime
440 4605 655 4685 corripuerunt.
684 4605 758 4667 Nam
772 4602 884 4666 Plinius
899 4601 1061 4676 Secundus,
1084 4600 1217 4682 quamvis
1232 4601 1299 4664 etb-
1368 4649 1374 4658 .
