3122 5250
269 341 333 408 att
368 357 559 404 orassnrsrro
573 358 604 402 rs
619 356 667 410 ou.
683 357 767 403 asar.
781 357 870 404 raon.
883 357 1077 404 amanuensi
1091 357 1317 402 monconrrcorr
1331 357 1408 401 oser.

270 507 1024 676 relinitis'trininitat't‘ttt
1040 507 1461 658 ttttitt‘tltltt

269 686 305 746 ist
324 681 401 743 urle
420 678 516 742 licata
537 678 685 741 iumoaass
706 681 831 758 soupuis
850 681 1027 758 iupustotur
1048 677 1210 759 (Scorpiac
1233 697 1299 758 oap.
1312 681 1363 756 7.).
1390 676 1461 756 lgne-

271 776 321 828 ois
343 783 414 827 vero
436 763 503 826 libri
525 763 562 825 do
584 762 764 843 Spectaculis
793 771 863 842 post
883 762 1017 843 Cypriani
1040 782 1129 843 opera
1151 763 1221 826 editi
1245 771 1348 826 auctor
1368 761 1461 823 descri-

270 849 316 912 hit
335 848 483 930 quomodo
505 847 627 926 impium
648 847 718 910 illud
733 848 906 910 sacrificium
922 848 986 910 lieri
1000 847 1128 910 solebat:
1152 847 1259 922 l’lnro,
1283 847 1384 928 iuquit,
1400 863 1462 926 pro-

269 939 358 1018 sequi
381 935 451 1016 perid
477 945 523 998 est
548 950 675 1004 τιτιττι,
704 931 754 995 uel
780 933 1003 1014 soeniieiorum
1022 937 1057 995 iss
1078 933 1157 995 luds’s
1178 951 1293 1015 persero
1312 939 1462 995 monstraro

268 1015 466 1084 describere?
486 1017 574 1080 lotor
584 1035 659 1098 quoe
672 1035 890 1100 aououapuoos
900 1027 929 1080 et
944 1017 1030 1080 ltoroo
1044 1018 1081 1098 fit
1094 1018 1192 1081 ίεοιείο
1209 1017 1369 1082 utronno
1379 1033 1463 1078 socer·

267 1106 358 1177 dotis,
370 1104 440 1166 duat
452 1119 546 1165 eruor
557 1106 648 1164 ettoss
658 1100 805 1181 deiopeia
818 1101 933 1164 ιαίίίυι
944 1113 1211 1182 oeeeprospotero,
1230 1104 1303 1165 darm
1312 1100 1429 1178 οιίίιτιί
1451 1129 1463 1140 -

270 1202 330 1261 oet,
346 1200 376 1251 et
390 1191 478 1269 quasi
485 1188 600 1251 sitienti
612 1185 693 1249 idolo
707 1189 739 1248 iu
754 1187 863 1266 faeiem
876 1191 1005 1250 ioetotrss
1023 1187 1186 1250 erardeliter
1195 1189 1393 1269 propinetur.
1416 1182 1463 1242 llos

270 1291 342 1336 sero
364 1272 400 1334 dc
414 1272 473 1334 hoe
486 1280 545 1332 tam
556 1270 685 1333 absurdo
697 1289 783 1350 quam
793 1269 904 1332 crudeli
914 1271 1058 1334 saerillcio
1069 1271 1282 1352 disputavimus
1294 1270 1323 1332 in
1335 1265 1463 1330 caseata

270 1357 391 1422 llinncii
406 1356 517 1419 Octavii
539 1355 745 1418 dissertatione
768 1355 905 1429 (Dissert.
927 1355 959 1418 in
973 1355 1079 1418 llinue.
1095 1374 1157 1435 cap.
1169 1357 1200 1420 9.
1213 1357 1276 1418 Art.
1288 1357 1307 1420 3
1320 1363 1349 1416 et
1358 1357 1408 1430 4.),
1425 1348 1462 1411 nbi

274 1443 362 1506 etiam
374 1441 487 1522 egimus
497 1438 535 1501 (ie
546 1440 593 1512 iis,
614 1429 814 1520 e'pnioomitiali
825 1440 930 1503 morbo
941 1439 1110 1504 laborantes
1121 1449 1223 1520 potato
1247 1434 1462 1520 iugulatorunin

270 1527 318 1590 lais
339 1523 515 1607 spectaculis
536 1525 690 1588 hominurn
712 1523 854 1604 sanguine
874 1523 1048 1588 medicinam
1069 1525 1259 1604 quaerebant
1288 1525 1359 1586 Nam
1378 1521 1415 1594 hi,
1432 1518 1463 1579 nti

270 1612 312 1676 ait
331 1611 538 1685 Tertullianus,
558 1629 682 1673 munere
695 1613 728 1671 irs
739 1627 835 1672 oreae
846 1613 1011 1673 ποτέονται
1024 1609 1233 1688 nazarenum
1244 1613 1412 1692 sonpssiueru
1423 1622 1462 1664 tt·

271 1707 382 1760 ιιοειοι
403 1697 491 1758 uvido
513 1699 565 1758 siti
585 1693 729 1758 comitioli
746 1695 851 1758 saorla
872 1696 1020 1758 medentes
1034 1694 1181 1773 auferunt
1203 1693 1382 1770 (Tertullian.
1398 1689 1462 1768 Apo·

271 1780 360 1861 loget.
382 1799 445 1860 cap.
456 1782 510 1857 9.).
540 1779 615 1852 Quis
638 1786 745 1850 autem,
767 1779 827 1840 nisi
847 1778 983 1841 immanis
1005 1797 1039 1841 ao
1058 1779 1171 1840 lerreus
1192 1779 1294 1852 homo,
1316 1777 1364 1840 tali
1383 1791 1461 1835 rent·

271 1865 322 1928 dio
344 1883 378 1927 ao
391 1864 516 1926 aliorum
525 1865 679 1927 hominurn
690 1863 800 1925 crudeli
811 1863 928 1926 interitu
938 1863 1013 1926 ritae
1025 1881 1096 1924 snae
1107 1864 1264 1928 consulere
1275 1881 1334 1925 non
1344 1853 1464 1923 horreat?

356 1948 400 2011 tt
422 1951 528 2012 horum
550 1967 621 2011 vero
643 1947 853 2010 inhumanitate
874 1967 934 2010 non
956 1948 1060 2028 procul
1081 1947 1204 2011 aberam
1224 1951 1303 2012 lerae
1324 1945 1386 2008 illae
1404 1958 1461 2022 gen-

271 2043 328 2108 tes,
351 2053 426 2114 qnae
447 2032 598 2111 sanguinis
622 2051 656 2095 ex
678 2031 818 2094 membris
841 2031 905 2094 suis
929 2033 1025 2095 eliciti
1055 2041 1128 2112 potu
1150 2034 1272 2096 loedere
1294 2032 1410 2094 iuterse
1427 2027 1460 2086 ie·

211 2153 215 2166 ι
270 2119 387 2181 riebant
413 2127 443 2180 et
470 2117 689 2194 confirmabant.
731 2118 769 2178 At
789 2116 876 2178 huius
897 2117 984 2196 plane
1005 2117 1122 2179 barbari
1142 2119 1238 2180 moris
1260 2126 1364 2180 testem
1383 2111 1460 2173 ltere·

272 2203 374 2266 dotum
407 2202 454 2266 lris
481 2201 678 2265 Tertullianus
711 2201 782 2264 citat
812 2200 924 2263 verbis:
961 2203 1058 2282 lepite
1085 2203 1193 2266 aeeuii
1211 2203 1342 2267 τείσεται
1362 2201 1398 2261 sit
1417 2195 1461 2275 (etl

271 2285 1243 2452 ttglillitteratialt'ttti'ttitttttttttt
1260 2283 1460 2458 iiiiii

270 2456 318 2519 his
341 2456 389 2518 ille
410 2455 519 2530 verbis,
541 2457 623 2538 opud
643 2454 831 2519 Herodotum
854 2459 972 2535 opinor,
994 2457 1065 2517 satis
1088 2465 1188 2536 aperte
1209 2457 1350 2539 signifieat
1369 2469 1399 2512 se
1416 2453 1458 2508 rst-

269 2541 344 2603 haeo
371 2559 406 2602 ex
433 2541 575 2603 memoria
602 2541 642 2602 ita
668 2539 820 2613 recitasse,
849 2547 881 2600 ut
902 2539 1022 2601 omnim
1044 2559 1167 2603 securus
1188 2560 1250 2605 non
1271 2539 1357 2604 luerit
1374 2553 1406 2597 an
1424 2529 1459 2591 illa

269 2625 307 2688 ab
329 2625 395 2705 ipso
410 2624 561 2689 Herodoto
583 2625 628 2687 rel
650 2623 706 2686 alio
729 2625 874 2703 scriptore
895 2623 1000 2687 litteris
1022 2626 1157 2688 mandata
1178 2626 1249 2690 sint.
1278 2626 1460 2688 Verumtamen

270 2711 396 2774 eundern
411 2710 593 2773 Herodotum
616 2717 696 2771 certo
717 2709 808 2772 citare
828 2717 961 2789 poterat;
982 2727 1051 2771 narn
1071 2711 1103 2773 in
1122 2711 1222 2812 primo
1246 2729 1301 2774 sno
1322 2707 1391 2770 libro
1404 2702 1460 2762 nae

267 2804 372 2858 narrat
398 2795 434 2858 de
461 2796 565 2876 Lydis:
593 2787 710 2878 Ὅρκια
736 2791 773 2858 δὲ
799 2796 951 2858 ποιέεται
970 2793 1074 2857 ταῦτα
1093 2817 1137 2858 τα
1158 2792 1269 2874 ἔθνεα,
1301 2789 1341 2858 τά
1360 2789 1415 2869 πέρ
1432 2801 1459 2844 τί

267 2873 418 2966 Ἕλληνες
438 2881 492 2946 καὶ
514 2875 600 2965 πρὸς
618 2875 768 2943 τούτοισι
788 2874 889 2943 ἐπεάν
908 2875 986 2955 τοὺς
999 2882 1181 3027 μραχίονας
1203 2875 1417 2961 ἐπιτάμωνται
1433 2861 1460 2938 ii

269 2960 329 3050 τὴν
350 2963 552 3051 αἱμοῤῥοίην,
584 2960 623 3028 τὸ
644 2955 727 3045 αἷμα
749 2957 956 3044 ἀναλείχουσι
977 2955 998 3028 ά
1019 2960 1142 3048 itii-rar:
1176 2965 1288 3030 luerent
1308 2953 1459 3048 mteultt

268 3063 370 3130 peotes
391 3053 517 3130 foedera
540 3069 606 3114 τιατ
629 3060 727 3112 cetero
749 3053 814 3112 ritu
837 3047 1029 3126 Graecorum,
1062 3061 1126 3112 teas
1152 3049 1336 3114 ementoudo
1357 3035 1459 3107 treus

270 3133 447 3198 vulneribus
470 3145 576 3215 sponte
597 3137 744 3215 susceptis
767 3145 796 3196 et
815 3143 952 3196 motuum
973 3137 1147 3212 εοαςαίνιιοε
1168 3133 1342 3239 άιίίαμινειίο
1368 3124 1457 3198 fflif‘l·
1495 3127 1498 3134 ’

38 3213 40 3226 '
130 3215 134 3240 “
271 3216 333 3278 dot.
355 3217 406 3279 lib.
429 3218 452 3281 l.
475 3237 537 3298 cap.
561 3222 634 3297 ta).
676 3217 719 3278 llo
742 3216 858 3296 Scythis
881 3225 978 3279 autern
999 3217 1056 3280 alio
1078 3219 1109 3280 in
1130 3218 1220 3282 libro:
1236 3209 1401 3300 Ὁρκωδέ,
1419 3205 1455 3266 in-

271 3301 342 3380 quit,
370 3305 543 3367 notiorem
568 3298 698 3366 Σκύθαι
727 3287 791 3366 ὦδε
818 3297 904 3384 πρὸς
929 3301 995 3366 τῶν
1023 3295 1063 3367 ἂν
1089 3305 1286 3369 ποιέωνται·
1314 3297 1346 3376 ές
1364 3289 1458 3360 silue

270 3380 411 3466 μεγάλην
432 3389 608 3471 κεραμίνην
629 3378 718 3450 οἶνον
740 3383 904 3468 ἐγχέαντες
920 3379 1003 3468 αἷμα
1017 3391 1238 3472 συμμίσγουσι
1251 3387 1314 3452 τῶν
1327 3377 1367 3446 τά
1380 3371 1455 3467 ὅρνις

269 3471 490 3570 ταμνομένων,
512 3467 675 3552 τύψαντες
694 3463 817 3534 ύπέατι
836 3461 858 3555 ἢ
875 3467 1090 3553 ἐπιταμόντες
1103 3477 1246 3560 μαχαίρῃ
1272 3460 1396 3554 σμικρὸν
1408 3475 1455 3556 ‘⁰¹1

269 3572 424 3636 σωματος
454 3555 509 3619 καί
541 3553 657 3620 ἔπειτα
689 3547 927 3637 ἀποβάψαντες
958 3552 992 3633 ές
1018 3553 1076 3642 τὴν
1103 3554 1218 3622 κύλικα
1246 3549 1389 3624 άιινάνεο
1413 3557 1453 3603 2⁰⁸

271 3635 402 3716 οἰστούς
422 3641 476 3705 καί
499 3637 539 3704 o'
562 3663 635 3725 αριν
655 3640 710 3703 καί
732 3631 899 3704 άνύντιον·
922 3637 1022 3706 ἐπεὰν
1044 3641 1205 3707 δὲταῦτα
1225 3636 1391 3725 ποιήσωσι,
1410 3645 1455 3688 W·

268 3721 438 3807 τεύχονται
469 3655 579 3789 abido
609 3724 664 3789 καί
690 3721 807 3790 ἔπειτα
834 3717 1041 3791 ἀποπίνουσι
1065 3718 1160 3792 αύτοί
1187 3751 1224 3792 τε
1251 3724 1283 3791 ol
1307 3719 1344 3787 τὸ
1364 3710 1454 3806 detti?

268 3807 535 3893 ποιούμενοικαὶ
557 3809 622 3874 τῶν
645 3806 815 3892 ἑπομένων
837 3807 869 3874 οἱ
883 3809 1041 3875 πλείστου
1057 3807 1163 3888 ἄξιοι.Ι
1186 3812 1316 3878 Foedera
1330 3820 1389 3868 atat
1401 3811 1453 3890 lm(

270 3897 440 3978 ίυιιαποαι
454 3895 581 3976 Septlue
604 3895 658 3958 loe
678 3897 765 3959 modo
788 3901 908 3958 r'rteurrt:
930 3896 1034 3977 infuso
1056 3901 1088 3958 irs
1107 3899 1253 3978 proadem
1268 3893 1378 3960 eniteat
1388 3882 1453 3982 fiete

271 3978 329 4043 laos
348 3986 419 4044 cisso
443 3984 630 4044 commisceret
652 3998 756 4042 eorum
773 3985 946 4060 respuissent
971 3983 1023 4061 qui
1035 3982 1154 4061 seriam
1166 3983 1284 4062 foedus,
1303 3977 1452 4058 pervim·

269 4073 315 4126 tes
343 4065 464 4130 cultello
492 4076 546 4128 out
577 4065 739 4128 inridentes
760 4065 859 4145 plodio
880 4065 1099 4147 olr'quoatulum
1122 4071 1270 4147 eorporis.
1309 4051 1412 4124 Deinde
1426 4057 1452 4104 τί

270 4147 361 4210 eolice
383 4153 502 4231 tirrpurtt
524 4153 681 4221 aristonem,
710 4155 845 4231 sagittas,
874 4153 1011 4221 recursio,
1040 4151 1182 4215 iaculum.
1225 4151 1303 4214 Haeo
1321 4141 1370 4206 uli
1384 4134 1449 4214 [Μ’

268 4241 356 4302 sust,
384 4251 448 4296 sese
475 4236 579 4298 multis
605 4235 707 4297 aeriis
737 4235 890 4318 devoveret,
915 4246 1023 4315 posteo
1043 4240 1146 4298 or'uum
1167 4244 1287 4318 epotaret
1306 4243 1362 4291 son
1379 4209 1451 4318 {¹⁰4⁰

265 4317 366 4398 iipui
382 4318 491 4397 foedus
512 4321 661 4398 fecerum,
683 4319 735 4382 sed
755 4323 844 4382 etiosa
865 4323 983 4383 comites
1005 4323 1030 4382 ii
1048 4324 1102 4403 qui
1124 4331 1196 4384 rust
1219 4303 1451 4388 maeiuotdtli'l

269 4403 344 4462 rote
366 4401 459 4478 (ldern
480 4402 530 4466 lib.
552 4405 598 4466 tv.
622 4423 685 4484 cap.
708 4407 783 4481 'tut

354 4485 474 4548 Poterat
499 4504 570 4567 ergo
592 4489 788 4554 Tertullianus
815 4489 895 4564 hune
919 4487 1070 4568 antiquum
1096 4490 1268 4570 scriptorem
1287 4476 1359 4546 haud
1377 4462 1448 4531 inlr

256 4576 366 4634 tanter
386 4569 534 4655 opinionis
556 4589 626 4636 suae
646 4580 826 4637 assertorem
847 4571 997 4649 advocare,
1020 4584 1107 4656 atque
1127 4593 1163 4638 eo
1184 4568 1365 4658 perionius,
1382 4536 1446 4632 quod
