3082 5238
441 393 577 440 suenone
598 395 640 438 ro.
662 393 731 440 sus.
753 394 916 440 nosssmr.
943 401 947 406 ·
1223 387 1286 452 58³

64 541 144 626 qnod
165 542 196 604 in
217 542 319 606 maltis
341 542 460 606 Codicis
482 543 575 606 titulis
597 544 719 606 nomina
740 544 843 606 Severi
870 553 900 606 et
919 546 1061 609 Antonini
1076 549 1287 630 Augustorum

64 627 259 707 reperiantur,
284 626 338 688 sed
354 627 445 690 Getae
466 646 627 707 nunquam,
649 628 708 689 hoc
730 645 800 689 rero
821 628 858 689 ad
879 647 943 692 rem
965 630 1038 691 nihil
1060 633 1129 694 iecit
1150 638 1288 712 omohm3

67 711 103 772 ab
126 728 162 772 eo
185 710 263 772 enhn
286 719 429 788 tempore,
452 729 511 792 qno
535 711 607 772 Geta
629 711 800 790 dignitatem
822 712 945 790 Augusti
966 716 1107 794 surrepit,
1130 727 1163 778 ut
1182 731 1288 797 postea

66 793 230 866 docebitur,
254 811 374 872 semper
395 794 451 855 luit
470 795 564 874 patris
586 794 617 854 in
639 795 716 856 hello
739 812 852 868 comes,
876 797 907 856 in
929 815 988 876 quo
1011 800 1091 877 qood
1113 800 1150 862 de
1171 802 1287 883 legibus

66 876 102 938 ad
124 877 356 956 rempublicam
378 878 582 956 spectantibus
605 878 735 956 cogitare
758 896 819 939 non
840 880 982 958 potuerit,
1005 900 1094 944 nemo
1117 885 1218 948 mirari
1233 889 1288 950 de·

64 959 125 1022 het.
169 961 202 1021 ld
224 977 294 1022 vero
317 960 398 1021 nullo
421 961 509 1022 modo
532 961 685 1022 terendum
709 971 770 1034 est,
802 963 883 1040 quod
917 964 1020 1025 Getam
1056 975 1141 1046 patre
1173 971 1289 1034 vivente

62 1045 229 1122 Augustum
251 1044 427 1123 appellatum
450 1063 519 1106 esse
541 1053 629 1124 neget
649 1045 806 1124 numisque
828 1052 926 1108 utatur
947 1048 984 1108 ad
1005 1048 1064 1110 hoc
1092 1052 1289 1130 efficiendum,

65 1127 98 1190 in
131 1127 239 1205 quihus
263 1127 352 1189 Getae
374 1126 426 1188 Tr.
447 1129 480 1190 P.
503 1129 540 1189 ll.
570 1128 686 1207 legitur.
730 1129 804 1190 Nam
832 1148 899 1190 cum
928 1131 993 1210 ipsc
1021 1133 1153 1208 adiiciat,
1187 1137 1290 1202 Getam

64 1219 185 1274 mortuo
207 1220 292 1290 patre
324 1230 391 1273 urm
412 1213 502 1272 tratre
523 1229 584 1272 non
605 1212 665 1273 nisi
687 1212 723 1275 ll.
746 1231 866 1274 menses
881 1213 942 1276 XV.
965 1215 1029 1278 dies
1053 1235 1209 1297 regnasse:
1232 1240 1288 1284 ue-

65 1313 152 1358 cesse
181 1303 227 1356 est
253 1313 339 1368 sane,
375 1304 406 1356 ut
429 1294 501 1358 Geta
522 1303 590 1357 ante
612 1296 705 1374 patris
732 1304 859 1357 mortem
880 1297 1032 1376 Augustus
1054 1301 1094 1362 sit
1115 1304 1288 1382 appellatus.

62 1379 162 1440 Altera
185 1379 286 1458 opinio
309 1378 551 1441 doctissimorum
572 1379 713 1451 virorum,
743 1380 791 1459 qui
810 1380 1003 1462 ‚llagdehurgi
1024 1384 1167 1448 historiae
1189 1408 1290 1452 sacrae

66 1461 216 1524 centurias
239 1469 489 1541 composuerunt,
523 1462 664 1524 Severum
687 1480 753 1524 cum
774 1464 866 1542 Nigro
888 1465 1053 1546 Albinoque
1076 1473 1179 1533 statuit
1199 1473 1292 1536 lmese

63 1545 142 1606 illam
155 1545 301 1624 triplicem
323 1546 474 1621 virtutem,
498 1555 527 1608 ct
547 1553 645 1618 reete,
673 1555 707 1607 ut
729 1566 795 1609 cum
818 1547 1007 1611 'tillemontio
1029 1551 1149 1632 loquar,
1176 1557 1290 1620 erroris

66 1628 252 1691 convincitur
274 1648 327 1699 eo,
350 1630 429 1710 quod
452 1632 564 1692 lentem
586 1629 729 1692 malorum
753 1631 872 1711 imperii
892 1632 1018 1694 Romani
1041 1636 1152 1698 iontem
1175 1642 1289 1702 consti-

64 1713 132 1786 tuit,
154 1713 235 1774 unde
257 1713 421 1774 manaverit
441 1721 522 1776 tanta
543 1713 666 1776 felicitas
689 1715 816 1794 imperii,
840 1714 876 1776 de
899 1734 956 1796 qua
972 1717 1169 1784 Tertullianus
1191 1724 1290 1804 loqui-

8 1801 9 1806 ’
66 1803 125 1858 tur.
169 1796 211 1856 Ae
232 1796 269 1857 de
290 1797 420 1858 Pamelio
443 1797 566 1859 meliora
589 1796 741 1859 sentiam?
774 1799 895 1860 aonios
918 1819 1004 1862 rausa
1026 1803 1135 1866 veritas
1157 1807 1290 1886 plerum-

8 1919 9 1922 *
66 1898 126 1958 que
140 1880 339 1958 remotissima
354 1889 417 1954 est,
440 1881 491 1960 qui
506 1881 654 1954 Albinum,
676 1901 765 1961 quem
787 1900 892 1944 omncs
914 1892 1027 1945 norunt
1044 1895 1170 1966 propter
1193 1891 1290 1970 digni-

8 1973 9 1976 ’
66 1971 159 2024 tatem
179 1963 304 2040 Augusti
326 1963 383 2025 sihi
404 1973 539 2044 negatam
562 1966 703 2027 adversus
726 1966 869 2028 Severum
890 1967 1059 2029 inimicitias
1081 1974 1290 2053 susoepisser,

67 2047 157 2108 etiam
179 2045 344 2125 Augustum
366 2049 462 2109 dicere
484 2047 605 2127 potuit?
628 2057 658 2111 ct
679 2049 858 2112 Caracallum
880 2051 944 2112 eius
965 2052 996 2112 in
1018 2052 1148 2132 imperio⁴
1166 2058 1290 2131 socium,

8 2175 9 2178 ,
65 2131 114 2192 cui
141 2130 277 2206 demunt,
314 2130 467 2194 interfecto
494 2132 665 2195 iamdudum
692 2133 814 2206 Albino,
845 2134 976 2196 honores
1003 2136 1126 2216 Augusti
1156 2143 1309 2204 concessi·

8 2231 9 2236 ¹
66 2211 163 2275 sunt?
208 2213 304 2286 Quem
327 2216 354 2276 si
376 2215 521 2278 iocantem
542 2216 615 2277 haec
642 2217 806 2278 affirmasse
834 2237 901 2278 cum
923 2218 1072 2298 Scaligero
1095 2222 1203 2298 dicam,
1237 2244 1291 2304 pa-

65 2317 134 2358 rum
156 2297 267 2370 dicam,
297 2304 341 2358 tot
363 2298 500 2361 tenebras
522 2299 636 2362 veritati
657 2301 773 2362 olludit.
816 2299 909 2380 igitur
929 2302 989 2364 hoe
1008 2324 1099 2366 unum
1122 2317 1230 2381 restat,
1261 2317 1294 2370 ut

65 2381 214 2460 triplicem
235 2381 323 2442 istam
344 2382 482 2444 virtutem
505 2382 647 2446 Severum
669 2402 734 2445 eum
757 2384 842 2460 liliis,
871 2385 929 2447 iam
950 2385 1108 2466 Augustis,
1136 2401 1293 2470 putemus3

65 2465 100 2526 in
122 2464 229 2543 quibus
244 2464 324 2527 Deus
347 2466 404 2527 dici
425 2475 524 2544 potest
545 2467 576 2528 in
598 2485 689 2528 unum
710 2466 827 2537 lavisse,
850 2477 884 2530 ut
905 2469 995 2530 verbo
1019 2471 1202 2552 Septimiano
1224 2485 1292 2537 uta-

65 2567 146 2619 mur,
169 2567 235 2610 cum
258 2566 347 2619 unus,
371 2551 397 2611 si
419 2559 500 2611 recte
521 2551 644 2612 velimus
667 2550 758 2631 loqui,
783 2551 912 2613 Seremus
928 2556 1104 2632 regnaverit,
1126 2559 1216 2620 ceteri
1233 2560 1292 2621 duo

64 2631 190 2694 nomine
211 2631 304 2710 magis
326 2651 413 2711 quam
435 2653 469 2695 re
490 2635 613 2711 Augusti
634 2633 752 2696 luerint.
797 2635 897 2707 Unde,
921 2635 947 2696 si
970 2645 1141 2713 teneamus,
1164 2661 1293 2720 qucum

8 2739 9 2750 ¹
64 2733 147 2776 anno
170 2715 242 2776 Geta
264 2716 300 2775 ad
321 2716 444 2795 Augusti
465 2715 637 2794 dignitatem
659 2726 776 2778 evectus
799 2718 848 2790 sit,
870 2718 943 2779 hacc
957 2738 1012 2780 nos
1028 2722 1120 2801 magis
1136 2724 1172 2784 ad
1188 2727 1292 2804 cogniu

65 2799 182 2860 tionem
204 2798 483 2878 intelligentiamque
505 2801 609 2861 aetatis
632 2807 815 2861 convertent.
845 2799 1003 2863 Enimvero
1018 2805 1186 2868 Dodwellus
1209 2808 1293 2880 scite,

64 2882 178 2944 utalia
200 2882 306 2956 multa,
340 2882 475 2944 monuit¹¹
507 2883 671 2963 multisque
690 2883 892 2963 comprobavit
913 2887 1072 2964 exemplis,
1092 2888 1294 2951 Romanorum

66 2966 265 3044 imperatores
286 2983 419 3038 curasse,
441 2975 474 3027 ut
495 2965 563 3027 trib.
589 2975 651 3045 pot.
678 2966 808 3028 tiliorum
830 2985 954 3028 suorum
976 2987 993 3028 a
1014 2969 1223 3048 quinquenniis
1246 2982 1296 3035 aut

68 3049 224 3110 decenniis
248 3049 364 3128 imperii
385 3058 602 3110 numeraretur.
634 3049 694 3110 Sed
716 3067 793 3110 anno
818 3049 938 3112 CCVlll.
961 3053 1027 3131 quis
1048 3055 1145 3115 nescit
1167 3056 1293 3135 quinde·
1331 3115 1337 3124 ,

68 3132 203 3194 cennaha
224 3132 325 3194 Severi
354 3139 384 3193 et
405 3132 543 3194 Caracalli
566 3133 736 3217 decennalia
767 3132 925 3195 extitisse?
970 3134 1115 3206 Quocirca
1137 3139 1184 3199 vix
1206 3137 1291 3217 quis-

66 3235 159 3294 quam
186 3215 319 3278 duhitare
345 3224 464 3296 potest,
499 3217 570 3296 quin
599 3217 703 3278 eodem
732 3236 809 3278 anno
838 3217 869 3278 in
892 3215 995 3278 Getam
1015 3221 1140 3299 Augusti
1167 3222 1294 3300 dignitas

67 3299 174 3362 collata
196 3301 295 3372 inerit,
319 3299 439 3378 etquid
461 3299 593 3380 impedit,
616 3320 675 3379 quo
697 3301 861 3379 minuspro
877 3319 960 3361 more
974 3301 1186 3383 imperatorum
1207 3305 1294 3367 Rom.

66 3383 149 3444 idem
172 3383 277 3444 eodem
300 3383 347 3445 dic
369 3381 457 3444 etiam
473 3384 562 3445 Getae
585 3383 757 3462 contigisse,
780 3401 837 3462 quo
861 3383 932 3445 olim
952 3386 1062 3448 Severo
1086 3397 1114 3449 et
1136 3388 1294 3462 Caracallo,

68 3466 227 3529 dicamus?
255 3468 297 3528 Ac
317 3468 372 3528 ista
394 3486 443 3529 res
465 3467 492 3528 si
513 3469 589 3528 sorte
612 3467 700 3530 dubia
721 3467 813 3529 videri
834 3475 938 3547 posset
957 3479 1126 3550 propterea,
1148 3474 1227 3552 quod
1250 3472 1296 3534 vel
1376 3523 1379 3528 Α

67 3551 101 3611 id
123 3550 209 3612 citius
231 3551 379 3630 potuisset
400 3550 542 3624 accidere,
564 3550 609 3614 vel
631 3551 711 3630 quod
732 3571 821 3614 unam
843 3552 919 3613 hanc
939 3553 1069 3632 regulam
1098 3556 1295 3634 imperatores

67 3653 132 3695 non
160 3634 289 3696 inissent
315 3633 410 3696 ubiuis
440 3635 548 3706 secuti,
584 3635 717 3713 quamvis
745 3635 774 3696 id
802 3635 921 3714 quidem
942 3637 1102 3704 verisimile
1130 3637 1160 3698 in
1184 3639 1295 3698 Severo

67 3736 132 3778 non
162 3719 218 3793 sit,
251 3717 299 3796 qui
329 3717 400 3780 artis
424 3716 639 3779 Chaldaeorum
665 3717 905 3780 studiosissimus
935 3721 1028 3781 lastos
1055 3720 1119 3780 dies
1142 3719 1297 3798 diligenter
1329 3741 1335 3749 ·

8 3849 9 3882 ἦ
68 3799 205 3874 tenebat,
228 3801 309 3862 numi
331 3809 428 3862 tamen
450 3802 509 3862 hoc
529 3810 644 3880 ponunt
666 3809 748 3862 extra
769 3819 890 3863 omnem
913 3801 1136 3864 dubitationem.
1179 3801 1252 3864 Nam
1270 3803 1296 3862 si

8 3933 10 3956 ,
71 3884 288 3946 adnumerum
309 3885 377 3946 trib.
400 3893 463 3964 pot.
487 3884 578 3946 Getae
601 3883 797 3958 attendimus,
836 3884 943 3962 quibus
965 3886 1034 3946 anni
1057 3884 1144 3946 huius
1167 3883 1294 3963 dignita-

70 3967 112 4029 tis
140 3976 273 4046 possunt
301 3967 520 4030 accuratissime
549 3967 641 4039 effici,
672 3967 730 4028 iste
752 3966 871 4045 quidem
899 3967 975 4028 ultra
996 3975 1132 4046 quartum
1153 3967 1184 4028 in
1208 3967 1297 4030 Getae

8 4043 9 4056 ¹
71 4049 172 4112 numis
201 4068 263 4112 non
288 4050 487 4130 progreditur.
532 4050 591 4112 Sed
614 4051 687 4111 Geta
715 4068 863 4112 summurn
885 4067 952 4111 cum
975 4049 1123 4112 Caracallo
1145 4050 1296 4130 principa·

72 4141 137 4196 tum
167 4133 204 4194 ad
236 4152 369 4197 mensem
401 4137 462 4196 iere
492 4133 647 4196 Februarii
675 4153 702 4194 a.
727 4132 835 4196 CCXll.
864 4133 997 4206 tenuior,
1034 4133 1123 4212 igitur
1154 4152 1297 4198 numerus

108 4317 139 4352 m.
158 4301 184 4350 t.
203 4301 272 4352 Ilion.
292 4301 409 4353 Cassium.
432 4301 576 4354 illumi.
595 4317 616 4353 c.
635 4301 660 4351 4.
712 4315 812 4352 necesse
831 4308 884 4363 sst;
902 4299 961 4352 satis
979 4301 1043 4351 eninr
1062 4315 1090 4351 ea
1108 4315 1182 4366 opera
1201 4301 1297 4352 iunctos

8 4357 9 4368 ¹
71 4386 98 4436 p.
118 4368 194 4420 1258.
712 4376 749 4418 est
766 4367 935 4418 'tillemontius
959 4368 1019 4417 dans
1043 4367 1161 4418 l'bistoire
1179 4369 1222 4418 des
1240 4369 1298 4418 llos-
1385 4363 1388 4370 ’

106 4452 130 4486 n.
156 4436 266 4487 Prrslset
289 4436 404 4487 Camdeo.
433 4435 474 4485 lib.
493 4435 550 4486 xlx.
573 4432 599 4499 ἦ.
618 4434 659 4486 tt.
711 4450 814 4500 persons
832 4435 901 4484 Tora.
912 4434 953 4484 lll.
964 4435 989 4484 P.
1000 4436 1016 4487 Ι.
1034 4435 1073 4486 ed.
1089 4435 1193 4486 Bruxell.
1207 4429 1298 4499 ῤ.185.

71 4517 98 4568 p.
116 4503 165 4555 621
185 4517 223 4567 sq.
712 4511 735 4554 st
752 4503 777 4554 in
795 4502 860 4554 notis
877 4517 901 4567 p.
921 4500 979 4553 391.

108 4586 131 4622 o.
149 4571 202 4622 lieo
220 4578 246 4620 ot
264 4570 346 4622 molus
364 4571 544 4630 confirmamus,
562 4583 611 4619 non
628 4569 661 4620 ita
