3132 5238
233 307 275 372 56
449 317 640 364 uicensimo
660 317 701 362 nis
724 315 918 364 rennuentem
940 317 1006 360 Tle
1028 316 1067 360 et·
1089 316 1219 366 sectaris

233 476 325 539 oleas.
368 473 405 534 ht
424 471 515 533 iniis
534 471 586 550 qui
605 432 769 548 supersunt
789 467 873 532 libris
894 487 958 530 uon
978 485 1040 531 nno
1062 437 1118 530 ille
1133 465 1345 531 usuurloee
1360 465 1461 529 Para-

234 561 342 624 cletum
362 558 404 620 nil
426 556 494 618 nori
516 555 546 617 iu
569 555 703 616 doctrina
723 573 776 616 seu
797 555 897 634 regula
920 553 1004 628 iidei,
1034 553 1087 616 sed
1114 554 1145 616 in
1167 553 1256 615 relius
1278 551 1458 632 disciplinae

234 653 349 712 Mamm
370 641 517 706 attulisse:
539 639 579 701 ita
599 639 649 700 ille
670 640 701 700 in
723 639 797 700 libro
821 639 857 700 de
879 633 1063 718 Monogamia
1085 657 1147 718 cap.
1160 641 1190 702 ι.
1213 645 1243 700 et
1264 637 1295 700 in
1316 637 1393 698 libra
1416 638 1461 698 de
1552 679 1553 697 ι

234 729 354 792 Ieiuniis
380 745 445 807 sup.
470 729 498 788 l.
541 724 606 786 Erit
626 724 724 802 itaque
745 724 838 803 magis
862 723 950 797 aule,
974 743 1009 784 er
1031 723 1067 785 iie
1089 723 1183 796 libris,
1204 741 1280 803 quos
1302 721 1457 802 Hierony·
1552 759 1553 784 ι

235 832 301 878 mus
317 833 332 874 a
347 811 528 874 Tertulliano
543 809 719 870 Montanista
740 809 881 870 adversus
897 808 1056 870 Ecclesiam
1079 809 1205 888 scriptos
1228 815 1360 881 testatam,
1382 807 1460 886 quid
1552 859 1553 874 ,

235 899 305 961 noni
331 895 390 959 sihi
418 894 632 958 amicandum
656 893 798 954 sumserit
808 893 972 971 colligere,
1003 894 1093 956 atde
1115 893 1220 955 ceteris
1243 891 1351 954 certius
1374 892 1461 952 iudi·
1552 921 1553 962 ι

236 985 314 1048 darn
345 983 404 1055 liat,
437 997 525 1059 mam
546 987 596 1040 aut
617 978 772 1057 Epiphanii
793 985 843 1039 aut
863 978 1033 1058 llieronymi
1066 987 1267 1040 ceterorumve
1288 977 1464 1038 Maereseo'-

235 1069 370 1148 lagueum
392 1064 576 1126 narrationes
598 1063 647 1124 hic
667 1063 811 1142 ingerere.
856 1062 1049 1144 Speeialiter,
1078 1063 1173 1142 inquit
1200 1063 1396 1142 Hieronymus
1424 1061 1462 1122 ιιι

236 1152 384 1232 Cetelogo,
407 1150 555 1211 adeerm
570 1147 732 1209 Becksicen
747 1152 844 1209 tenuit
858 1149 1013 1210 volumino
1028 1149 1062 1211 de
1078 1148 1233 1218 Pudicitia,
1257 1149 1291 1210 de
1306 1147 1461 1209 Persecu-

237 1243 325 1310 tione,
339 1237 373 1298 de
384 1234 518 1304 ieiuniis,
530 1233 565 1295 de
577 1233 775 1312 Mouopcmia.
797 1231 840 1292 lin
851 1232 888 1293 iis
899 1233 981 1294 libris
993 1233 1070 1296 illius
1085 1249 1200 1294 errores
1212 1241 1282 1295 sunt
1292 1231 1462 1311 repetendi.

321 1321 362 1382 hc
391 1317 467 1381 libro
499 1317 616 1396 quidem
650 1317 687 1378 de
707 1317 850 1378 Pudicitia
883 1327 993 1397 pugnat
1025 1336 1077 1379 eos
1109 1317 1159 1396 qui
1187 1325 1256 1396 post
1277 1315 1460 1395 baptismum
1552 1355 1553 1368 ι

237 1405 353 1468 moechi
375 1402 517 1481 cumperti
540 1403 681 1472 luissent,
710 1402 776 1462 licet
797 1420 814 1462 a
835 1402 896 1462 lieo
919 1403 1032 1464 veniam
1056 1419 1176 1481 sperare
1197 1410 1335 1481 possent,
1357 1409 1463 1462 minen

237 1491 273 1553 ad
293 1488 506 1570 poenitentiam
534 1487 570 1547 ab
592 1485 721 1548 lindesia
744 1505 805 1546 aen
826 1500 918 1564 posse
940 1489 980 1548 ita
1002 1487 1132 1560 admitti,
1165 1495 1197 1549 ut
1218 1485 1372 1565 aliqnando
1393 1486 1460 1546 Eo—

237 1576 345 1670 clesiae
377 1573 435 1634 illis
456 1589 521 1650 pax
548 1571 722 1632 redderetur
749 1590 783 1634 ac
811 1572 999 1646 communi03
1031 1571 1109 1650 quod
1138 1579 1198 1634 tum
1221 1571 1460 1650 Carthaginiensi

238 1656 635 1819 ψεᾝιέιῦιέιιῄιιέιθιιι
658 1723 880 1812 Parmenione,
914 1757 971 1801 nee
996 1741 1026 1802 in
1049 1740 1256 1822 persecutione
1277 1739 1461 1819 fugiendum,
1508 1725 1513 1730 ”

238 1845 294 1890 nec
326 1827 362 1888 ab
382 1823 512 1886 Medesia
544 1826 780 1903 persecutionem
814 1844 881 1888 esse
913 1826 1009 1905 pretio
1041 1825 1242 1886 redimendam
1271 1843 1305 1886 ex
1327 1824 1463 1886 Montani
1552 1869 1553 1874 η

239 1911 394 1991 disciplina
415 1909 525 1988 pannea
547 1910 659 1971 statuit

323 1995 414 2057 Libro
443 1992 480 2055 de
501 1993 621 2054 ieiuniis
649 2011 689 2076 ¹en
710 1993 839 2054 Montani
862 1993 995 2056 doctriua
1016 1993 1159 2055 adversas
1182 1992 1348 2055 Catholicae
1370 1993 1464 2055 inve-

238 2083 334 2155 lritur,
367 2078 416 2160 qni
438 2087 499 2140 tum
521 2095 610 2139 unam
631 2086 745 2140 tautum
766 2078 861 2150 diem,
895 2078 1034 2138 nimirum
1056 2078 1135 2139 diem
1162 2078 1302 2158 paschae,
1336 2078 1465 2140 adiectis

238 2185 298 2227 nno
322 2165 369 2226 die
390 2181 565 2242 parmenses
589 2171 618 2224 et
639 2181 698 2224 uno
720 2172 787 2223 ante
814 2163 939 2242 paschae
961 2163 1039 2223 diem
1061 2162 1203 2224 sabbatho
1228 2181 1289 2242 pro
1311 2163 1386 2226 solis
1412 2163 1462 2224 le·
1552 2209 1553 2244 ,

238 2254 349 2332 pilimis
372 2249 473 2310 diodus
496 2247 651 2321 habebant,
674 2247 704 2308 id
727 2257 781 2319 est,
805 2247 912 2326 quibus
935 2247 1036 2308 ieiunii
1058 2247 1121 2326 lege
1137 2265 1241 2308 omnes
1256 2247 1466 2327 obligarentur

240 2332 408 2396 Christiani.
437 2331 634 2393 ACatlrolicis
656 2350 727 2393 aevo
750 2332 919 2393 Tertulliani
942 2331 1106 2405 dicebatur,
1130 2351 1179 2394 eos
1202 2333 1272 2407 dies,
1295 2337 1328 2394 in
1350 2335 1464 2413 quidus
1552 2365 1553 2406 ,

239 2421 360 2482 eilanes
383 2427 428 2480 est
450 2435 589 2498 sponsus,
612 2435 676 2480 esse
698 2418 759 2479 dies
781 2420 899 2480 ieiuniis
921 2419 1143 2489 determinatas,
1168 2435 1202 2478 oc
1225 2417 1259 2478 de
1282 2427 1380 2479 aetem
1395 2418 1464 2497 dif-
1552 2471 1553 2490 ,

238 2506 379 2583 furenter
400 2503 609 2572 ieiunandum,
633 2519 672 2563 eu
692 2503 833 2572 crditric,
856 2521 918 2564 non
940 2519 979 2564 ee
1000 2505 1125 2582 imperio
1148 2519 1244 2564 nacae
1270 2501 1464 2581 disciplinae,
1552 2497 1553 2508 ’

236 2605 297 2670 pro
321 2587 505 2667 temporibus
527 2596 556 2647 et
580 2591 677 2648 mersis
699 2590 950 2666 ammonitionum
975 2592 1018 2648 sic
1040 2599 1069 2650 et
1090 2584 1245 2666 apostolos
1269 2587 1461 2660 observasse,

240 2672 359 2734 nullum
393 2671 478 2732 oldad
509 2673 694 2751 inponentes
728 2675 829 2749 sirmam
858 2682 1017 2732 certorum*
1039 2682 1067 2732 et
1088 2673 1121 2732 in
1145 2689 1297 2734 commune
1321 2672 1464 2734 omnihus

242 2757 446 2820 adeundarum
468 2759 659 2816 ieiuniorum.
703 2753 783 2816 llaec
804 2754 1019 2816 catholicorum
1042 2756 1203 2827 sententia,
1232 2755 1297 2834 qni,
1320 2763 1352 2816 ut
1373 2765 1464 2817 antea

241 2839 451 2903 Tertullianus:
485 2841 627 2918 drpuunt
647 2859 714 2915 nos,
737 2839 841 2918 inquit,
864 2841 942 2920 quod
962 2844 1074 2901 ieiunia
1092 2844 1223 2921 proprio
1243 2842 1464 2912 custodiamus,
1552 2909 1553 2930 χ

240 2927 320 3008 puod
343 2925 684 3005 stationes-plerumque
705 2927 737 2986 in
759 2942 916 3004 vesperam
935 2926 1154 3004 producamus,
1184 2926 1263 3006 quod
1290 2929 1377 2988 etium
1396 2943 1460 2987 ae·
1552 2983 1553 2998 ,

240 3011 402 3094 ropiopics
427 3009 632 3079 odaeroeutus,
655 3013 798 3071 siccantes
822 3009 918 3071 cilum
939 3009 976 3071 ad
999 3014 1082 3070 omni
1102 3025 1206 3080 corne,
1229 3017 1295 3083 ete,
1316 3010 1385 3070 haec
1405 3009 1461 3070 ille
1552 3011 1553 3102 ,

238 3113 303 3172 enp.
322 3099 351 3156 1.
373 3110 497 3154 suerum
512 3093 755 3154 Montanistarum
778 3093 881 3171 placita
902 3093 1061 3172 suplicans.
1090 3093 1151 3162 Iam
1174 3093 1251 3176 enim
1274 3112 1334 3155 non
1354 3109 1464 3154 meror

238 3177 353 3239 Paresii
380 3183 429 3236 aut
451 3176 587 3236 Turriani
619 3175 837 3251 aberratioues,
871 3177 920 3255 qni
942 3197 976 3238 er
998 3176 1095 3256 lepido
1117 3178 1204 3257 plane
1225 3177 1401 3257 praeiudicio
1425 3178 1463 3240 in

237 3257 299 3322 hoc
321 3261 357 3321 dc
379 3259 500 3320 ieiuniis
523 3259 669 3321 volumine
691 3279 744 3339 pro
767 3261 913 3322 Ecclesiae
935 3262 1087 3340 disciplina
1109 3263 1251 3324 adversus
1262 3263 1463 3324 Montanista-

241 3363 307 3406 rum
337 3343 441 3424 placita
462 3357 609 3422 pugnasse
631 3344 841 3408 Tertullianum
863 3345 966 3408 salunt
987 3354 1016 3408 et
1037 3347 1229 3412 Montanistas
1251 3348 1463 3428 psychicorum

240 3429 362 3490 nomine
384 3427 420 3488 aa
443 3447 478 3488 eo
501 3427 591 3490 luisse
613 3429 793 3508 designatos.

239 3541 244 3546 ·
325 3511 457 3592 lienique
479 3511 553 3573 lihro
576 3513 612 3574 da
633 3514 817 3593 Monogamia
839 3515 878 3575 ita
900 3515 1043 3577 adversus
1065 3515 1208 3578 sectandas
1231 3515 1348 3597 nuptias
1371 3517 1462 3578 iuve-

238 3598 322 3660 hitur
343 3613 379 3660 ex
399 3597 642 3660 Montanietarum
664 3598 818 3670 sententia,
841 3607 874 3660 at
890 3615 944 3661 eas
967 3608 1070 3679 stupro
1092 3601 1194 3662 uliares
1215 3619 1281 3662 esse
1303 3601 1434 3663 deliniat

324 3683 405 3745 llaec
431 3683 618 3761 potissimam
647 3683 738 3746 lhisse
765 3684 900 3744 sidentur
928 3685 1020 3764 eapite
1043 3685 1201 3764 inquibus
1224 3685 1260 3747 ab
1283 3687 1466 3750 orthodoxis

240 3767 410 3830 dissensere
430 3767 558 3828 Montani
580 3767 718 3840 asseclae,
741 3768 789 3847 qui
811 3767 880 3830 dum
902 3770 1014 3848 passim
1036 3787 1141 3830 novam
1162 3769 1266 3849 legem,
1289 3771 1368 3849 qued
1390 3772 1467 3834 lacit

242 3851 451 3926 Torarllianus,
473 3851 655 3913 Paracletum
668 3853 808 3926 Montani,
830 3852 906 3914 illiue
928 3853 1110 3932 disciplinam
1130 3855 1345 3934 perfectiorem,
1367 3873 1460 3918 reve·

238 3937 367 3998 tationes
389 3955 423 3998 ac
444 3936 617 4000 charismata
639 3935 755 4009 iactant,
776 3938 917 3999 aduersus
934 3937 1099 4000 Catholicae
1120 3947 1296 4020 pugnanmt,
1320 3947 1461 4020 nuquam

238 4020 383 4081 aaleereas
406 4021 574 4100 rsycnteos,
597 4037 666 4082 rere
685 4022 818 4083 *carnales
840 4030 870 4083 ot
891 4019 1049 4096 animales,
1073 4023 1117 4085 eie
1136 4041 1190 4085 eos
1211 4024 1355 4086 titulaudo
1377 4026 1462 4104 quod

238 4103 356 4164 notarit
375 4105 543 4182 dnonpmas
566 4105 715 4166 Sirmondi
735 4103 858 4170 llaeresi
880 4104 978 4167 Xlli'l.

327 4187 450 4249 Ceteros
462 4189 633 4250 Tertulliani
657 4204 775 4250 emeres
796 4191 846 4252 hic
866 4207 1039 4254 enumerare
1060 4191 1133 4252 nihil
1155 4192 1268 4265 munet,
1291 4211 1460 4272 menonem

242 4271 416 4345 nomrnllee,
445 4281 482 4332 ut
502 4275 580 4352 quod
609 4274 645 4335 de
672 4276 865 4354 corporeitate
886 4275 998 4336 animae
1020 4275 1155 4356 illiusque
1176 4295 1250 4340 seru
1270 4276 1358 4339 hahet
1378 4278 1463 4342 libre
1551 4331 1553 4338 ,

240 4355 279 4416 ale
301 4355 414 4427 anina,
447 4373 482 4417 en
513 4357 739 4421 revelationibus
769 4359 1010 4422 Mantauietarum
1040 4361 1273 4424 muliercularum
1304 4363 1460 4440 proiectos

237 4439 337 4502 misse
356 4447 439 4520 putet
460 4439 614 4504 Bareuius.
646 4443 760 4524 Quippe
782 4444 828 4506 vel
848 4445 912 4524 ipsa
934 4443 1076 4506 librorum
1098 4454 1266 4524 argumenta
1289 4465 1348 4508 non
1367 4456 1457 4510 rem·

235 4525 359 4599 iissem,
389 4523 447 4587 aiei
471 4533 506 4587 at
529 4527 566 4587 ad
588 4527 635 4590 illa
657 4537 794 4610 tanquam
817 4529 852 4590 ad
874 4528 999 4608 lapidem
1020 4529 1144 4610 Lydium
1163 4538 1261 4593 cetera
1283 4530 1474 4593 Tertulliani.
