3126 5250
200 433 205 456 a
256 346 322 426 30⁸
353 365 544 412 ntssnartrto
559 365 590 411 lii
606 365 656 420 ott.
667 365 754 410 ΕΠ.
769 363 1065 417 ἙιῦΙὶιᾹἛΜῦωΑΝΙ
1079 353 1305 406 ΔΡΟιθῦΕΤΙῦΰΙ
1320 361 1405 404 GETT.

257 523 319 594 um
338 515 457 595 plurimi
478 533 533 581 stro
555 523 690 596 tompore
711 515 845 578 seniores
868 523 953 578 erant
973 521 1003 576 et
1023 521 1117 590 aetate
1138 509 1293 593 provecti?
1334 511 1378 572 td
1398 511 1477 574 baec

257 619 328 680 reru
351 601 387 662 ab
408 601 512 662 eodem
528 599 672 680 Cypriane
700 599 836 662 dicuntur
862 604 897 661 io
915 618 1076 682 pressura,
1099 598 1130 663 id
1151 595 1393 662 minuentibus
1414 614 1472 675 pro

261 684 369 747 Christi
390 686 447 746 lide
468 693 637 747 constanter
658 685 790 746 toleratis
808 684 943 765 probati.
972 683 1036 748 alio
1059 691 1157 746 umen
1178 701 1273 745 sensu
1293 681 1329 746 ab
1344 681 1474 744 Auctore

257 777 363 840 nostro
384 768 555 850 simpliciter
575 776 782 848 nuncupantur
799 771 934 850 probuti,
961 767 1100 830 nimiramr
1123 767 1247 834 aliorum
1269 765 1410 845 suffragio
1434 765 1475 826 cb

256 854 332 916 ritae
354 873 425 916 suae
445 853 669 918 sanctimoniam
687 854 814 934 probati
832 861 862 914 et
883 853 977 915 electi.
1005 853 1074 932 lpse
1096 852 1246 916 enimvero
1268 851 1341 929 baec
1361 849 1473 912 ibidem

257 938 421 1002 subiunxit:
450 938 605 1005 Honorem
625 942 717 1002 ictum
738 943 930 1018 concretio,
953 939 1005 1002 aed
1026 940 1195 1006 testimonio
1216 937 1326 1016 adepti.
1369 934 1473 1016 Neque

257 1028 335 1086 euim
352 1029 454 1104 pretio
475 1023 684 1086 eucrotia·
703 1033 823 1086 cotestot
844 1022 1028 1097 (Tertullian.
1040 1021 1193 1101 Apologet.
1206 1022 1355 1100 oap.39.).
1377 1018 1473 1082 Nemo

256 1116 371 1182 autem,
399 1107 442 1168 uti
462 1115 613 1187 putamus,
642 1106 761 1186 negabit
780 1105 820 1168 ibi
848 1126 865 1169 a
887 1107 1069 1172 Tertulliano
1091 1106 1172 1168 bisce
1200 1105 1297 1170 tarbis
1327 1105 1475 1166 bonorem

254 1197 349 1255 istum
369 1191 514 1271 designari
543 1211 643 1256 sacros
671 1191 874 1254 ministrorum
900 1192 954 1255 liei
985 1191 1121 1264 ordines,
1158 1190 1208 1270 qui
1233 1189 1314 1252 nullo
1341 1189 1475 1270 penitus,

256 1276 441 1356 qnantumm
462 1276 594 1350 minimo,
627 1277 734 1356 pretio,
757 1277 811 1340 sed
833 1285 914 1338 certo
937 1283 967 1337 et
988 1276 1066 1356 gravi
1087 1274 1296 1354 religiosorum
1317 1273 1470 1336 bominum

255 1360 426 1424 testimonio
454 1361 526 1422 ritis
552 1360 684 1440 probatis
713 1368 743 1422 et
770 1360 870 1422 electis
899 1360 1027 1422 conserti
1053 1358 1208 1424 debebant
1262 1358 1418 1420 Rationem
1447 1359 1472 1420 si

255 1463 390 1525 gutum,
420 1446 495 1508 bane
515 1445 551 1508 ab
572 1445 740 1518 Ambrosio,
768 1445 854 1508 dictis
876 1443 1048 1508 Tertulliani
1068 1445 1155 1524 plane
1176 1451 1397 1522 congruentem,
1420 1462 1472 1504 ae-

256 1529 335 1609 cipe:
376 1529 475 1594 Hebes
508 1529 630 1596 Demetri
655 1541 851 1612 praeceptum
883 1535 960 1592 cotis
993 1529 1116 1602 illisaei,
1155 1528 1274 1591 Giemm
1307 1528 1471 1606 punientis,

256 1615 423 1696 asumptum
443 1619 539 1694 gretia
568 1616 642 1676 dore
679 1634 732 1678 nee
759 1616 888 1696 uendere
914 1617 1127 1686 materonum,
1162 1615 1214 1675 sed
1241 1614 1371 1694 offerre;
1409 1632 1473 1676 aea

256 1703 335 1770 euim
353 1704 452 1778 pretio
475 1709 603 1762 tucatur
617 1698 676 1761 liei
694 1693 812 1778 arctici
832 1717 887 1762 aee
908 1704 941 1762 io
962 1703 1158 1762 sacramentis
1176 1698 1300 1770 ,lucrum
1313 1716 1470 1778 quaerere,

256 1784 309 1858 sed
331 1785 500 1864 obsequium
521 1785 685 1847 aocmdotis
708 1783 855 1859 (imbrem.
876 1783 927 1846 bb.
949 1783 996 1846 tv.
1019 1783 1204 1862 Exposition.
1226 1783 1257 1843 in
1276 1781 1351 1842 Luc.
1372 1785 1403 1859 ς.
1418 1785 1471 1846 52.

254 1885 321 1948 pag.
346 1869 459 1945 tutat.
502 1867 539 1929 lit
558 1868 646 1946 paulo
668 1876 753 1947 post:
782 1867 978 1950 loecpiubilis
1002 1880 1046 1930 est
1067 1872 1145 1931 caim
1166 1868 1279 1930 venditi
1300 1866 1390 1947 culpo
1411 1871 1470 1930 mi-

255 1956 377 2026 nisterii
396 1964 423 2015 et
444 1957 558 2032 gretia:
582 1953 715 2016 uindicta
736 1953 871 2016 coelestis
893 1957 1007 2014 transit
1028 1953 1225 2033 adnecteres
1248 1950 1333 2026 (ibid.
1350 1955 1378 2028 5.
1395 1953 1469 2026 53.).

209 2079 212 2090 ·
254 2035 361 2110 Postea
383 2037 413 2099 id
426 2038 580 2098 confirmat
594 2037 727 2116 exemplo
742 2037 872 2098 Simonis
887 2037 962 2116 llagi
977 2036 1063 2112 (ibid.
1075 2037 1126 2100 lib.
1137 2036 1186 2100 tx.
1203 2039 1233 2113 δ.
1249 2038 1299 2100 19.
1310 2054 1339 2114 p.
1353 2037 1465 2108 tillut,

255 2139 351 2200 aquo
375 2121 515 2194 simonia,
545 2129 605 2184 tam
628 2140 717 2201 saepe
739 2121 900 2184 canonibus
921 2121 1068 2184 Ecclesiae
1096 2141 1131 2183 ae
1158 2129 1327 2185 sanctorum
1346 2121 1461 2180 Patrurn

257 2205 374 2286 scriptis
396 2208 530 2269 damnata
551 2225 660 2268 nomen
682 2207 803 2287 aceepit.

735 2357 918 2436 'anrtcuttts
936 2358 965 2410 ll.

254 2461 286 2508 De
304 2462 367 2518 stipe,
391 2473 457 2516 quarn
476 2461 593 2506 Christiani
609 2462 632 2505 in
650 2461 697 2506 suis
714 2461 829 2516 synaxibus
848 2461 977 2514 odorabunt,
1000 2462 1037 2505 uhi
1060 2462 1156 2518 reposita
1186 2462 1259 2512 buerit,
1281 2469 1356 2504 utrum
1380 2459 1467 2504 illorum

349 2530 429 2574 caritas
447 2535 545 2585 tempore
564 2528 692 2572 Tertulliani
711 2528 825 2581 retrixerit,
843 2541 869 2572 ne
887 2529 967 2584 quibus
985 2536 1007 2572 et
1025 2529 1052 2572 nd
1069 2541 1126 2586 qnos
1144 2541 1198 2572 usus
1217 2541 1274 2584 quae
1293 2529 1320 2572 ab
1339 2529 1372 2572 eis

701 2597 809 2640 dabantur
826 2596 952 2652 dispensata
971 2595 1021 2640 sint.

270 2761 281 2786 ,
339 2712 510 2790 Quanquam
533 2709 703 2772 Tertulliani
724 2718 857 2791 tempore
878 2711 915 2772 ab
936 2710 1067 2773 Ecclesia
1093 2709 1211 2789 penitus
1239 2711 1372 2773 exularet
1403 2730 1468 2772 om·

253 2794 301 2860 nis
316 2795 475 2858 simoniaca
489 2795 587 2870 labes,
610 2797 641 2857 in
663 2814 696 2858 ea
718 2803 816 2868 tamen
838 2796 937 2868 domo,
959 2795 990 2858 in
1012 2813 1098 2874 quam
1113 2793 1272 2858 Christiani
1293 2796 1330 2857 ad
1346 2815 1471 2876 synaxes
1553 2815 1554 2856 t

253 2881 381 2960 agendas
403 2881 491 2942 solito
513 2898 596 2945 more
618 2880 826 2954 convolabant,
858 2880 1024 2959 repositum
1046 2887 1109 2942 erat
1136 2898 1226 2942 crece
1246 2899 1355 2962 genita,
1384 2881 1470 2944 simti
1553 2955 1554 2970 χ

253 2963 303 3031 'tile
323 2964 373 3038 ait,
400 2982 464 3027 ooo
485 2965 689 3028 utooororto
708 2983 832 3037 cumaeo,
860 2966 1136 3046 quartaedecimae
1158 2965 1313 3046 religionis
1336 2966 1471 3040 (Tertul-
1553 2979 1554 3018 t

253 3047 321 3110 lian.
342 3049 495 3128 Apologet.
518 3069 581 3131 cap.
604 3051 679 3127 39.).
720 3051 813 3128 Atque
843 3049 883 3110 ita
911 3050 1028 3128 quidem
1055 3049 1086 3110 in
1114 3048 1230 3111 dnobus
1252 3050 1470 3130 antiquioribus

253 3133 366 3194 nostris
388 3133 549 3196 codicibus.
592 3135 627 3196 ln
647 3135 764 3196 duobus
791 3153 863 3197 reru
890 3133 1105 3196 recentioribus
1135 3133 1311 3198 Colbertiuis
1339 3153 1404 3197 ooo
1434 3137 1472 3198 de

254 3215 432 3280 bcoorcrio.
475 3217 509 3279 ln
539 3217 646 3296 priscis
678 3238 713 3281 ae
744 3218 919 3297 quibusdam
948 3217 1163 3280 recentioribus
1195 3218 1310 3282 excusis
1344 3238 1408 3284 ooo
1434 3223 1471 3284 de

255 3304 408 3386 emeterio.
453 3300 584 3364 l'essime
616 3303 733 3365 tandem
765 3303 794 3364 in
825 3302 947 3367 Pamelii
979 3302 1108 3366 editione
1138 3321 1202 3365 ooo
1235 3305 1269 3369 de
1297 3306 1466 3368 ordinario.

253 3383 327 3446 Nam
349 3383 472 3462 singulis
494 3385 597 3449 saltem
618 3387 780 3460 mensibus,
802 3396 835 3449 ut
855 3407 925 3450 mox
947 3387 1069 3461 dicetur,
1092 3406 1126 3448 ea
1141 3406 1254 3450 summa
1269 3386 1469 3452 deserebatur.

253 3468 383 3532 Primam
404 3468 500 3549 itaque
522 3469 678 3532 lectionem
700 3471 805 3534 ceteris
826 3472 965 3552 praetulit
985 3470 1142 3552 Rigaltim,
1175 3481 1238 3534 tum
1265 3473 1334 3551 quia
1363 3474 1394 3535 in
1416 3493 1467 3536 re-

252 3552 421 3630 tustissimo
443 3554 543 3617 codice
564 3556 703 3630 babetur,
732 3565 795 3616 tum
817 3557 885 3636 quia
905 3556 964 3618 boc
983 3557 1104 3618 nomine
1126 3557 1329 3620 debooorcric
1351 3559 1468 3638 signifi-

252 3638 313 3714 ¹cari
333 3645 417 3720 putat
438 3657 591 3714 summam,
613 3659 687 3719 quae
707 3657 763 3712 nec
790 3641 900 3703 vendis
922 3660 976 3704 nee
997 3643 1173 3722 redemptae,
1196 3653 1228 3704 nt
1249 3641 1289 3703 ait
1310 3642 1468 3706 Tertullia-
1553 3655 1554 3658 ’

252 3743 326 3799 uus,
360 3723 530 3803 religionis,
562 3733 649 3804 atque
677 3725 716 3788 ita
744 3724 816 3786 nulli
844 3725 1106 3791 dehonestamento
1134 3734 1214 3788 erat.¹
1249 3725 1347 3788 Minus
1370 3727 1466 3806 itaque

252 3808 330 3876 bene
351 3827 387 3870 ex
407 3808 465 3871 hoc
484 3809 604 3872 nomine
624 3809 672 3872 illa
694 3809 753 3872 duo
776 3811 811 3872 de
832 3811 1001 3874 lcoorcrr'u
1022 3830 1037 3872 a
1055 3810 1182 3873 bbrariis
1203 3811 1278 3872 lactu
1298 3820 1388 3886 snnt3
1409 3809 1466 3874 nisi

251 3893 300 3974 bis
323 3893 481 3974 significari
502 3893 574 3957 velis
596 3894 672 3966 banc
692 3911 837 3959 summam
858 3914 875 3958 a
897 3893 1082 3968 Christianis,
1105 3895 1154 3974 qui
1176 3913 1192 3958 a
1214 3895 1369 3973 gentilium
1391 3898 1465 3964 lastu

253 3977 374 4058 omnino
401 3977 609 4054 abhorrebant,
643 3996 704 4042 non
731 3978 794 4041 dari
816 3980 852 4040 ad
874 3979 1000 4058 aliquem
1020 3979 1181 4042 humanum
1207 3980 1354 4042 bonorem
1375 3999 1463 4044 auur·

252 4061 392 4142 pandum.
436 4064 468 4126 si
496 4083 567 4126 vero
594 4064 750 4143 legendum
778 4082 899 4136 censeas
921 4083 984 4127 oco
1006 4065 1361 4137 murmuriosum,
1393 4082 1464 4145 qnae

252 4144 388 4224 uidelicet
409 4147 582 4210 Christianis
604 4167 659 4210 nec
680 4148 803 4210 molesta
832 4167 888 4210 nec
908 4149 992 4212 oneri
1014 4157 1091 4222 erat,
1121 4151 1194 4210 baec
1214 4147 1300 4212 lectio
1323 4167 1386 4213 non
1408 4149 1461 4211 mi-

252 4246 310 4298 uus
331 4248 417 4308 quam
438 4231 597 4312 Rigaltr'ana
619 4233 785 4296 confirmari
806 4241 905 4313 potest
925 4232 974 4294 bis
996 4232 1187 4314 sequentibus
1201 4233 1376 4302 Tertulliani
1397 4251 1461 4296 rer·

251 4311 315 4382 bis:
348 4313 493 4380 Modicam
512 4322 717 4401 enusquisque
738 4322 845 4398 stipem
864 4328 1022 4382 numeros
1043 4319 1097 4392 de,
1127 4319 1175 4382 oei
1196 4337 1262 4386 cum
1283 4319 1367 4394 uelit,
1389 4329 1418 4382 et
1436 4319 1465 4379 si

252 4399 340 4482 modo
362 4398 434 4460 velit
455 4411 484 4464 et
505 4405 771 4484 enmocepanti,
793 4406 927 4483 opponit.
969 4402 1048 4466 Nam
1068 4421 1153 4469 mmo
1176 4402 1382 4483 compellitur,
1412 4401 1463 4465 sod

253 4496 360 4568 sponte
383 4484 501 4562 confert
522 4486 630 4564 (thid).
673 4487 739 4551 Non
761 4505 867 4565 magno
889 4485 979 4566 igitur
999 4487 1045 4550 vel
1071 4488 1179 4550 honori
1211 4488 1258 4550 rel
1284 4488 1370 4550 oneri
1397 4501 1461 4549 csse

251 4576 368 4652 poterat
389 4585 424 4634 ea
444 4568 558 4634 modica
583 4571 723 4654 pecunia,
756 4591 842 4652 quarn
869 4571 1073 4653 unusquisqne
1092 4590 1149 4653 pro
1169 4571 1253 4636 libito
1275 4591 1310 4638 ac
1329 4571 1461 4638 tantun

1356 4700 1364 4732 i
