3122 5250
507 389 642 436 murone
662 389 722 434 nra.
744 388 782 434 ne
803 387 930 435 noum.
1261 373 1324 438 stt

108 557 187 622 aqua
214 540 361 604 difficilius
390 540 569 622 extinguitur
599 548 651 602 aut
676 539 821 620 redigitur
849 540 880 602 iu
901 539 1026 602 nihilum
1057 539 1152 614 (Serv.
1175 541 1205 602 in
1225 539 1277 604 lib.
1300 540 1324 604 l.

106 625 231 688 Aeneid.
253 625 354 704 virgi.
383 645 411 686 r.
433 627 509 702 95.)
553 624 693 688 Omnium
723 633 822 688 autem
852 625 928 688 hanc
958 643 1060 686 revera
1091 625 1325 690 crudelissimam

106 729 181 774 esse
201 719 328 774 mortem
349 709 470 792 probari
490 727 582 789 posse
603 717 707 790 putant
726 709 774 772 his
797 709 892 772 Ovidii
914 709 1106 772 carminibus:

261 795 332 860 lt'oe
354 795 466 858 letbum
487 799 584 866 dumo,
605 813 698 876 genus
719 807 767 858 est
787 795 959 858 miserabile
979 799 1105 858 mortis:

201 893 206 900 '
325 880 441 944 Desinite
462 881 668 959 naufragium,
689 898 775 942 more
796 881 872 943 otili
888 898 999 943 monos
1021 883 1091 942 erit.

516 963 614 1039 (ovid.
636 962 686 1024 lib.
702 965 725 1026 1.
748 964 839 1026 Trist.
860 964 942 1044 Eleg.
964 964 1001 1026 ll.
1022 984 1050 1024 r.
1073 967 1113 1028 57
1136 972 1167 1026 et
1187 965 1282 1043 seqq.)

108 1049 219 1112 Verum
246 1048 319 1112 baec
346 1047 470 1112 canebat
494 1054 584 1128 posta
610 1066 713 1110 amore
740 1049 878 1133 sepulcri,
906 1065 965 1128 quo
992 1049 1150 1128 naulmgus
1171 1048 1323 1112 caruisset.

106 1133 155 1196 Ad
175 1133 371 1215 philosophos
397 1133 596 1214 autemqood
617 1133 728 1207 attinet,
758 1132 785 1194 si
806 1134 895 1213 aliqui
917 1134 1044 1196 animm
1065 1133 1195 1195 bominis
1217 1133 1325 1213 ignem,

108 1217 162 1280 alii
182 1226 261 1280 certe
283 1236 397 1298 aquam
419 1217 468 1280 alii
489 1236 609 1298 corpus,
630 1217 679 1280 elii
701 1218 849 1298 spiritum,
871 1218 920 1280 alii
937 1217 1025 1292 ubud,
1047 1218 1124 1280 sicut
1137 1217 1205 1280 alibi
1220 1227 1323 1282 osteu-

109 1303 209 1365 dimue
241 1302 408 1378 (Dissertat.
430 1303 461 1365 in
487 1302 620 1364 Lactant.
643 1321 706 1383 cap.
728 1305 780 1367 23.
803 1303 865 1365 brt.
887 1306 942 1380 2.),
975 1321 1043 1366 esse
1074 1302 1324 1366 existimaverunt.

108 1387 309 1450 Tertullianus
329 1405 421 1468 porro
442 1405 504 1449 nou
524 1387 613 1450 unius
633 1386 795 1468 pbiliscphi
815 1387 925 1467 potius,
957 1405 1044 1466 mom
1064 1387 1183 1450 alterim
1205 1387 1325 1467 opinio·

108 1491 179 1534 nem
200 1473 322 1536 nomnit.

195 1556 288 1619 Nobis
314 1557 411 1637 itaque
442 1574 547 1636 parum
574 1555 730 1618 soliditatis
751 1557 868 1618 ridetur
888 1555 996 1618 habere
1017 1556 1135 1619 idomm
1156 1557 1325 1637 responsio,

108 1642 162 1722 qui
183 1642 254 1704 dum
274 1641 432 1714 curiosius,
454 1660 541 1721 quam
562 1659 616 1720 par
637 1649 710 1713 crat,
731 1641 889 1724 uerborum
904 1641 1073 1704 Tertulliani
1093 1643 1237 1704 rationem
1252 1659 1323 1722 per·

107 1727 230 1790 sacnti
257 1736 336 1798 sunt,
366 1727 395 1787 in
421 1725 520 1805 scirpo
547 1725 659 1787 nodum
684 1725 847 1805 quaesiere.
889 1725 957 1788 Non
984 1726 1041 1788 elio
1067 1727 1145 1788 enirn
1167 1727 1215 1788 ille
1235 1728 1324 1790 modo

108 1811 241 1891 loquitur
267 1812 304 1874 de
325 1811 496 1884 infantibus,
523 1828 650 1889 quorum
671 1809 792 1889 spiritns
813 1810 846 1872 iu
867 1829 941 1889 aqua
962 1811 1151 1890 extinguitur,
1179 1829 1266 1891 mam
1288 1813 1325 1875 de

110 1896 186 1970 aliis,
214 1896 264 1976 qui
293 1896 515 1976 exponebantur
542 1894 654 1974 frigori,
683 1895 753 1957 lami
783 1905 813 1956 et
833 1895 965 1957 canibus.
1007 1898 1045 1958 at
1065 1897 1172 1958 borum
1194 1897 1326 1959 omnium

111 1981 267 2044 infantium
288 1980 493 2052 crudeliorem,
526 1997 612 2058 quam
635 1979 759 2042 aliorum
779 1979 933 2042 bominum
953 1997 1055 2043 necem
1077 2000 1145 2044 esse
1166 1990 1326 2054 asseverat,

110 2067 179 2146 quia
205 2067 332 2128 inientes
360 2073 457 2127 certae
483 2063 572 2126 morti
600 2064 727 2144 expositi
755 2065 836 2127 omni
862 2083 998 2144 prorsus,
1028 2083 1088 2145 quo
1117 2066 1164 2128 alii
1192 2085 1226 2128 se
1247 2067 1325 2129 tueri

109 2161 263 2232 poterant,
304 2149 436 2212 destituti
464 2159 547 2210 crant
574 2147 681 2212 auxilio
714 2158 801 2228 atque
828 2149 938 2212 idcirco
965 2151 1113 2226 crudelius
1140 2167 1227 2230 mam
1255 2157 1325 2213 natu

110 2235 286 2316 grandiores
307 2235 494 2296 necabantur.
534 2235 571 2295 st
590 2233 670 2296 hunc
690 2251 760 2296 esse
782 2234 953 2296 Tertulliani
975 2253 1096 2297 sensum
1117 2254 1179 2297 non
1200 2235 1326 2298 obscure

109 2321 277 2401 significant
303 2318 514 2398 subsequentia
541 2319 606 2381 eius
633 2317 738 2380 umba:
775 2318 871 2382 Ferro
900 2324 980 2382 eneae
1004 2325 1087 2383 mori
1105 2333 1188 2384 uetus
1210 2339 1326 2402 quoque

108 2410 211 2468 oculor
232 2409 384 2486 optauerit
405 2403 585 2478 (Tertullian.
600 2403 753 2483 Apologet
769 2420 832 2483 cap.
847 2406 902 2480 9.),
924 2404 1053 2466 malebat
1063 2405 1172 2485 quippe
1185 2423 1246 2468 uno
1261 2403 1324 2484 gla-

82 2495 87 2502 ’
109 2491 152 2552 dii
173 2491 233 2552 ictu
242 2507 329 2569 mam
338 2488 477 2552 diuturno
487 2507 521 2550 ac
530 2487 666 2567 languido
677 2488 914 2550 miserandorum
924 2488 1079 2552 infantium
1089 2490 1178 2551 modo
1190 2489 1325 2551 interfici.

109 2573 153 2637 lie
166 2573 225 2637 boc
238 2592 330 2655 porro
349 2573 503 2635 infantium
523 2572 709 2652 expositione
730 2574 875 2652 huiusque
896 2574 1156 2653 argumentationis
1176 2573 1287 2636 viribus
1308 2591 1325 2634 e

107 2660 198 2722 nobis
219 2659 251 2720 iu
272 2665 374 2721 nostra
395 2659 432 2719 de
446 2656 565 2720 blinucii
579 2656 683 2718 Felicis
699 2658 818 2720 Octavio
840 2658 1049 2720 dissertatione
1070 2667 1101 2720 ct
1119 2659 1194 2720 locis
1217 2659 1325 2721 ibidem

108 2745 207 2808 citatis
229 2744 409 2824 disputatum
431 2752 479 2804 est
499 2741 665 2816 (Dissertat.
685 2741 717 2802 in
737 2741 844 2804 blinuc.
866 2743 968 2804 Octav.
990 2759 1053 2821 cap.
1075 2744 1106 2807 9.
1127 2743 1189 2804 Art.
1214 2746 1287 2819 12.)

197 2830 293 2892 Omne
319 2844 411 2909 porro
439 2825 589 2890 homicidii
616 2843 709 2904 genus
738 2826 783 2888 sic
810 2825 985 2888 Christianis
1015 2826 1259 2899 interdicebatur,
1290 2837 1327 2889 et

108 2919 186 2998 cissis
208 2918 299 2976 eduae
321 2923 492 2993 conceptum
512 2920 611 2982 utero,
635 2909 805 2972 Tertulliani
826 2909 916 2972 verba
937 2920 1016 2983 sunt,
1043 2913 1113 2973 dnm
1133 2912 1230 2973 adbuc
1251 2929 1326 2974 sote

107 3005 177 3080 gele
199 3003 234 3061 ie
256 2999 401 3061 bendecar
422 2996 582 3066 delibatur,
605 2992 966 3058 casaromaniana
988 2994 1171 3068 (Tertullian.
1183 2995 1240 3059 tue
1251 2995 1324 3072 cit),

110 3085 140 3148 id
169 3093 217 3146 est
246 3084 316 3145 dum
343 3083 440 3144 iaetus
469 3081 500 3141 in
526 3077 629 3142 matris
656 3087 742 3141 utero
764 3079 896 3140 nondum
917 3080 1074 3142 humanam
1096 3079 1217 3158 liguram
1239 3097 1324 3141 acce·

109 3177 205 3252 perat
248 3167 315 3230 Non
336 3167 415 3228 enim
437 3164 536 3227 omnio
556 3162 685 3225 bominis
705 3163 837 3226 membra
857 3165 944 3226 simul
965 3165 1129 3226 formantur
1160 3182 1216 3227 aec
1229 3164 1326 3226 anime

109 3255 213 3316 statim
239 3251 332 3315 luctui
359 3249 532 3321 iniunditur,
559 3248 612 3310 sed
633 3257 703 3327 post
723 3249 832 3312 multus
854 3269 870 3311 a
891 3257 1033 3329 conceptu
1055 3249 1130 3322 dies,
1157 3252 1201 3311 uti
1222 3255 1328 3328 putant

108 3337 283 3420 philosophi
313 3355 428 3415 nosque
457 3333 527 3398 olibi
557 3333 741 3396 ostendimus
784 3334 950 3408 (bissenae
972 3334 1004 3395 in
1024 3333 1156 3396 lactant
1184 3352 1250 3414 cap.
1273 3336 1326 3398 27.

109 3425 172 3486 brt.
195 3427 226 3488 2.
257 3429 288 3484 et
315 3439 378 3500 cap.
400 3424 452 3484 40.
479 3419 541 3480 brt
565 3421 619 3496 6.).
661 3419 749 3498 Atqrd
781 3418 928 3481 eiusmodi
961 3418 1132 3480 abortiones
1164 3437 1327 3498 provocare

109 3505 286 3571 Christianis
307 3507 389 3568 nefas
413 3513 485 3576 erat,
507 3511 617 3583 quanto
637 3503 731 3583 magis
753 3503 900 3583 quoslibet
921 3503 1056 3566 occidere
1077 3501 1228 3567 homines!
1251 3503 1326 3577 Quis

109 3593 200 3674 igitru
221 3609 283 3654 non
304 3589 423 3669 indigns
443 3589 516 3650 ierat
537 3587 604 3650 illos
626 3587 776 3650 homicidii
798 3597 855 3650 mm
879 3597 990 3651 temere
1011 3587 1153 3668 postulari
1174 3588 1211 3650 ab
1226 3587 1326 3650 etbui-

109 3679 165 3825 dciis,
189 3677 239 3757 qui
261 3676 513 3822 pamdlpreqqenmq
530 3673 605 3735 alios
621 3672 764 3819 tlqomines
786 3673 990 3736 crudelissime
1013 3673 1193 3745 occidebant,
1215 3679 1248 3733 ut
1268 3671 1327 3732 ism

139 3771 260 3827 ctume
295 3779 311 3821 a
353 3777 389 3822 uc
429 3775 494 3822 reon
515 3776 564 3820 um
586 3775 619 3820 es

611 3926 778 3978 lacteolus
797 3927 833 3976 tt.

110 4037 181 4089 men
207 4041 269 4078 certo
288 4033 437 4078 Termltieuue
461 4037 548 4076 emeret
570 4037 658 4087 epotum
676 4029 705 4073 ab
722 4028 816 4073 etbnide
832 4029 952 4072 bonerum
969 4027 1100 4083 unguinum
1117 4025 1211 4082 publicis
1229 4025 1252 4070 in
1268 4023 1327 4070 indie

110 4103 154 4152 lori
180 4102 262 4148 dicatis
285 4109 309 4145 et
326 4101 354 4145 ab
378 4101 412 4144 bie
429 4099 466 4155 qui
485 4097 588 4144 comacli
605 4097 682 4142 morbo
699 4097 822 4140 remedium
839 4097 984 4152 quaerebant,
1007 4103 1074 4150 atque
1091 4095 1119 4139 ab
1136 4092 1193 4148 albe,
1215 4094 1253 4150 qui
1270 4093 1328 4140 dect

139 4171 235 4216 catilina
252 4169 332 4214 toedus
351 4180 401 4214 eum
419 4167 528 4223 aliquibus
546 4165 642 4217 inibann
660 4165 713 4209 item
730 4163 752 4207 in
769 4164 842 4208 lirion
859 4163 965 4208 Bellonae
982 4169 1081 4208 sacratos
1099 4163 1178 4206 haustu
1195 4161 1295 4217 signatos

252 4236 321 4280 misso
339 4235 448 4291 sanguino
466 4241 531 4290 atque
550 4233 577 4277 ab
596 4233 645 4278 eliis
664 4231 747 4277 crimen
763 4231 798 4275 bie
815 4231 885 4286 magis
903 4231 1048 4276 execrandum
1065 4228 1193 4288 perpetrari.

198 4353 266 4426 Qus
286 4349 482 4414 Tertullianus
510 4348 655 4413 evidentia
681 4333 891 4410 demdnstrarit
916 4345 989 4408 nihil
1022 4363 1090 4407 esse
1110 4345 1212 4408 lulsiue
1239 4363 1328 4427 quam

110 4437 233 4502 Mentis
254 4457 271 4500 a
293 4435 575 4500 Christianissaora
595 4451 648 4497 sua
668 4432 807 4513 mysteria
820 4427 1035 4494 celebrantibus
1050 4430 1141 4494 occisi
1155 4433 1327 4512 sanguinem

110 4523 220 4605 potari,
251 4521 354 4586 eadem
382 4519 557 4584 certitudine
585 4517 714 4582 ostendit
738 4516 812 4579 tanti
840 4514 940 4594 llagidi
968 4515 1105 4578 conscios
1133 4515 1232 4597 reipsa
1258 4534 1328 4578 esso

112 4609 250 4688 gentiles.
293 4607 327 4670 ln
354 4604 431 4668 ludis
459 4604 569 4666 etenim
588 4601 763 4675 Latiaribus,
791 4601 830 4664 de
857 4599 964 4681 quibus
985 4599 1183 4682 insuperiori
1204 4599 1327 4664 articulo
