3082 5238
436 403 635 449 aucroaazro.
657 407 724 450 aas.
747 405 911 450 suessan.
998 417 1001 426 ⁴
1054 421 1058 434 ·
1219 387 1285 456 bid

56 553 170 614 niueae
191 551 338 631 praeside,
361 553 535 616 Christianis
556 555 742 634 contigeramt
754 563 785 616 et
798 574 876 616 anno
890 554 1026 634 sequenti
1039 561 1160 618 auctore
1170 555 1283 636 Aquila,

58 637 194 716 praeside
226 637 361 699 eiusdem
391 639 561 716 provinciae
594 639 715 712 (Euseb.
742 639 809 700 loeo
837 639 1166 718 cit.,c.3.p.261.).
1209 640 1283 702 Nam

60 721 139 799 quod
160 719 234 782 baec
256 739 292 782 eo
315 738 392 782 auno
411 722 572 795 extiterint,
606 723 670 803 ipse
695 723 842 784 Eusebius
862 724 958 795 docet,
981 723 1031 802 qui
1057 723 1201 802 originem
1221 733 1282 788 tum

60 803 285 866 Catecbumenis
313 804 502 866 instituendis
524 807 703 886 praetectum
726 808 820 870 luisse
841 807 1004 880 confirmat,
1032 807 1102 868 dum
1123 807 1226 886 Aquila
1249 828 1283 870 se

58 889 242 950 incremento
278 888 463 950 Christianae
497 889 650 968 religionis
684 891 748 952 eius
776 890 906 952 asseclas
933 891 1078 952 laedendo
1104 889 1283 969 opponebat,

59 990 189 1050 eumque
208 971 308 1033 xvttt.
336 991 483 1034 annorum
504 973 611 1048 luisse,
641 993 798 1036 cumeum
820 975 906 1036 XVll.
929 974 1033 1038 aetatis
1055 978 1164 1036 mnam
1186 975 1284 1053 egisse

59 1055 185 1116 dixisset
212 1074 247 1116 eo
275 1065 421 1134 ternpore,
450 1075 510 1135 quo
532 1066 616 1138 pater
638 1059 701 1120 eius
724 1057 871 1120 Leonides
892 1061 982 1122 morti
1005 1057 1169 1120 traderetur
1191 1061 1230 1132 (c.
1252 1061 1283 1125 2.

58 1159 87 1218 p.
111 1141 209 1216 258),
239 1140 321 1220 quod
352 1141 459 1201 iactum
492 1149 538 1202 est
569 1161 647 1203 anno
679 1142 793 1204 decimo
826 1142 939 1208 Severi.
982 1143 1044 1204 lam
1065 1142 1091 1204 si
1113 1142 1163 1219 qui
1185 1151 1285 1204 tamen

58 1231 187 1301 pergunt
219 1223 345 1302 opinari,
377 1232 513 1286 nostrum
546 1225 677 1288 libellum
704 1227 845 1305 scriptum
874 1245 942 1291 esse
969 1245 995 1291 a.
1019 1225 1156 1297 catut,
1187 1225 1286 1288 dicant

58 1307 132 1368 mibi
159 1315 269 1380 tamem
298 1327 427 1386 quonam
448 1309 513 1370 iore
536 1309 562 1370 ei
581 1327 662 1370 'anno
685 1310 863 1372 calamitates
885 1310 1027 1372 maximas
1050 1309 1285 1374 Christianorum

58 1390 179 1470 possint
206 1410 352 1466 asserere,
380 1411 502 1472 quarum
531 1393 609 1454 nulla
638 1402 737 1455 tamen
765 1395 855 1472 apud·
872 1401 987 1456 veteres
1016 1394 1179 1476 scriptores
1206 1401 1286 1456 extat

9 1529 10 1536 ,
59 1475 213 1536 memoria.
264 1477 331 1550 Ouo
353 1476 419 1537 loco
441 1476 514 1538 libet
534 1476 673 1538 admirari
694 1485 739 1538 tot
758 1475 1001 1540 doctissimorum
1022 1478 1153 1539 unorum
1179 1477 1284 1540 levita-

60 1568 130 1630 tem,
154 1559 213 1637 qui,
237 1578 304 1620 cum
325 1561 419 1622 semel
439 1559 631 1623 imbibissent
650 1561 820 1640 opinionem
843 1562 880 1623 de
901 1561 1058 1640 Scorpiace
1072 1561 1156 1623 libris
1171 1561 1284 1623 nostris

60 1650 164 1702 contra
185 1641 363 1706 Marcionem
384 1645 562 1722 posteriore,
585 1643 669 1708 obliti
690 1656 760 1706 sunt
781 1645 856 1720 eius,
878 1645 957 1724 quod
980 1645 1052 1708 nibil
1073 1645 1113 1708 sit
1132 1645 1164 1706 in
1185 1644 1284 1708 bisto-

9 1753 10 1792 t
59 1725 103 1786 ria
134 1725 247 1804 turpius
275 1746 363 1805 quarn
393 1740 504 1790 temere
537 1728 667 1790 credere.
710 1729 784 1790 Nam
807 1729 910 1807 siege
933 1729 1005 1792 duas
1028 1729 1192 1792 sententias
1215 1729 1285 1793 tarn

9 1843 11 1876 ᾗ
60 1810 186 1882 videam,
214 1809 334 1872 alteram
363 1811 551 1891 opinabilem,
581 1812 634 1873 sed
656 1812 737 1874 nullo
758 1823 889 1874 veterum
912 1813 1091 1892 scriptorum
1113 1812 1284 1874 testimonio

9 1929 10 1960 r
61 1893 256 1966 efficiendam,
287 1895 408 1956 alteram
440 1894 480 1956 ita
513 1907 721 1974 comparatam,
742 1904 788 1960 ut
818 1915 890 1976 prae
918 1915 953 1958 se
981 1899 1056 1958 ierat
1075 1897 1133 1957 hoc
1154 1896 1285 1961 veritatis

9 2009 10 2012 =
60 1976 261 2055 praesidium,
293 1978 396 2056 quidni
423 1979 524 2042 relicta
552 1979 600 2040 illa
628 1982 705 2042 banc
742 1978 905 2058 sequerer?
958 1979 1047 2059 Atqui
1078 1987 1195 2059 praeter
1228 1981 1287 2042 hoc

59 2069 180 2138 praesto
204 2070 252 2122 est
272 2072 475 2140 argumentum
508 2063 597 2142 idque
619 2064 814 2142 premendum
836 2065 923 2126 etiam
945 2071 1032 2144 atque
1052 2065 1163 2148 etiam,
1188 2063 1284 2142 siquis

61 2144 129 2205 dem
151 2151 256 2222 postea
288 2147 506 2208 ostenderimus
533 2147 642 2210 librum
666 2148 837 2210 Tertulliani
860 2147 896 2210 de
917 2147 1010 2210 Pallio
1033 2147 1152 2209 esseio
1175 2165 1286 2208 annum

61 2227 182 2288 cuttu.
206 2229 430 2292 coniiciendum.
472 2230 605 2310 Namque
626 2233 657 2294 in
680 2252 716 2292 eo
739 2235 776 2305 (c.
792 2237 833 2308 l.)
855 2233 968 2311 gradec
991 2250 1054 2303 cos,
1077 2230 1183 2309 inquit,
1209 2231 1286 2293 Ocr-

61 2313 261 2390 tbcginenses,
286 2324 346 2374 tem
365 2333 534 2394 prosperos
558 2328 735 2397 temporum,
760 2335 826 2378 cum
846 2320 890 2377 ita
912 2327 999 2378 cocat
1014 2335 1049 2376 oc
1064 2318 1150 2376 iuvat
1166 2315 1284 2377 babitus

9 2445 11 2460 .
61 2397 216 2458 denotare.
261 2397 348 2460 Pacis
377 2399 448 2460 laec
470 2410 500 2461 et
528 2418 668 2462 annonae
691 2405 774 2478 otio,-
805 2401 842 2461 ob
865 2404 991 2480 claperia
1015 2410 1044 2462 et
1066 2419 1084 2460 o
1109 2397 1189 2460 caelo
1213 2399 1286 2461 bene

62 2491 115 2542 est.
179 2481 236 2542 Ubi
275 2481 424 2560 quomodo
465 2482 663 2544 Tertullianus
702 2484 849 2563 potuisset
883 2483 1025 2561 temporis
1058 2481 1286 2560 prosperitatem

61 2583 307 2638 commemorare,
329 2573 379 2627 aut
400 2567 437 2628 ad
458 2585 507 2628 res
529 2567 638 2628 nullius
659 2567 746 2646 plane
768 2568 920 2639 momenti,
944 2566 1046 2644 quales
1068 2572 1139 2626 sunt
1160 2564 1234 2626 istae
1250 2564 1287 2626 de

60 2648 150 2726 pallio
178 2667 283 2727 nugae,
311 2649 491 2712 descendere
521 2650 559 2711 ob
589 2650 670 2730 pacis
699 2652 767 2724 otia,
796 2650 823 2710 si
851 2650 1040 2728 gravissimae
1069 2641 1139 2716 tdm,
1158 2649 1288 2710 fuissent

61 2731 298 2794 Christianorum
327 2733 516 2806 calamitates,
545 2734 646 2811 quales
675 2752 725 2796 eas
753 2734 784 2794 in
807 2733 965 2810 Scorpiaoe
986 2729 1140 2810 depingit?
1183 2731 1286 2808 ltaque

61 2834 151 2893 quam
172 2816 221 2878 alii
243 2818 305 2877 lere
327 2817 527 2896 quinquennio
550 2817 663 2878 tardius
685 2825 826 2894 putarunt
839 2818 981 2894 scriptam
992 2814 1180 2892 scorpiacea,
1202 2813 1286 2891 prius

61 2901 164 2979 utique
185 2900 334 2978 prodiisse
356 2900 494 2970 arbitror,
524 2919 611 2980 quarn
634 2901 717 2974 istae,
745 2919 820 2978 quae
842 2905 1013 2978 supersunt,
1042 2897 1184 2958 adversus
1207 2897 1287 2958 blara

62 2984 180 3044 cionem
208 2983 425 3063 disputationes
453 2993 483 3044 et
508 3003 586 3044 anno
614 2984 732 3062 quidem
755 2983 850 3044 CClll.
874 2991 925 3044 aut
947 2981 1056 3052 (10an
1085 2980 1169 3041 cuius
1190 2981 1286 3042 uase-

61 3066 144 3129 bium
167 3075 275 3130 testem
296 3067 496 3129 rectissimum
518 3068 672 3138 babemus,
695 3067 745 3145 qui
768 3085 914 3145 nusquam
935 3065 964 3126 id
987 3065 1106 3143 quidem
1128 3063 1199 3126 dicit
1219 3083 1287 3125 om·

61 3150 146 3223 nino,
169 3152 232 3224 sed,
256 3160 289 3212 ut
310 3149 447 3224 uidimus,
470 3169 544 3229 quae
564 3151 642 3223 (licit,
665 3151 746 3212 idem
768 3151 830 3212 iere
853 3149 1022 3210 ostendunt.
1051 3147 1108 3208 Ubi
1128 3147 1200 3208 mibi
1218 3146 1287 3228 qui-

61 3235 130 3296 dem
153 3235 247 3314 magis
269 3235 365 3313 placet
386 3233 443 3296 iste
464 3235 616 3314 posterior
637 3253 743 3308 annus,
765 3241 896 3313 propter·
909 3234 1008 3306 ludos,
1031 3251 1108 3311 quos
1123 3250 1218 3310 nuper
1233 3231 1287 3294 ad-

62 3319 185 3380 modum
208 3319 306 3380 editos
321 3317 519 3379 Tertullianus
543 3319 643 3380 dicit·.
674 3319 758 3391 Quos
781 3318 807 3380 si
829 3319 895 3396 quis
917 3316 1035 3378 mavelit
1056 3315 1153 3378 editos
1167 3316 1289 3376 credere

63 3403 91 3462 in
121 3403 331 3464 decennalibus
358 3401 460 3464 Severi
489 3412 519 3464 et
547 3403 684 3466 Caracalli
713 3401 990 3481 quinquennalibus,
1012 3418 1086 3470 ,nou
1117 3399 1289 3480 repugnabo

63 3485 239 3560 admodum,
262 3487 400 3565 quoniam
422 3485 452 3547 id
475 3487 546 3548 satis
570 3496 616 3549 est
637 3507 654 3548 a
676 3487 866 3566 Spaubemio,
890 3487 952 3548 viro
976 3485 1006 3546 iu
1028 3485 1076 3546 his
1091 3484 1197 3547 litteris
1213 3502 1289 3563 pro-

62 3571 133 3632 bato
157 3589 230 3632 saue
253 3579 282 3632 et
303 3571 428 3632 manime
451 3571 553 3642 nobili,
577 3571 728 3644 evictumt,
756 3570 859 3650 Pythia
880 3569 949 3632 alibi
971 3588 1088 3648 quoque
1110 3587 1196 3647 quam
1218 3566 1290 3626 liel-

64 3655 144 3733 puis,
172 3673 228 3716 uec
254 3654 285 3716 iu
313 3655 402 3718 unius
424 3655 567 3733 Apollinis
588 3654 683 3734 Pythii
705 3655 862 3728 bonorem,
891 3654 945 3715 sed
967 3653 1179 3730 imperatorum
1202 3649 1290 3741 etiauq

9 3805 10 3808 Ἴ
65 3749 128 3800 acta
162 3739 264 3800 luisse.
309 3737 421 3800 Tamen
454 3757 509 3817 ego
544 3739 669 3800 alterum
700 3738 890 3817 praetulerim
923 3743 1097 3827 propterea,
1126 3733 1205 3826 quod
1227 3729 1290 3792 luda

65 3822 162 3900 Pytbii
195 3823 257 3884 sint
286 3821 316 3883 in
340 3821 460 3884 Graecia
493 3822 596 3899 quovis
629 3822 717 3883 tertio
739 3839 816 3881 anno
841 3819 1030 3898 Olympiades
1052 3815 1133 3888 edati,
1167 3831 1291 3892 ipseque

67 3907 173 3966 tertius
203 3905 393 3986 Olympiados
415 3904 546 3966 ccxtv.
575 3923 671 3967 annus
699 3904 809 3965 incidat
835 3903 866 3964 in
894 3921 1002 3964 aunum
1031 3919 1059 3978 p.
1083 3898 1115 3959 C.
1137 3898 1172 3959 N.
1190 3896 1291 3991 few:

9 3983 10 4056 J
67 3989 162 4066 atque
184 3988 228 4049 sic
249 3988 327 4052 nulla
342 3990 393 4064 ,vis
415 3989 542 4050 iulertur
563 3987 661 4049 verbis
683 3986 862 4060 Tertulliani,
886 4004 961 4063 quae
983 3983 1113 4063 quidem,
1139 3981 1167 4042 si
1189 3999 1208 4038 u
1230 3979 1292 4042 ludi

68 4071 140 4133 editi
163 4072 336 4151 Cartbagine
359 4073 505 4145 dicuntur,
534 4072 584 4134 ubi
607 4071 751 4148 Carthago
773 4071 838 4150 ipsa
858 4068 991 4150 praemio
1014 4085 1075 4127 non
1096 4071 1213 4143 poterat
1233 4063 1292 4124 do-

69 4155 143 4228 nari,
165 4175 226 4216 non
249 4157 319 4218 satis
342 4157 418 4218 bene
439 4156 576 4218 videntur
598 4156 766 4218 cohaerere.

103 4339 124 4373 r.
143 4323 237 4387 Capti.
256 4341 279 4388 p.
290 4324 386 4376 aaut:
405 4327 495 4388 deonas
513 4327 579 4385 istos,
600 4341 654 4374 eon·
706 4325 788 4373 citatae
806 4321 944 4384 gretalondo
962 4321 1099 4384 inquietent,
1120 4319 1228 4367 doemunt
1246 4316 1290 4378 Pp-

10 4449 11 4452 ,
70 4395 168 4442 trattoro
186 4393 308 4444 sotteomta
327 4401 347 4442 et
361 4395 656 4456 aopeattttoaoaanomtao
706 4392 767 4440 tbicc
787 4403 859 4450 mone
874 4393 928 4451 poet
946 4389 1017 4437 stadii
1034 4391 1178 4436 cesenatem.

70 4461 206 4509 Graecorum
237 4467 258 4510 rt
286 4463 424 4522 religionum
454 4467 474 4508 et
505 4461 653 4522 voluptatum,
742 4471 763 4503 a.
783 4455 923 4516 inlimatis
942 4455 972 4502 sd
990 4450 1212 4531 ardaburium,
1231 4463 1293 4526 qnae¹

70 4533 154 4588 qttonto
172 4529 248 4590 pretio
265 4529 382 4578 sueoniam
395 4527 500 4586 celebret,
519 4527 657 4588 etiamlsri-
708 4531 746 4571 est
763 4521 853 4572 adiecta
873 4521 943 4570 buius
961 4521 1091 4584 Spectmrnr
1111 4519 1237 4596 barrenses
1252 4517 1294 4565 lter

70 4607 110 4640 cce
127 4595 200 4644 licuit.
225 4596 304 4646 Adbuc
324 4595 482 4656 Carthaginem
499 4594 604 4656 singulae
623 4593 656 4641 ci·
707 4589 835 4651 Numerius
851 4589 975 4654 Antiquae,
994 4589 1018 4637 iu
1037 4587 1075 4637 ed.
1093 4587 1158 4651 laps.
1177 4583 1293 4648 plisq.
1324 4623 1327 4628 .

1034 4666 1090 4720 37*
