3122 5250
472 407 607 452 sucroas
628 409 687 452 mc.
709 410 746 452 na
768 409 895 453 sennar.
1224 395 1284 460 att

88 557 465 724 attribuistis.
478 561 1203 726 'titttlttttutttstitit
1212 561 1290 720 111

89 735 177 790 samm
197 727 378 808 ssagimserit,
399 745 456 789 nos
477 727 598 791 Pontius
620 729 667 791 his
689 730 721 790 in
742 729 819 792 illius
834 729 897 792 Vita
918 729 1004 792 docet
1023 730 1139 793 verbis:
1161 731 1290 796 Maurius

87 831 147 874 cara
172 825 201 876 ct
228 814 386 894 suffraplr's
414 830 502 894 saepe
530 817 668 894 repetitis
697 815 737 876 ad
764 814 876 878 leonem
892 814 1106 895 postularetur
1138 815 1235 892 (Pont.
1257 817 1289 880 in

87 895 143 958 Vita
164 896 298 977 Cypriani
317 915 349 977 p.
363 901 417 974 4.).
446 897 601 976 Expendas
623 897 719 978 itaque
740 898 827 960 velim
849 916 887 960 an
907 900 966 960 buc
987 899 1073 962 etiam
1095 900 1290 964 collinearerit

87 979 276 1044 Tertullianus
296 990 407 1056 noster,
429 981 480 1044 ubi
502 981 539 1044 de
555 981 687 1045 Romana
706 983 792 1062 plebe
814 982 900 1044 dixit:
923 982 984 1046 Nec
1004 983 1066 1046 ulli
1082 990 1176 1066 mapis
1200 986 1289 1068 depo-

85 1065 244 1129 stulatores
274 1065 517 1129 Christianorum
551 1086 639 1148 qaam
665 1068 785 1148 culpato.
836 1067 946 1130 Plebeii
978 1068 1122 1148 siquidem
1151 1063 1289 1132 homines

85 1149 181 1210 ceteris
212 1149 301 1230 longe
331 1150 514 1230 frequentius
549 1151 739 1230 postulabant
759 1151 992 1232 domabantque:
1031 1153 1218 1220 Clrr'stiaaos
1244 1154 1292 1217 lt

84 1233 210 1296 lcareos.
258 1234 289 1295 Si
321 1243 419 1296 umen
441 1235 602 1308 existimes,
635 1235 675 1298 ibi
703 1236 740 1298 de
767 1235 899 1316 quolibet
924 1237 1029 1300 mortis
1056 1256 1163 1318 genere
1189 1239 1226 1301 ab
1253 1237 1290 1302 iis

82 1318 226 1396 postulato
247 1337 417 1383 sermonem
438 1318 513 1394 lieri,
535 1319 623 1399 idque
643 1319 764 1400 probes,
786 1321 864 1383 haud
885 1319 1009 1384 multum
1023 1323 1208 1386 resistemus.
1230 1322 1290 1385 Sed
1330 1313 1340 1330 ’

82 1401 192 1466 interim
214 1404 329 1466 adalia
352 1403 586 1466 Christianorum
607 1413 753 1467 tormenta
773 1414 969 1469 transeamus.
1001 1406 1057 1468 Alii
1079 1409 1227 1480 crucibus,
1250 1409 1291 1470 ait

81 1485 182 1549 ductor
202 1495 312 1551 noster
344 1488 528 1564 (Tertullian.
548 1489 701 1568 apologet.
725 1507 787 1570 cap.
813 1494 884 1570 12),
918 1501 946 1553 et
973 1492 1126 1573 stipitibus
1152 1492 1289 1572 impone-

82 1569 191 1647 bantur,
220 1581 275 1638 aut
302 1573 389 1636 sicuti
410 1581 513 1652 postea
534 1573 615 1644 dixit,
646 1592 750 1636 cmoes
773 1593 821 1638 cos
844 1576 1041 1656 suspendeat.
1084 1575 1139 1638 Alii
1162 1581 1291 1640 ceruices

80 1671 200 1735 ponuat,
239 1665 290 1720 aut
315 1665 348 1720 ut
374 1657 442 1718 alibi
469 1657 550 1736 loqui
577 1658 688 1732 maluit,
719 1658 814 1738 plodio*
840 1670 966 1740 pattura
986 1679 1092 1723 eorum
1112 1663 1293 1725 detruncant

82 1739 160 1812 (lbid.
183 1760 252 1822 cap.
275 1743 350 1818 30.).
390 1741 447 1803 Alii
468 1742 590 1820 insuper
611 1744 728 1824 ipoibus
750 1755 897 1816 cruatur,
919 1744 965 1806 vel
983 1763 1034 1807 cos
1049 1749 1130 1826 ipses
1145 1745 1290 1820 umbone,

82 1825 151 1887 sicut
170 1835 282 1905 postea
302 1825 410 1888 abillo
433 1825 542 1888 dictum
563 1826 687 1906 legimus
709 1827 793 1900 (lbid.
816 1827 872 1890 loc.
895 1828 967 1904 cit).

156 1912 194 1974 At
219 1911 299 1973 baec
324 1911 403 1972 varia
431 1911 641 1991 suppliciorum
668 1930 775 1991 genera
803 1911 833 1972 in
855 1931 910 1974 suo
932 1912 969 1974 de
989 1912 1130 1976 Pudicitia
1151 1913 1226 1975 libro
1248 1915 1292 1977 sie

82 1995 211 2072 explicat:
253 1995 361 2076 blartpr
385 2007 462 2077 pota
489 2014 571 2058 auae
597 1997 652 2059 sab
678 1995 778 2077 plodio
806 2001 867 2059 iam
888 2001 983 2079 capite
1004 1997 1131 2070 librato,
1160 2011 1238 2080 pata
1257 2003 1292 2062 ia

80 2081 220 2156 patibulo,
249 2085 309 2142 iam
330 2098 458 2160 corpore
480 2099 629 2162 carpasso,
654 2092 732 2162 puto
753 2085 785 2143 io
807 2085 916 2163 stipite,
946 2086 1004 2144 tara
1031 2081 1115 2146 lcoas
1145 2101 1291 2158 euasura,

79 2175 148 2240 puta
167 2169 203 2226 trs
223 2183 289 2227 aere
309 2167 369 2226 iarn
390 2165 525 2227 lastadio
553 2165 711 2228 adstructo
744 2165 836 2239 tidem
857 2165 907 2227 lib.
930 2166 966 2228 de
986 2166 1108 2229 Pudicit.
1132 2185 1194 2248 cap.
1217 2170 1291 2247 12).

83 2245 174 2327 Neque
195 2257 302 2312 tamen
323 2249 380 2311 illis
402 2255 515 2310 tantum
537 2249 715 2312 eruciatibus
737 2249 919 2313 Christianos
941 2251 1073 2332 torqueri
1094 2251 1158 2331 ipse
1176 2251 1290 2314 denua-

82 2330 137 2393 tiat.
167 2333 250 2396 Nam
271 2333 328 2395 alio
349 2333 444 2397 adhuc
463 2334 494 2395 in
514 2333 591 2395 libro
613 2343 757 2396 memorat
776 2353 838 2396 non
858 2335 949 2397 modo
968 2335 1101 2416 pladr‘m
1120 2355 1243 2418 prooem
1263 2346 1293 2400 ct

83 2433 192 2480 cracem
221 2418 374 2482 cacelsaot
401 2429 431 2481 ct
457 2419 571 2481 rnorem
598 2420 762 2481 bestiarum
787 2431 818 2482 ct
845 2439 989 2483 sumamus
1014 2425 1127 2502 tpaiaor
1152 2439 1291 2502 poscam,

82 2517 174 2566 remm
203 2502 298 2565 etiam
326 2521 410 2566 omae
437 2504 590 2584 carnificis
623 2506 775 2582 inpensam
806 2509 838 2566 r'a
871 2508 1027 2569 commas
1058 2504 1290 2580 immanioribus,

82 2602 149 2662 qnae
169 2589 249 2650 letis
271 2585 417 2650 crudelius
439 2587 569 2650 bominis
591 2587 739 2666 ingenium
761 2587 924 2668 exceptare
945 2597 1061 2667 poterat
1082 2589 1175 2664 (Idem
1189 2589 1239 2652 lib.
1254 2591 1291 2652 ad

82 2667 191 2752 blartyr.
214 2689 285 2752 cap.
307 2675 361 2748 4.).
403 2673 497 2751 saque
528 2671 638 2734 itaille
659 2671 758 2751 paucis
779 2672 837 2734 illis
858 2672 1076 2753 posterioribus
1096 2673 1194 2735 verbis
1214 2673 1292 2736 baud

82 2753 201 2818 obscure
232 2755 410 2835 significavit
436 2755 548 2817 nullum
574 2774 643 2817 esse
670 2764 885 2818 tormentorum
911 2775 1016 2836 genus,
1049 2775 1108 2836 qua
1136 2757 1292 2833 Christiani

87 2843 143 2901 lum
163 2840 338 2904 discruciati
358 2859 419 2901 non
440 2841 558 2916 luerint.

159 2927 243 3000 Quia
269 2943 340 2986 vero
368 2924 432 2986 aliis
460 2925 584 3002 gravior,
616 2922 663 2984 vel
689 2923 767 2986 sieut
786 2942 855 2985 mox
876 2923 912 2985 sb
934 2942 970 2986 eo
992 2923 1133 3002 scriptum
1154 2924 1290 3000 vidimus,

82 3011 199 3071 mamma
231 3017 299 3072 erat
326 3009 436 3088 ignium
461 3025 566 3088 poena,
594 3007 663 3070 hiric
690 3007 814 3087 gentiles
842 3027 905 3070 eam
934 3027 951 3070 a
973 3007 1144 3070 Christianis
1172 3009 1291 3089 saepius

80 3094 262 3173 repetebant.
307 3092 505 3166 Quamobrem
533 3092 610 3166 illos,
642 3091 685 3154 uti
711 3091 753 3152 ibi
781 3093 811 3153 in
839 3091 988 3155 codicibus
1017 3092 1129 3155 uostris
1155 3093 1291 3173 legimus,
1384 3117 1386 3122 ¹

82 3173 175 3250 ausc,
189 3179 223 3240 id
247 3186 296 3241 est
309 3195 364 3239 sno
379 3186 521 3257 tempore,
543 3180 751 3241 sarmenticios
765 3187 794 3239 et
808 3182 966 3250 seaacus,
987 3195 1049 3239 non
1064 3177 1128 3239 sine
1142 3196 1290 3240 sarcasmo

82 3268 109 3320 et
128 3262 271 3326 irrisione
292 3262 436 3325 vocabant
456 3261 549 3337 (ldem
570 3260 721 3342 Apologet.
744 3279 807 3341 cap.
830 3266 905 3338 50.)
934 3262 968 3323 ln
989 3261 1114 3341 antiqms
1136 3281 1205 3324 vero
1227 3264 1292 3326 edi-

83 3344 210 3409 tionibus
234 3351 399 3420 scaa'sss'os,
421 3346 539 3426 quidam
561 3352 658 3408 autem
679 3345 736 3426 legi
757 3346 859 3408 volunt
879 3351 1039 3410 scotasse'os
1054 3353 1084 3408 et
1096 3355 1199 3426 postea
1213 3353 1293 3412 assis
1352 3421 1356 3428 ¹

82 3445 133 3507 pro
153 3437 236 3506 amis,
260 3431 345 3512 quasi
367 3430 563 3493 Tertullianus
584 3430 683 3492 dicere
703 3430 830 3493 uoluerit
843 3430 1024 3493 Christianos
1041 3431 1292 3495 reductos-luisse

83 3516 117 3576 ad
141 3519 277 3598 stipitem
306 3515 369 3578 sive
389 3515 487 3594 palum
509 3514 621 3576 dimidii
642 3515 730 3576 assis.
773 3514 832 3577 Sed
852 3533 910 3594 quo
933 3513 1049 3578 sensui
1089 3515 1166 3578 Num
1188 3515 1292 3580 eodem

84 3615 137 3677 quo
158 3606 280 3668 asceta
302 3597 487 3679 significatui
529 3599 588 3662 Sed
608 3599 639 3660 id
658 3617 762 3681 parum
782 3600 944 3680 probabile.
978 3599 1082 3662 Potior
1100 3601 1292 3680 proculdubio

84 3693 111 3744 et
135 3685 267 3764 pennirm
293 3691 466 3746 nostrorum
488 3691 519 3746 et
538 3683 670 3758 aliorum,
698 3702 758 3745 uuo
780 3691 891 3746 tantum
913 3691 1034 3764 excepto
1055 3703 1149 3764 eoque
1169 3684 1293 3746 forsitan

85 3779 235 3850 saraipta,
265 3769 398 3830 omnium
418 3767 551 3830 codicum
571 3768 687 3830 uidetur
706 3767 803 3829 lectio.
845 3768 919 3831 Nam
939 3769 1066 3847 ipsemet
1086 3767 1291 3842 Tertullianus,
1308 3818 1311 3828 .

83 3855 186 3917 mentis
214 3871 291 3917 suae
319 3852 448 3932 optimus
474 3852 631 3933 interpres,
659 3851 844 3914 continenter
870 3853 975 3915 adiecit
1002 3856 1072 3934 qaia
1102 3853 1142 3914 ad
1163 3855 1293 3932 stipitem

84 3937 197 4001 dmtds'r'
224 3942 296 4001 nait
324 3939 455 4000 remacli
488 3949 715 4000 commotorum
741 3937 852 4000 ambita
878 3941 1039 4000 marcar
1066 3935 1172 4012 (minu.
1215 3935 1294 4000 Dixit

84 4017 177 4101 itaque
199 4021 388 4084 Christianos
410 4021 446 4083 ad
468 4021 598 4100 stipitem
622 4039 676 4082 seu
695 4020 793 4099 palum
814 4020 945 4100 alligatos
967 4039 1001 4082 ac
1021 4019 1176 4084 sarmentis
1196 4021 1292 4083 unde-

86 4121 198 4186 quaque
221 4105 442 4186 cirmmpositis
462 4105 586 4184 igneqcre
618 4105 750 4167 accensis
778 4105 861 4167 vivos
882 4104 1024 4168 comburi.
1066 4104 1155 4168 Reate
1176 4105 1293 4184 quidem

84 4186 217 4269 inquies;
248 4190 301 4252 sed
329 4209 381 4252 aur
401 4190 429 4251 is
451 4191 654 4254 dimidiante
676 4189 768 4269 stipes
790 4188 919 4253 dicitur?
960 4190 997 4251 At
1018 4188 1151 4264 observa,
1173 4207 1293 4269 quaeso,

86 4275 193 4354 stipitis
222 4275 347 4338 nomine
367 4273 506 4355 appellari
527 4275 645 4348 lustem,
678 4282 712 4334 ut
732 4273 772 4334 ait
791 4273 908 4349 Festus,
929 4281 1025 4336 terrm
1046 4272 1171 4336 delirum
1202 4274 1293 4349 (Fest.

84 4357 119 4420 ad
139 4377 167 4422 r.
191 4359 319 4440 Stipes).
362 4358 476 4422 Nomen
497 4377 568 4421 uero
589 4362 668 4433 acis,
695 4358 939 4438 quemadmodum
960 4357 1038 4420 idem
1058 4358 1162 4422 Festus
1181 4367 1293 4436 monet,

87 4445 184 4506 varios
214 4442 306 4506 habet
331 4444 510 4523 significatius
537 4441 629 4518 (ldem
650 4443 687 4505 ad
707 4461 735 4504 v.
756 4442 847 4520 Axis).
888 4442 1050 4522 Aliquando
1072 4442 1149 4506 enim
1169 4443 1294 4507 sumitur

89 4541 140 4605 pro
162 4528 390 4610 septentrionali
416 4529 489 4594 caeli
515 4536 608 4608 parte,
635 4527 788 4608 aliquando
809 4545 863 4608 pro
884 4527 969 4590 tereti
990 4527 1089 4609 stipite
1110 4527 1186 4590 circa
1207 4547 1293 4608 wem

87 4613 212 4676 venian
240 4621 324 4689 rota,
351 4614 430 4677 unde
456 4631 665 4694 nonnunquam
692 4631 710 4676 a
735 4613 834 4694 poetis
860 4629 915 4695 pro
942 4620 1004 4676 toto
1031 4631 1119 4676 maru
1139 4613 1293 4697 accipiam

117 4715 510 4768 metamaucensem.
537 4717 600 4764 Tem.
618 4716 656 4762 111.
1059 4713 1091 4767 2¹
