3144 5236
248 311 310 376 182
346 323 540 370 nrssuarsrro
555 323 586 364 m
603 323 651 372 ou.
667 321 752 365 esar.
767 320 853 364 raon.
870 316 1069 388 arrrtrumnsm¹
1080 295 1308 362 aronoaerrcmr
1323 318 1415 362 cerr.

244 471 740 544 1111111111111111111111,
775 489 850 550 quae
878 467 973 549 capite
996 477 1139 548 sequeme
1166 469 1203 531 de
1234 468 1343 530 Christi
1366 469 1483 531 divini-

246 571 305 626 tate
338 580 372 622 aa
392 567 496 639 postea
528 557 564 619 de
598 555 710 635 angelis
738 573 772 616 ac
805 553 999 616 daemonibus
1033 562 1121 632 atque
1143 555 1242 617 anima
1262 554 1393 616 humana
1428 554 1480 615 di-

245 654 361 710 centur.

750 741 918 792 dllTlCULUS
937 741 973 790 lv.

247 851 306 903 Quot
323 849 428 904 qualesve
446 847 527 890 hrerlnt
543 845 658 900 gentillum
675 843 857 899 pbilosophorum
876 843 903 886 de
921 843 967 885 ileo
986 841 1147 893 dissensiones,
1167 841 1266 884 Thaletis
1284 853 1325 886 ssu
1344 840 1482 896 Simonidis,

248 917 286 973 qui
310 917 337 959 de
354 917 393 959 illo
411 915 569 967 interrogatus,
595 912 649 954 nibil
668 911 805 966 respondere
829 911 912 966 potuita
939 910 1111 960 Platonicorum,
1135 909 1174 963 qui
1191 908 1276 959 omnia,
1307 909 1484 965 Epicureos-nm,

247 985 286 1040 qui
303 984 357 1027 nibil
375 990 504 1032 curantem,
529 980 698 1028 Platonicorum,
717 978 754 1033 qui
772 991 822 1022 eum
840 978 897 1020 intra
915 978 1046 1029 mundum‚·
1065 975 1198 1028 Stoicorum,
1222 977 1261 1032 qui
1279 985 1339 1020 extre
1367 977 1481 1032 positum,

299 1050 403 1102 Platonis,
421 1049 458 1105 qui
476 1047 551 1091 mundi
570 1053 708 1094 creatorem,
732 1045 876 1100 Pythagorae,
895 1046 932 1100 qui
950 1045 1056 1087 mundum
1074 1044 1198 1086 increatum
1216 1056 1268 1087 esse
1286 1045 1425 1094 accusarem

478 1121 500 1157 et
516 1121 589 1157 utrum
607 1112 756 1158 Tertullianus
774 1119 835 1156 reete
852 1113 942 1155 illerum
960 1111 1077 1166 opiniones
1097 1110 1243 1166 explicaverit.

300 1185 306 1196 Ι
334 1230 507 1309 Quanquam
529 1226 698 1307 philosophi
720 1227 846 1305 gentiles
868 1225 914 1287 vel
935 1225 1051 1286 ratione
1077 1225 1203 1286 neutrali
1231 1225 1276 1286 rel
1304 1244 1341 1286 ex
1365 1225 1484 1300 Sacris,

246 1325 281 1376 11
301 1314 342 1376 ait
356 1314 566 1386 Tertullianus
590 1311 753 1390 seripturis
775 1309 949 1389 agnoverint
969 1309 1016 1370 rel
1037 1328 1199 1388 agnoscere
1221 1309 1299 1371 baud
1320 1310 1486 1373 difficiliter

247 1398 400 1478 potuerint
421 1415 512 1458 uuum
535 1397 685 1458 dumtaxat
712 1413 779 1456 esse
806 1395 899 1456 Deum
929 1393 1112 1468 (Tertullian.
1135 1393 1288 1472 Apologet.
1312 1413 1377 1473 cap.
1401 1399 1483 1471 dh),

127 1553 131 1560 ,
247 1483 326 1546 inter
348 1501 381 1544 se
402 1489 511 1554 111111,
533 1481 578 1541 rel
600 1479 695 1541 inanis
719 1479 829 1558 gloriae
851 1478 920 1539 vitio
943 1479 988 1538 rel
1003 1477 1173 1556 disputandi
1198 1477 1328 1550 libidine,
1352 1478 1390 1540 de
1414 1479 1483 1557 ipsa

246 1567 301 1630 Ilei
323 1574 438 1639 natura,
461 1565 598 1644 qualitate
621 1583 655 1624 aa
677 1564 748 1625 sede
770 1581 919 1640 nunquam
942 1580 1003 1622 noa
1018 1560 1262 1644 digladiabantur.
1294 1563 1377 1635 Quid
1399 1568 1484 1625 enim

249 1651 365 1720 Thales,
388 1650 440 1711 ille
452 1653 598 1729 princeps
612 1649 815 1727 physicorum,
837 1647 974 1708 ductoris
989 1646 1085 1706 nostri
1100 1646 1189 1707 rerba
1205 1653 1283 1718 suut,
1307 1650 1486 1711 scian'tanti

248 1735 360 1796 Croeso
384 1733 419 1795 de
441 1735 598 1795 divinitate
621 1742 736 1794 eertum
759 1729 971 1792 renuntiavit?
999 1729 1077 1790 Nihil
1098 1730 1194 1809 plane,
1218 1731 1271 1791 sed
1294 1741 1485 1794 commeatus

247 1817 438 1880 deliberandi
457 1835 546 1896 saepe
568 1816 746 1894 [restratus
771 1827 816 1878 est
838 1814 923 1891 (ibid.
945 1833 1009 1892 cap.
1032 1817 1084 1878 46.
1114 1822 1144 1874 11
1164 1814 1215 1876 bb.
1238 1813 1273 1874 ll.
1297 1814 1334 1876 ad
1356 1811 1483 1877 Nation.

247 1919 311 1980 cap.
333 1903 388 1976 2.).
430 1901 469 1961 dt
490 1900 593 1962 Cicero
623 1912 652 1960 11
680 1899 729 1978 qui
758 1917 836 1972 eum,
858 1907 891 1960 ut
912 1897 980 1959 alibi
1002 1897 1139 1970 vidimus,
1161 1898 1304 1977 sequitur,
1332 1898 1482 1961 1111111111

245 1984 337 2058 Felix,
371 1985 429 2045 hoc
458 1983 604 2046 Simonidi
635 1991 666 2043 et
693 1982 817 2044 Hieroni
849 1992 973 2061 tyramo
1002 1982 1225 2061 adscripserunt
1252 1982 1489 2062 (1111111111)Ι

231 2069 350 2132 'bliaut
373 2067 443 2147 Cap.
459 2070 489 2132 3.
510 2069 573 2130 hrt.
588 2070 642 2143 2.).
671 2066 773 2145 Neque
794 2067 977 2144 respondeas
1000 2067 1123 2128 subesse
1144 2067 1175 2126 iu
1197 2066 1373 2127 Tertulliani
1395 2075 1483 2130 textu

245 2153 386 2214 mendum
408 2152 536 2230 aliquod.
579 2151 652 2210 Nam
675 2151 782 2212 Thales
811 2150 847 2211 ab
876 2171 911 2211 eo
934 2150 1096 2229 appellatur
1114 2152 1311 2231 physicorum
1328 2155 1483 2232 princeps

246 2236 332 2312 (ibid.
355 2237 425 2314 Cap.
447 2240 478 2298 4.
499 2237 561 2296 hrt.
588 2239 615 2296 l.
638 2235 723 2296 Tam.
747 2235 770 2294 l.
801 2234 940 2312 Apparet.
961 2253 1027 2313 pag.
1059 2237 1139 2298 1119
1168 2242 1198 2295 11
1225 2239 1332 2313 seqq),
1366 2235 1399 2296 id
1435 2245 1483 2298 est

247 2339 352 2382 eorum
373 2320 499 2398 primus,
528 2317 578 2397 qui
600 2318 637 2379 de
660 2318 750 2378 rebus
772 2318 910 2396 physicis,
940 2326 973 2379 ut
995 2320 1082 2380 eliam
1106 2318 1302 2391 ostendimus,
1332 2319 1482 2381 institue·-

246 2413 317 2466 runt
338 2404 563 2481 disputationes.
607 2402 711 2464 Utrum
733 2410 830 2462 autem
852 2401 951 2462 verior
973 2402 1013 2462 sit
1034 2403 1217 2475 Tertulliani,
1240 2421 1328 2480 quam
1351 2403 1483 2464 Cicero-

245 2489 293 2550 nis
316 2497 346 2548 et
365 2487 481 2548 hlinutii
503 2485 615 2565 opinio,
638 2494 672 2546 ut
692 2485 881 2564 percipiatur,
910 2485 1084 2565 inquirenda
1107 2486 1483 2559 1111111111,’8111111-

246 2571 292 2633 dis
315 2579 344 2632 et
365 2571 468 2640 Croesi
491 2579 581 2632 aetas.
612 2569 649 2630 ht
670 2570 749 2630 iuxta
773 2567 969 2630 Eusebianum
993 2570 1169 2632 Chronicurn
1197 2589 1274 2631 anno
1297 2570 1482 2634 thCLXTI.

247 2655 353 2717 Thalea
376 2654 512 2716 11111111
538 2655 683 2734 physicus
707 2653 908 2733 philosophus
937 2659 1122 2736 agnoscatur.
1164 2654 1208 2714 hd
1238 2673 1346 2716 annum
1376 2665 1483 2718 autem

245 2738 455 2802 thCCCbXV.
478 2758 513 2800 ea
535 2757 610 2819 quoe
633 2739 667 2799 de
690 2738 801 2800 Croeso
823 2751 1048 2810 memorantur,
1076 2741 1222 2819 quomodo
1245 2749 1379 2800 tertiaret
1402 2759 1484 2802 ora-

248 2823 325 2894 cula,
360 2823 405 2883 his
433 2823 523 2901 [nere
552 2822 746 2902 temporibus.
797 2821 835 2881 Et
863 2821 939 2882 tluos
967 2831 1036 2900 post
1063 2841 1157 2882 annos
1194 2821 1297 2884 Thales
1326 2827 1482 2887 mora'tur.

246 2907 312 2968 Duo
340 2905 448 2984 itaque,
481 2913 515 2966 ut
542 2913 624 2966 notat
650 2905 791 2982 Scaliger,
824 2906 963 2967 Thaletes
993 2914 1202 2986 memorantur,
1234 2925 1361 2985 quorum
1391 2907 1485 2987 prior

246 2991 385 3070 physicus
406 2989 602 3068 philosophus
625 2988 748 3068 Lycurgi
772 2999 800 3049 et
823 2989 936 3068 Orphei
957 2997 1061 3061 aetate,
1094 2989 1245 3068 posterior
1266 2991 1483 3069 111111111-

248 3082 296 3134 tos
319 3091 412 3152 paene
434 3091 528 3134 annos
551 3073 655 3134 Croesi
683 3081 817 3151 tempore
840 3073 975 3140 lloruisse
996 3072 1191 3152 perhibentur
1213 3074 1332 3153 (Scalig.
1354 3086 1421 3136 not.
1448 3077 1482 3138 in

247 3155 358 3216 Cbron.
386 3155 497 3216 Euseb.
526 3175 592 3234 pag.
623 3151 697 3232 in).
745 3157 831 3236 Atqui
855 3157 1052 3218 Tertullianus
1080 3157 1117 3218 de
1140 3157 1261 3219 Thalete
1282 3159 1482 3237 physicorum

146 3301 153 3314 y
244 3237 378 3316 principe
400 3237 540 3316 loquitur,
562 3239 611 3318 qui
633 3239 749 3301 duobus
771 3241 896 3302 saeculis
923 3241 1035 3302 Croeso
1056 3241 1206 3320 antiquior
1227 3261 1292 3303 cum
1315 3261 1358 3320 eo,
1376 3245 1483 3308 vivere

244 3339 280 3380 ec
300 3320 426 3398 proinde
449 3321 490 3382 illi
513 3324 694 3401 respondere
716 3341 777 3384 non
799 3331 945 3402 potuerat.

330 3403 499 3466 Simonides
529 3415 626 3468 autern
656 3407 686 3467 in
717 3407 820 3468 eodem
841 3407 1011 3470 Eusebieno
1034 3409 1181 3470 Chronico
1209 3409 1317 3472 vixisse
1345 3411 1484 3475 traditur

245 3505 323 3548 anno
344 3485 502 3550 blllllilill.
538 3489 582 3549 lbi
605 3491 684 3552 enim
706 3490 845 3568 legimus:
869 3491 1022 3554 Pandarus
1045 3504 1072 3553 et
1095 3493 1263 3556 Simonides
1286 3494 1379 3572 lyrici
1395 3502 1482 3574 poe·-

245 3585 293 3636 tse
316 3575 448 3653 insr'gnes
471 3574 630 3636 habentur.
659 3574 767 3636 Postea
790 3593 860 3636 vero
882 3575 919 3636 ad
940 3594 1048 3636 annum
1071 3575 1212 3637 MDXLll.
1235 3577 1362 3651 Hieron,
1386 3580 1480 3644 cuius

243 3658 385 3720 Minutitrs
407 3655 488 3717 Felix
509 3657 653 3730 meminit,
671 3669 744 3737 post
767 3659 906 3721 Gelonem
922 3659 1082 3738 Syracusis
1097 3663 1290 3739 tyrannidem
1302 3665 1481 3728 erescebat.

245 3743 395 3816 Quantum
417 3759 489 3818 ergo
512 3740 594 3819 prior
614 3741 722 3802 Thales
745 3761 761 3802 1
784 3742 895 3803 Croeso
918 3744 1007 3804 distat
1025 3751 1135 3816 aetate,
1167 3752 1280 3806 lantum
1302 3745 1484 3810 Simonides

244 3827 339 3890 eidem
370 3825 491 3888 Hieroni
519 3823 672 3904 proximus
706 3843 774 3886 1111
807 3826 924 3888 dicitur.
974 3827 1049 3888 lluic
1080 3827 1168 3906 igitur
1200 3829 1346 3892 Simonidi
1378 3833 1483 3909 magis

244 3913 331 3986 quarn
354 3909 469 3971 Thaleti
490 3907 682 3989 physicorum
703 3909 828 3988 principi
852 3911 1027 3971 cortveniunt
1054 3912 1159 3988 citatae
1186 3913 1223 3974 de
1249 3913 1400 3975 divinitate
1423 3915 1480 3976 in-

243 3991 404 4068 terrogatio
427 4001 457 4076 et
477 3993 645 4072 responsio.
688 3993 731 4053 hd
754 3993 828 4055 haec
855 4013 924 4054 vero
947 3995 1062 4056 hlinutii
1084 3995 1185 4074 opinio
1208 4016 1244 4058 eo
1267 3997 1364 4058 adbuc
1385 3997 1479 4060 vide-

177 4151 181 4158 ,
242 4079 292 4130 tur
313 4073 505 4150 probabilior,
528 4076 607 4156 quod
629 4076 780 4137 Ciceronis
801 4079 974 4139 auctoritate
997 4078 1170 4141 stabiliatur.

244 4235 250 4246 ·
327 4153 428 4232 Neque
451 4160 560 4222 dixeris
582 4160 726 4238 plurimos
750 4161 779 4220 in
794 4161 963 4222 Eusebiano
979 4163 1127 4238 Chronico
1150 4183 1217 4226 1111
1240 4163 1269 4225 iu
1291 4163 1480 4243 assignanda

241 4234 400 4300 illustrium
423 4240 553 4305 virorum
576 4251 671 4305 aetate
693 4262 830 4318 errores3
854 4263 920 4306 uam
942 4245 1109 4324 quicunque
1130 4248 1171 4308 illi
1193 4248 1266 4332 sint,
1285 4267 1374 4309 nemo
1398 4269 1477 4312 sane

241 4317 360 4413 negabit
390 4321 519 4387 Thaletis
552 4327 666 4407 physici
694 4327 856 4406 Croesique
888 4339 1020 4407 tempora
1054 4331 1147 4410 magis
1176 4349 1248 4392 ase
1261 4331 1396 4396 invicem
1417 4352 1477 4396 se-

242 4417 333 4477 rungr,
356 4421 444 4480 quarn
466 4416 498 4468 ut
521 4411 609 4472 simul
631 4412 741 4473 risisse
763 4411 906 4474 dicantur.
934 4411 997 4473 Nec
1019 4414 1165 4493 estquod
1188 4433 1294 4492 urgeas
1318 4434 1477 4478 meinora-

240 4489 301 4545 tam
336 4489 567 4564 responsionem
594 4494 708 4558 Thaleti
740 4495 919 4576 philosopho
955 4503 989 4556 et
1011 4497 1203 4576 physicorum
1232 4499 1358 4578 principi
1386 4510 1480 4578 reete
