3020 5230
288 355 353 418 654
418 367 610 424 praemiare
626 365 664 409 ne
679 364 763 408 vanu
773 355 815 408 ter
830 363 889 410 ttae.
904 365 1014 410 innan
1028 365 1146 410 uenen-
1161 365 1358 410 rauranum

441 517 559 566 Adventu
576 515 729 566 llereianenu
1091 515 1209 567 linerent
1226 514 1343 566 ludam.

289 604 369 665 hune
379 599 488 662 exitum
503 598 567 660 eius
582 617 665 660 aeuo
676 599 738 659 [lea
753 596 872 678 praedi-

291 695 398 758 catum,
419 690 453 745 ut
466 682 622 744 diversitas
636 681 819 762 passionum,
841 699 876 744 ae

291 788 345 850 per
360 768 417 829 hae
436 767 523 828 etiam
537 783 747 846 perueneram,
774 785 808 826 ex
824 763 872 826 di·

291 853 428 916 versitate
439 851 690 931 praedicationum
701 849 874 910 vindicetur.

291 939 440 1008 Ceterum,
452 953 507 996 ner
518 934 700 1013 ipeiCliriata
712 933 873 1012 eiusprae-

292 1023 398 1092 dicata,
415 1019 523 1080 nedum
537 1017 741 1096 erueeipeiua,
757 1018 874 1098 suffieit
925 1015 1069 1095 tuffieere
1101 1033 1192 1096 petre
1228 1027 1362 1080 marten
1394 1018 1459 1078 dina

292 1110 325 1166 in
349 1123 447 1166 meum
470 1102 623 1164 Clerietam
646 1100 742 1165 eelim
766 1105 874 1164 martit
923 1099 1147 1180 prophetatam,
1162 1109 1199 1162 ut
1213 1119 1251 1160 ex
1268 1101 1457 1180 hoe,querlni

290 1187 469 1269 prephetia:
493 1204 532 1247 ea
544 1186 601 1261 hae
616 1189 703 1252 enim.
719 1185 797 1263 quod
814 1202 875 1245 non
927 1197 1005 1247 earet
1027 1184 1103 1246 edita
1118 1183 1245 1263 qualitas
1263 1186 1379 1256 mertis,
1397 1184 1459 1244 niele

294 1283 339 1335 eet
354 1270 431 1332 edita
447 1269 570 1348 qualitas
586 1269 708 1343 mertis,
730 1273 834 1350 patuit
848 1279 877 1330 et
926 1278 1019 1346 petar
1047 1287 1100 1346 per
1128 1285 1248 1330 eruoem
1281 1269 1417 1338 evenisse,
1436 1289 1455 1325 u

294 1375 347 1436 per
362 1372 477 1416 erucem
494 1353 641 1426 evenisse,
663 1365 734 1415 tune
755 1353 803 1414 alii
826 1353 875 1414 de-
929 1350 977 1412 elii
1000 1353 1201 1431 deputandam
1221 1354 1328 1431 fruare
1344 1357 1458 1433 passim

292 1439 438 1520 putanda,
462 1441 491 1498 ei
504 1442 537 1499 in
551 1437 647 1498 aliurn
660 1437 772 1517 [uteret
782 1453 877 1517 prae-
929 1441 1028 1498 erueir
1044 1455 1131 1517 quaen
1152 1440 1239 1498 euiue
1256 1455 1345 1499 mere
1355 1437 1457 1516 praeda

296 1525 425 1585 dinatum
439 1528 495 1582 ete
511 1529 576 1581 ete..
930 1520 1033 1582 latur.

973 1603 1103 1677 (Desunt
1115 1615 1214 1684 panea
1230 1605 1357 1681 denua.)

337 1690 376 1750 lit
397 1697 522 1750 morum
543 1699 656 1758 nutem,
686 1695 716 1748 et
740 1687 880 1768 sepultu—
975 1685 1050 1748 Nam
1065 1695 1191 1748 mortem
1207 1691 1287 1759 eiu'e,
1304 1698 1333 1750 et
1345 1691 1456 1768 panim

296 1792 364 1836 ram
378 1785 408 1836 et
422 1776 678 1836 resurrectionem
686 1772 801 1834 Clrieti
814 1775 879 1844 mei,
932 1781 961 1832 et
976 1771 1164 1851 repuituram
1180 1791 1238 1834 una
1255 1791 1331 1834 uuae
1345 1771 1455 1832 Eseieen

297 1875 354 1918 una
383 1875 454 1916 eoae
484 1855 588 1916 Esaiae
618 1855 684 1920 vola
720 1855 880 1916 estendere
930 1855 961 1915 lo
987 1855 1163 1916 ostendere:
1192 1875 1213 1917 a
1233 1858 1455 1936 [aemiuli

298 1943 438 2012 dicentis,
464 1940 614 2019 sepultura
637 1940 701 2002 eius
718 1939 829 2002 sublate
847 1942 881 2002 de
932 1943 1012 2020 quit,
1032 1939 1141 2020 pepuli
1159 1945 1221 2002 atei
1229 1943 1394 2020 perductur
1410 1955 1451 1998 eur

297 2027 391 2088 media
407 2024 533 2088 eetNec
548 2023 682 2102 sepultus
699 2024 778 2085 enirn
794 2033 880 2095 erret,
931 2036 1060 2086 martene
1088 2035 1143 2086 etr.
1187 2023 1275 2086 Dicit
1302 2029 1374 2087 enin
1393 2023 1448 2082 edlu

297 2109 354 2170 nisi
380 2117 532 2180 mortuus,
563 2125 618 2169 nec
640 2107 793 2186 sepultura
815 2107 881 2168 eius
931 2107 1083 2186 sepultura
1106 2108 1172 2169 eius
1187 2108 1310 2170 sublata
1325 2108 1450 2170 eateuria

285 2193 411 2276 ‚sublata
428 2193 462 2254 de
483 2191 598 2262 medio,
624 2191 681 2254 nisi
702 2209 755 2270 per
777 2209 880 2252 resur-
931 2191 992 2252 Nee
1018 2191 1152 2270 sepultus
1178 2191 1261 2254 enim
1287 2204 1335 2254 eet
1354 2191 1401 2252 nisi
1416 2207 1453 2248 na·

298 2275 471 2336 rectionem.
500 2275 790 2354 lienique'subieeit:
806 2291 879 2354 pro·
931 2283 1011 2347 tuus,
1027 2293 1082 2336 nee
1097 2275 1249 2353 sepultura
1264 2277 1332 2339 eius
1348 2275 1450 2336 suanae

297 2367 398 2438 pterea
413 2358 479 2437 ipse
496 2355 604 2420 multos
617 2360 778 2421 hereditati
787 2358 879 2419 habe·
933 2359 1077 2431 emedio,
1103 2359 1161 2419 nisi
1182 2377 1236 2437 per
1266 2360 1441 2422 resurrection

298 2442 357 2516 bit,
388 2451 417 2503 et
446 2443 606 2504 multorum
635 2443 746 2504 diridet
775 2442 880 2522 spolia,
933 2443 1008 2504 eius.
1038 2442 1169 2522 lienique
1184 2444 1355 2522 subiungit:
1376 2451 1452 2521 prepr-

298 2544 353 2606 pro
370 2526 499 2605 eoquod
516 2527 620 2588 tradita
635 2535 682 2588 est
702 2531 803 2589 aniam
818 2531 881 2589 eiue
933 2545 966 2589 ea
988 2525 1052 2606 ipse
1072 2527 1181 2588 multae
1204 2533 1237 2590 e'n
1253 2523 1453 2592 hereditatenlr

298 2615 476 2674 inmorient.
502 2613 631 2674 Ostensa
646 2623 691 2672 ert
706 2611 783 2672 enim
794 2629 883 2672 eausa
933 2611 1025 2684 bebit,
1052 2618 1082 2671 et
1102 2611 1265 2673 multarum
1292 2607 1449 2685 tivttetspu

297 2693 407 2772 gratiae
429 2694 534 2768 buius,
560 2713 615 2772 pro
638 2695 744 2756 iniuria
771 2694 884 2756 scilieet
937 2689 1012 2768 Qu'r'e
1028 2699 1103 2757 enim
1119 2695 1210 2770 alius,
1226 2701 1446 2778 nieiprtmtua

301 2777 405 2839 mortis
417 2779 629 2858 repensandae.
650 2778 765 2840 Pariter
776 2787 881 2839 osten·
933 2790 968 2842 ut
983 2797 1080 2859 supra
1094 2781 1299 2852 ostendentes,
1322 2800 1372 2859 pra
1384 2797 1409 2838 ee
1419 2796 1448 2850 u·

299 2880 364 2922 sum
380 2869 441 2935 est,
467 2863 540 2924 liaee
559 2862 639 2924 illurn
660 2870 784 2942 propter
799 2881 881 2924 mer·
933 2861 1039 2924 tradita
1061 2870 1106 2924 est
1126 2863 1156 2924 in
1171 2877 1305 2928 mertem
1319 2869 1404 2926 anina
1414 2863 1451 2918 eu·

299 2954 358 3007 tem
384 2954 629 3020 consecuturum,
659 2954 730 3027 poet
756 2955 883 3008 mortem
935 2948 1065 3010 Ostensa
1090 2947 1168 3008 enirn
1192 2965 1286 3010 eausa
1311 2947 1404 3028 gretie
1420 2947 1448 3000 n·

300 3029 400 3108 utique
421 3047 476 3110 per
496 3031 749 3093 resurrectionem
773 3049 881 3092 conae·
933 3049 989 3112 pro
1014 3029 1121 3092 iniuria
1145 3032 1259 3093 scilieet
1286 3032 1385 3094 mortis
1399 3041 1453 3104 repr

300 3122 431 3174 euturue.
735 3179 739 3188 ,
935 3115 1055 3187 eundae,
1070 3115 1183 3194 pariter
1199 3123 1356 3178 ostensum
1369 3111 1453 3181 estid

935 3197 1016 3260 illum
1037 3207 1159 3278 prepter
1186 3208 1316 3262 mortem
1341 3206 1452 3260 censear

934 3301 1016 3354 nim,
1046 3291 1269 3362 postmortem
1297 3284 1388 3362 utique
1403 3291 1452 3340 nau·

935 3366 1098 3428 rectionem
1114 3375 1357 3430 euneeeuturum.

976 3449 1086 3524 (Plura
1101 3451 1147 3512 leia
1161 3455 1284 3514 ineerta
1299 3461 1387 3525 eunt.)

525 3597 584 3678 Cap.
602 3595 643 3646 20.
1142 3601 1176 3650 lix
1195 3617 1248 3666 erp.
1270 3604 1312 3652 ll.

978 3699 1136 3772 (Videntur
1156 3711 1184 3763 et
1206 3721 1271 3782 rap.
1291 3702 1365 3766 xtt.
1379 3691 1459 3766 ntuli

935 3801 1019 3856 uem
1056 3785 1099 3846 tte·
1127 3781 1194 3846 duan
1218 3785 1276 3848 lea
1302 3777 1459 3858 raerrapl'

935 3872 1098 3946 eenaruit.)

342 3946 465 4018 Sufficit,
481 3947 634 4026 hueusque
649 3946 686 4008 de
700 3947 749 4008 his
764 3947 884 4010 interim
979 3951 1094 4012 Sullleit
1107 3952 1271 4030 numaque,
1289 3953 1326 4014 rie
1341 3952 1381 4013 his
1392 3949 1450 4008 intra

300 4031 434 4094 ordinem
451 4030 561 4092 Christi
577 4033 800 4105 decucurrisse,
823 4051 882 4112 que
936 4033 1072 4096 ordinem
1082 4035 1192 4098 Christi
1202 4038 1380 4104 decurrisse,
1392 4036 1449 4108 qud*

199 4181 202 4192 y
300 4116 366 4176 talia
385 4116 536 4195 prelatus
556 4115 688 4195 qualiter
714 4121 885 4178 annuntia·
934 4116 971 4178 lis
982 4119 1139 4197 predatur
1152 4119 1251 4202 qualis
1262 4116 1446 4206 adnunddad

302 4199 408 4269 latur,
437 4218 501 4261 nan
529 4197 609 4262 aliur
640 4199 746 4262 laieri
774 4201 884 4272 deleat,
935 4205 1025 4264 etiam
1043 4219 1078 4263 ex
1099 4203 1156 4270 iate
1179 4201 1450 4272 ceinetonautiasuult

301 4298 388 4358 quam
403 4286 455 4360 qui
468 4282 539 4346 talia
556 4285 819 4358 prenunciabatur,
849 4295 886 4346 att
934 4303 1044 4358 rarum,
1060 4305 1135 4366 quae
1151 4305 1186 4348 ex
1200 4288 1375 4368 praeiudicio
1387 4281 1449 4345 nudi

239 4381 243 4388 ¹
300 4366 412 4456 iamet
427 4363 484 4425 ista
498 4367 808 4430 consenantiarerum
819 4373 883 4430 eius
935 4369 1028 4448 partis
1049 4373 1211 4434 adnereean
1232 4371 1372 4439 ludaeos,
1397 4365 1450 4424 illl

300 4455 330 4505 et
340 4454 550 4524 seripturarum
562 4451 713 4522 creatoris,
725 4451 783 4512 illia
796 4451 884 4512 etiarn
935 4471 1049 4514 sumus.
1095 4453 1194 4536 Neque
1223 4461 1302 4517 enirn
1329 4462 1358 4518 ie
1380 4449 1458 4512 taint

299 4527 481 4592 restituenda
504 4532 543 4592 sit
563 4535 636 4594 tides
653 4554 688 4595 ex
703 4535 883 4615 praeiudicio
936 4539 1083 4602 dedueaut
1102 4541 1151 4600 uel
1177 4551 1292 4620 uenerat,
1314 4533 1451 4622 pereuni
