3196 5250
543 411 675 455 sucrous
698 411 754 452 mc.
779 411 815 453 cs
838 411 964 454 nounnv.
1301 395 1362 458 otu

147 563 231 624 ribus
253 559 511 623 dissertationibus
534 561 729 633 ostendimus,
752 561 939 622 effraenatam
961 559 1075 622 illarum
1096 559 1246 622 libidinem
1261 570 1290 622 et
1304 561 1362 624 im·

147 647 317 728 pudicitiam
339 645 620 725 promulgaverunt?
665 645 861 718 Quamobrem
884 647 993 706 denotor
1015 653 1115 706 noster
1136 647 1267 706 insanam
1290 663 1362 726 gen·

146 733 242 794 tilium
264 731 459 810 impietatem,
483 730 531 809 qui
554 731 607 790 has
630 732 700 790 deas
723 729 897 798 adorabant,
920 731 963 792 sic
985 729 1101 790 irridet:
1150 729 1237 791 l'eltm
1259 733 1364 798 saltem

145 818 266 880 Laidem
286 835 321 877 oc
336 815 477 894 Phrynen
499 820 580 876 inter
595 815 726 876 lenones
749 825 777 876 et
794 815 916 877 Cereres
939 826 968 876 et
982 815 1096 876 Dionos
1119 816 1252 876 adoretis
1275 816 1363 887 (Ter-
1412 829 1420 836 ·

146 901 258 962 tullian.
274 901 426 979 Apologst.
443 919 505 978 cap.
525 902 597 974 ld).
630 899 822 961 hleretriciam
845 919 914 960 vero
936 908 1029 960 artem
1050 899 1118 961 Lais
1140 899 1256 980 publice
1279 919 1363 960 ener-

146 987 241 1058 cebat,
264 986 301 1047 de
323 1005 378 1063 qua
400 985 587 1063 Propertius:
880 989 886 1010 ⁸

300 1085 369 1148 Non
390 1091 433 1150 ito
456 1085 641 1166 complebant
663 1085 818 1166 Ephyreoe
840 1086 939 1148 Laidis
961 1087 1046 1148 aedes

352 1172 396 1232 Ad
419 1175 502 1232 cutus
525 1175 617 1252 iacuit
640 1170 766 1233 Graecia
788 1181 851 1233 toto
872 1173 967 1250 sores.

660 1271 805 1350 (Propert.
827 1271 877 1332 lib.
901 1271 936 1332 ΙΙ.
960 1271 1040 1349 Eleg.
1064 1273 1094 1335 6.
1116 1289 1143 1332 v.
1168 1275 1183 1334 1
1208 1281 1237 1332 et
1259 1273 1301 1348 a.)

146 1390 266 1452 Nullum
288 1400 384 1451 autem
408 1389 454 1450 illa
477 1389 660 1461 admittebat,
690 1390 747 1450 nisi
770 1398 903 1471 accepta,
933 1409 1019 1470 quam
1041 1389 1196 1470 poscebat,
1225 1391 1365 1470 pecuniae

148 1495 274 1538 summa.
305 1475 378 1548 Quia
402 1494 469 1535 vero
485 1473 617 1534 Corinthi
640 1474 886 1548 commorabatur,
909 1475 977 1536 indc
999 1476 1106 1536 lactum
1129 1474 1198 1550 illud
1221 1475 1366 1554 adagium,

146 1560 261 1622 Horatii
283 1578 456 1638 expressum
479 1560 622 1620 carmine:

245 1742 252 1754 ,
300 1661 369 1723 Nou
392 1662 623 1723 eur'or'shomtoi
643 1665 786 1740 contingit
807 1663 893 1722 odire
917 1661 1104 1724 Corinthum.

742 1759 855 1838 (Horat.
879 1761 930 1823 lib.
953 1762 976 1823 l.
992 1761 1091 1842 Epist
1117 1767 1166 1827 17.
1189 1783 1215 1824 r.
1239 1765 1301 1838 36.)

149 1881 255 1944 Sotion
283 1899 389 1960 porro,
423 1880 458 1940 ab
480 1881 513 1940 Α.
537 1879 628 1940 Gellio
651 1880 755 1942 citatus
786 1880 870 1948 (Geli.
894 1881 942 1942 lib.
966 1880 988 1941 l.
1012 1881 1095 1941 Noct
1117 1879 1202 1942 nette
1226 1901 1288 1961 cap.
1312 1884 1365 1958 8.),

149 1975 250 2026 narrat
270 1965 496 2026 Demosthenem
519 1965 711 2044 respondisse
734 1985 765 2026 se
788 1967 859 2026 tanti
882 1983 941 2026 non
957 1985 1055 2027 emero
1071 1965 1290 2044 poenitentiam.
1324 1968 1365 2028 lle

150 2071 184 2112 ea
207 2069 262 2111 nos
285 2049 391 2128 aliquid
414 2049 481 2108 alibi
504 2049 707 2110 annotavimus
731 2050 828 2122 (Tom.
844 2049 866 2110 l.
882 2051 1018 2130 Apparet.
1042 2069 1070 2129 p.
1090 2053 1204 2126 ibib),
1227 2071 1261 2112 ac
1281 2052 1365 2131 plura

148 2136 175 2196 si
197 2135 286 2206 velis,
319 2135 364 2196 adi
394 2134 727 2220 Pausanian1,tl'ausan.
750 2135 799 2196 lib.
822 2135 859 2195 ΙΙ.
881 2155 910 2214 p.
933 2139 1014 2207 42),
1047 2136 1226 2198 Athenaeum
1249 2138 1365 2206 (Athen.

144 2221 196 2284 lib.
225 2219 301 2280 ΙΙΙΙΙ.
330 2239 392 2299 cap.
423 2222 450 2283 6.
480 2239 508 2298 p.
539 2222 648 2292 587.),
672 2219 810 2281 ¹Ovidium
840 2220 937 2292 (uvid.
966 2220 1016 2281 lib.
1044 2220 1080 2280 Ι.Ι
1097 2221 1195 2280 bmor.
1225 2221 1305 2299 Eleg.
1334 2227 1364 2285 b.

145 2325 172 2366 v.
200 2307 262 2380 12.)
296 2305 437 2382 aliosque.
482 2303 664 2382 Callistratus
687 2323 756 2365 vero
779 2305 815 2365 ab
838 2306 942 2366 eodem
962 2305 1113 2366 Athenaeo
1141 2305 1275 2366 laudatus
1308 2325 1367 2368 uos
1466 2317 1468 2323 '

146 2389 299 2452 admonuit
327 2397 517 2449 memoratam
545 2389 639 2450 adhuc
667 2409 682 2449 a
706 2389 885 2476 Tertulliano
908 2390 1043 2468 Phrynen
1071 2390 1144 2450 adeo
1172 2390 1265 2452 luisse
1287 2391 1363 2450 divi-

146 2483 215 2546 tem,
241 2482 273 2536 ut
294 2473 420 2551 pollicita
443 2473 482 2534 sit
502 2493 536 2534 se
559 2473 725 2534 Thebarum
747 2475 862 2535 moenia
885 2483 1138 2545 constructurum,
1162 2475 1188 2534 si
1211 2475 1363 2536 utlseriba·

146 2557 250 2621 retur:v
273 2550 486 2639 Ἀλέξανδρος
507 2556 566 2637 μὲν
589 2561 801 2640 κατέσκαψεν,
825 2551 981 2642 ἀνέστησε
1002 2557 1039 2620 δὲ
1063 2554 1173 2640 Φρυνὴ
1195 2551 1362 2642 ἡῖταιραε

146 2645 319 2707 Alexander
341 2645 456 2724 quidem
477 2645 563 2721 fecit,
594 2643 714 2721 Phryne
737 2654 836 2705 cutem
859 2655 994 2706 scortum
1015 2646 1132 2721 refecit.
1178 2643 1236 2702 Sed
1260 2645 1296 2705 dc
1318 2643 1365 2704 illa

145 2747 202 2790 nos
224 2728 307 2807 plura
330 2727 398 2788 alibi
422 2727 641 2788 observavimus
664 2727 761 2800 (Tum.
784 2727 806 2787 Ι.
829 2728 967 2806 Apparat.
990 2746 1019 2805 p.
1036 2733 1098 2791 550
1114 2735 1143 2787 et
1159 2731 1220 2790 744
1243 2737 1273 2788 et
1293 2726 1363 2788 Dis·
1386 2737 1390 2750 '

146 2823 218 2875 sert.
241 2814 271 2873 in
293 2811 404 2873 Arnob.
428 2830 452 2872 c.
476 2815 527 2874 ΙΙ.
549 2813 609 2874 ort.
631 2813 686 2887 3.).

231 2914 362 2992 [lenique
385 2915 493 2972 ductor
515 2903 632 2986 noster,
661 2919 693 2972 ut
715 2911 820 2972 acriori
844 2911 962 2971 stimulo
985 2911 1133 2971 conlodiat
1155 2911 1304 2979 ethnicos,
1328 2910 1363 2972 ab

148 3001 190 3059 eis
215 2999 379 3059 sciscitatur
400 3015 452 3057 cur
472 2997 620 3074 pessimos
645 2997 779 3056 homines
803 2995 928 3065 stallis,
951 3013 1026 3072 quos
1049 2995 1269 3064 recensuimus,
1295 2995 1363 3056 illu-

149 3083 259 3143 stribus
281 3082 352 3143 viris
374 3083 461 3159 longe
483 3084 602 3160 peiores
626 3081 698 3140 deos
721 3079 853 3140 iecerint.
884 3079 1029 3158 Numquid
1053 3078 1206 3158 aliqnando
1222 3079 1363 3149 clausum,

149 3168 252 3244 inquit,
274 3167 327 3228 luit
349 3167 470 3238 caelum,
495 3175 525 3226 ut
547 3164 617 3225 illud
640 3165 742 3244 optimi
765 3163 818 3224 viri
835 3182 895 3225 non
910 3165 1058 3243 potuerint
1073 3165 1212 3243 deinceps
1227 3162 1364 3241 ingredi?

149 3251 208 3314 Cur
230 3269 298 3331 ergo
321 3253 391 3313 illud
413 3259 517 3330 postea
539 3261 717 3330 aperuerunt
739 3249 801 3310 suis
824 3249 1008 3322 Caesaribus,
1034 3267 1093 3310 non
1117 3251 1205 3310 modo
1228 3249 1363 3322 mortuis,

148 3337 199 3398 sed
223 3337 307 3398 edum
329 3337 493 3396 viventibus
516 3337 654 3414 omnique
677 3335 850 3412 flagitiorum
874 3351 979 3424 genere
1001 3335 1122 3414 perditis
1139 3354 1173 3395 ac
1187 3332 1362 3396 dissolutis?

147 3421 305 3500 Numquid,
326 3422 422 3500 pergit
444 3421 507 3493 ille,
530 3420 631 3491 vobis,
655 3440 672 3480 o
696 3419 821 3491 ethnici,
844 3431 964 3500 eccepto
985 3422 1088 3499 serent
1110 3422 1153 3480 dii
1172 3425 1282 3490 vestri,
1305 3425 1363 3482 imo

145 3508 393 3586 protelabuntur,
417 3507 495 3586 quod
513 3525 606 3586 porea
629 3506 705 3585 ficut
727 3509 768 3566 eis
792 3507 974 3567 dominicati
1006 3503 1186 3574 (Tertullian.
1209 3503 1362 3582 Apologet.

146 3611 207 3670 cap.
230 3590 316 3667 llll?
359 3590 452 3652 locari
475 3609 539 3652 eum
563 3591 694 3668 proiecto
717 3590 821 3661 sentis,
844 3599 873 3650 et
894 3589 1087 3668 imperatores
1109 3589 1144 3650 ab
1167 3589 1216 3648 illo
1232 3589 1363 3657 vdeorum

146 3677 284 3737 domino's
307 3675 456 3754 appellari,
479 3675 544 3753 quia
568 3675 597 3734 in
621 3692 741 3746 eorum,
764 3675 873 3736 utiam
897 3673 1040 3746 diximus,
1063 3680 1208 3752 potestate
1232 3679 1293 3731 erat
1315 3679 1364 3730 aut

73 3768 78 3779 ‘
145 3779 240 3822 novos
271 3761 367 3820 lacere
396 3759 620 3820 densantiam
643 3760 736 3817 lactus
759 3757 861 3818 tollere
884 3758 1050 3819 demedio.
1093 3757 1152 3818 Nec
1173 3757 1269 3816 minus
1292 3774 1362 3834 per-

146 3846 281 3924 spicuum
310 3853 362 3916 est,
391 3863 477 3922 quam
506 3843 607 3904 validis
630 3842 677 3901 ille
698 3841 862 3904 rationibus
884 3844 1067 3904 demonstret
1088 3841 1159 3902 nibil
1182 3841 1217 3900 ab
1240 3838 1362 3898 ethnicis

147 3929 217 4006 tingi
240 3927 372 4006 potuisse
395 3928 537 3990 insulsius
559 3945 645 4006 quarn
668 3925 804 3986 hominos
827 3928 864 3988 oh
886 3927 1027 4006 quaedam
1044 3925 1146 3986 merita
1161 3932 1211 3984 aut
1225 3922 1362 3982 nonnulla
1442 3931 1449 3944 '

149 4013 254 4072 eximia
276 4013 402 4074 lacinora
425 4013 517 4074 iactos
541 4030 608 4072 csse
632 4011 713 4072 deos.

644 4247 810 4296 surrectus
830 4247 864 4294 ll.

170 4351 289 4396 lletcllitur
306 4343 381 4396 betoni
399 4363 410 4394 n
430 4353 526 4394 Varrone
545 4329 729 4406 triplordeorum
748 4361 826 4402 genus,
844 4347 957 4404 physicum
976 4359 1014 4388 sen
1035 4345 1141 4398 naturale,
1161 4347 1277 4401 mythicum
1295 4347 1340 4391 sive

465 4419 598 4470 fabulosum,
616 4418 736 4472 argentiis
755 4417 800 4460 sive
819 4415 881 4459 civile
900 4422 920 4456 et
938 4414 1052 4470 populare.

233 4534 391 4596 Gentilium
421 4535 456 4594 de
485 4533 541 4592 diis
564 4532 627 4592 suis
650 4549 785 4604 errores,
819 4537 851 4590 ut
873 4527 1067 4590 Tertullianus
1090 4528 1227 4591 radicitus
1250 4527 1361 4602 evellat,

149 4617 178 4678 in
213 4619 343 4682 secundo
379 4637 433 4680 suo
469 4617 504 4678 ad
537 4615 675 4677 Nationes
707 4615 782 4677 libro
823 4613 1003 4692 (Terttdlian.
1037 4613 1086 4674 lib.
1115 4613 1152 4675 ΙΙ.
1182 4613 1360 4674 ad·Nation.
1433 4699 1436 4704 Ι

181 4721 337 4768 Turnacum
351 4735 403 4768 our.
414 4735 451 4768 en.
465 4733 563 4766 osunen.
591 4721 653 4765 Tem.
667 4719 706 4764 ΙΙΙ.
785 4743 789 4756 ·
1126 4715 1158 4765 29
