3036 5230
262 379 325 442 '106
478 391 671 436 nissenutrto
694 391 732 434 DE
754 391 960 435 rueruutmo
982 391 1021 436 BT
1042 390 1108 434 etus
1131 391 1271 436 SCRIP'HS

262 543 396 606 leminis:
424 534 586 604 aduentum
614 539 749 621 Spiritus
776 539 810 602 S.
838 557 859 602 a
885 541 1013 602 Dareine
1039 544 1230 620 praeessem
1263 545 1302 602 ἐκ
1342 559 1375 602 se
1393 546 1470 620 pot'ea

265 647 354 710 pean
380 630 414 687 in
435 624 589 706 Apostolis
618 625 717 703 scisse
737 637 898 694 cesenam,
928 632 959 686 et
979 643 995 684 a
1018 625 1212 696 Philastere¹,
1242 625 1301 703 qui
1325 635 1425 685 auctor
1442 640 1470 684 es

262 709 456 774 Montanistaa
478 707 653 781 obticuisse,
676 707 940 787 copiam-Spiritus
964 708 995 768 S.
1017 726 1078 769 non
1099 709 1262 788 apostolis,
1287 709 1346 770 sed
1362 709 1470 768 lienus

264 795 360 856 &tam
382 813 460 855 esse.
504 793 613 854 Eadem
637 791 782 854 sententia
803 791 913 870 placuit
933 791 1116 864 uarrneror,
1143 791 1193 871 qui
1217 793 1263 853 ait
1288 793 1421 854 Montani
1438 813 1469 853 sa

264 887 391 940 ctatores
428 876 584 948 statuisse,
614 876 708 937 Deum
736 873 931 938 relevationes
963 877 1104 955 quasdam
1136 895 1230 938 noras
1266 895 1328 954 per
1363 881 1468 937 eunte

263 963 341 1024 m'sse
363 961 544 1023 credentium
566 960 813 1040 perficiendorum
836 978 934 1022 causa.
972 960 1039 1021 Sed·
1054 962 1133 1040 quod
1147 959 1345 1032 Lardnerus,
1370 963 1469 1039 depe

264 1048 335 1109 dere
363 1045 562 1124 comparativo
591 1045 670 1122 quod
691 1045 886 1106 Montanistee
915 1044 1080 1106 tribuerent
1099 1044 1347 1106 revelationibus
1376 1046 1466 1124 priuig-

264 1149 319 1194 suo
355 1129 438 1190 iactis
467 1136 498 1190 et
524 1128 560 1189 iis
590 1147 665 1206 quse
688 1129 832 1206 apostolis
862 1127 1041 1206 obtigissent
1069 1147 1234 1207 exponens,
1254 1130 1417 1190 contendit
1437 1149 1469 1188 as

264 1214 379 1294 opinari
396 1231 455 1274 uon
472 1211 618 1292 potuisse,
640 1212 716 1273 lianc
729 1212 860 1273 Montani
880 1213 1107 1291 inspirationem
1128 1212 1290 1290 aequalem
1315 1214 1469 1292 iuisscape·

264 1298 361 1371 stolis,
384 1297 493 1377 quippe
514 1315 590 1375 quae
612 1315 672 1358 non
694 1295 856 1376 pertineret
876 1296 912 1357 ad
934 1295 1106 1373 gravissima
1127 1296 1197 1358 fidei
1221 1296 1345 1376 capita,
1369 1299 1418 1359 ssd
1434 1319 1468 1375 po

265 1382 415 1444 tissimum
443 1381 479 1442 ad
509 1397 559 1441 res
587 1379 701 1442 externi
728 1380 841 1440 ordinis
864 1388 894 1440 et
914 1380 1102 1459 disciplinae,
1131 1390 1247 1442 certum
1275 1391 1329 1442 est
1352 1401 1417 1444 eam
1434 1401 1469 1440 na

265 1475 399 1528 accurate
427 1472 652 1544 repraesentare
681 1464 810 1526 auctoris
833 1464 930 1524 nestri
952 1463 1125 1543 opiniones,
1147 1463 1196 1543 qui
1222 1467 1367 1528 lammae
1388 1468 1426 1526 sic
1441 1485 1469 1524 n

224 1609 230 1622 .
266 1549 400 1612 tiociuari
422 1548 533 1620 debuit,
557 1566 656 1609 revera
679 1557 777 1609 tamma
800 1548 885 1610 aliter
898 1548 1087 1610 ratiocinatus
1104 1555 1159 1610 est„
1204 1549 1427 1616 Tertullianus,
1442 1571 1466 1626 p

264 1635 435 1698 Montanum
458 1633 593 1694 crederet
612 1631 792 1693 destinatum
815 1651 885 1692 esse
905 1633 942 1693 ad
963 1633 1173 1694 revelationem
1202 1633 1409 1694 christianam
1428 1653 1470 1710 per·

266 1717 435 1788 liciendam,
463 1735 525 1778 uon
551 1716 649 1794 potuit
675 1734 743 1778 eum
765 1717 910 1795 apostolia
932 1716 1102 1778 inferiorem
1125 1716 1326 1789 existimare,
1357 1739 1376 1778 a
1396 1717 1471 1796 qut·

266 1820 301 1862 ea
322 1819 383 1862 non
405 1800 461 1862 nisi
485 1801 611 1862 obscure
634 1808 664 1862 et
683 1800 854 1878 imperfecte
868 1801 1010 1861 illustrata
1025 1809 1121 1872 esset3
1143 1819 1242 1878 neque
1259 1801 1413 1863 Lardneri
1426 1822 1471 1860 sea

266 1885 358 1946 tentia
390 1884 539 1945 conciliari
570 1892 672 1961 potest
703 1903 769 1944 curn
803 1884 940 1945 distincta
973 1883 1168 1963 appdlatione
1197 1887 1438 1964 πνευματικῶν
1458 1906 1471 1944 a.

267 1967 479 2049 spiritualium,
507 1985 594 2046 quam
617 1968 813 2030 Tertullianus
836 1968 939 2029 tribuit
959 1968 1161 2040 Montanistis,
1192 1987 1261 2029 cuns
1290 1989 1350 2031 eos
1373 1972 1420 2049 qui
1437 1989 1471 2028 m

266 2071 332 2114 vam
359 2052 568 2114 revelationem
595 2051 784 2113 aParacleto
817 2054 922 2114 laetam
944 2051 1131 2126 reiiciebant,
1160 2053 1302 2130 quamvis
1329 2056 1427 2116 omnia
1444 2073 1471 2112 a

265 2137 326 2215 pita
354 2136 422 2197 fidei
444 2135 627 2198 (bristimae
652 2136 825 2214 gravissima
845 2135 1016 2209 crederent,
1045 2137 1178 2216 epitbeto
1200 2138 1365 2218 ψυχικῶν
1389 2159 1413 2199 s.
1432 2157 1470 2197 aa·

266 2220 386 2281 mallum
408 2228 517 2279 notet¹.

245 2333 248 2342 .
352 2302 523 2363 Tertulliani
545 2321 635 2380 opera
656 2303 727 2364 satis
744 2303 935 2381 probabiliter
948 2309 1127 2374 monstrant,
1148 2303 1287 2364 Montani
1304 2307 1472 2368 seminanm

268 2405 326 2465 que
354 2386 382 2446 ei
411 2385 612 2447 adiuncturum
641 2386 716 2446 dieta
745 2386 850 2447 litteris
880 2387 1014 2448 mandata
1044 2387 1146 2448 luisse.
1200 2387 1278 2448 Cum
1305 2393 1422 2470 'supran
1439 2393 1472 2448 ias

266 2470 349 2530 locus
377 2469 510 2530 laudatus
536 2479 580 2530 est
608 2470 658 2548 qui
679 2469 798 2532 Priscae
824 2471 1030 2550 prophetissae
1057 2471 1166 2532 dictum
1195 2473 1358 2545 continet,
1392 2484 1443 2536 tun
1458 2492 1473 2499 ··

266 2553 372 2616 libellis
400 2554 436 2614 de
458 2551 535 2631 Fuga
563 2554 594 2614 ia
616 2555 828 2616 Persecutione
852 2565 882 2614 et
902 2555 939 2616 dc
961 2555 1124 2616 Pudicitlal'
1146 2556 1299 2633 quamam
1323 2559 1413 2618 citata
1432 2573 1473 2616 ss*

267 2637 436 2698 ellontani
462 2638 661 2700 sermonibus.
706 2637 778 2698 illud
805 2637 1021 2716 tamenepus,
1052 2639 1130 2700 trude
1152 2639 1350 2718 Epiphanius
1376 2661 1426 2702 sna
1442 2659 1474 2698 er-

267 2722 393 2800 cerpsit,
421 2729 526 2782 nostro
553 2721 665 2782 auctori
694 2729 797 2782 nouam
821 2741 889 2783 esse
911 2740 971 2782 non
993 2730 1119 2801 poterat
1164 2723 1224 2794 Qut
1247 2725 1277 2784 si
1304 2725 1337 2786 id
1361 2727 1470 2786 nonae

267 2805 297 2866 in
319 2805 417 2866 libabo
440 2805 581 2867 adversus
602 2805 734 2866 Praxean
760 2806 806 2866 vix
828 2803 1062 2884 praetermittere
1082 2807 1235 2885 potuisset
1257 2810 1475 2888 explanatione

267 2889 392 2968 adquam
420 2889 527 2950 addere
554 2907 657 2950 eorum
691 2889 868 2961 verborum,
902 2907 976 2968 quae
1010 2891 1107 2968 primo
1142 2891 1288 2970 adspectu
1327 2895 1473 2954 nonnae

267 2991 334 3034 cum
356 2973 418 3034 ileo
441 2973 527 3034 Patre
549 2973 673 3034 eundem
696 2973 792 3034 lacere
813 2973 957 3034 videntur.

352 3056 440 3118 Tales
462 3065 546 3118 erant
560 3057 691 3118 Montani
714 3057 877 3118 sestertias
900 3056 1143 3130 mamertinum,
1166 3065 1322 3136 quatenus
1347 3081 1401 3122 em
1416 3061 1475 3120 rolr-

267 3159 336 3219 gere
357 3141 426 3202 licet
447 3160 463 3202 e
485 3140 603 3220 scriptis
618 3147 771 3202 auctorum
788 3141 852 3203 eins
868 3142 955 3202 aetati
972 3142 1155 3220 supparium,
1178 3143 1379 3222 maximeque
1393 3166 1410 3205 e
1424 3146 1476 3204 Ter·

267 3223 398 3294 tulliano,
421 3225 471 3302 qui
487 3243 591 3285 omnes
607 3225 771 3304 peculiares
785 3225 852 3286 elus
868 3226 1024 3304 opiniones
1041 3243 1110 3286 suas
1125 3225 1232 3288 iecisse
1249 3229 1388 3291 videuar.
1416 3230 1475 3288 boa·

267 3306 339 3366 nulli
362 3327 396 3367 cx
420 3307 485 3368 eius
508 3309 704 3380 sectatoribus
726 3309 756 3368 iu
779 3327 902 3388 magnos
926 3319 956 3369 et
977 3309 1127 3370 doctrinae
1151 3318 1179 3370 st
1200 3311 1279 3370 vitae
1306 3332 1428 3373 errores
1447 3313 1475 3368 i:-

267 3388 377 3450 cidisse
399 3389 545 3462 dicuntur,
569 3409 742 3472 quamquam
765 3392 958 3470 probabiliter
980 3393 1123 3472 suspirari
1145 3393 1222 3464 licet,
1249 3410 1306 3455 eos
1325 3397 1427 3458 multis
1440 3417 1474 3454 r·

267 3471 396 3534 minibus
419 3481 571 3534 accusatos
594 3493 662 3536 esse
686 3477 842 3538 criminum
865 3495 939 3556 quae
961 3477 1033 3538 nibil
1057 3487 1159 3538 essent
1180 3477 1240 3537 nisi
1264 3479 1394 3542 inventa
1414 3499 1474 3540 aon

267 3563 409 3620 salarum.
452 3555 622 3620 Montanum
645 3559 764 3638 quidem
785 3571 908 3641 apparet
935 3559 1086 3622 hominem
1108 3561 1199 3624 luisse
1228 3563 1363 3641 exiguae
1394 3563 1474 3626 inted-

301 3789 323 3825 ι.
342 3775 439 3826 llaercs.
459 3776 601 3839 Culaplrryg.
710 3819 714 3828 ,
904 3781 1028 3843 foedaris:
1056 3781 1146 3830 iustitia
1164 3787 1187 3828 te
1207 3783 1326 3843 producit
1354 3787 1381 3833 ic
1400 3787 1468 3834 neda·

300 3857 321 3906 y.
341 3843 435 3906 ilistorp
454 3845 480 3892 ot
497 3845 613 3893 lleretica.
649 3845 682 3894 Ol
703 3846 743 3894 tba
761 3845 854 3896 Monta·
907 3848 967 3902 Ouid
984 3849 1132 3909 consumeris
1149 3848 1240 3896 leudem
1260 3853 1370 3911 snm?
1407 3855 1470 3900 itta.

266 3909 329 3960 aista
349 3925 368 3960 c.
390 3910 428 3961 ii.
550 3925 554 3932 ’
904 3915 929 3976 fit
948 3929 1016 3976 qaum
1033 3915 1172 3976 conspiceris
1189 3917 1218 3964 el
1236 3917 1382 3968 bominibus
1395 3919 1411 3940 ‘⁸
1427 3922 1474 3966 §rt

301 3993 322 4027 z.
339 3978 448 4028 liciniaco
465 3979 539 4028 solim
563 3980 652 4028 animae
670 3986 691 4028 el
709 3982 793 4029 mrsu.
819 3979 854 4029 ils
905 3981 977 4029 alibi:
994 3980 1093 4042 „Nolite
1109 3983 1134 4028 io
1151 3983 1252 4040 lectulis,
1273 3999 1320 4032 nec
1341 3989 1367 4034 in
1388 3990 1460 4035 alen·

268 4045 342 4094 leisu.
361 4061 383 4094 c.
401 4044 442 4094 tt.
463 4045 495 4094 lle
513 4045 646 4106 ilsungum.
666 4061 687 4095 c.
707 4047 730 4096 l.
906 4053 927 4096 el
944 4047 1047 4111 [obiitus
1068 4047 1176 4096 mollibus
1201 4055 1285 4110 optare
1312 4057 1392 4105 estre.
1421 4065 1452 4100 rr

299 4127 320 4160 a.
341 4112 396 4172 Pae.
415 4111 473 4162 705.
491 4120 541 4162 not.
561 4127 583 4175 p.
904 4115 1029 4177 martpriis,
1046 4121 1071 4163 ut
1089 4115 1227 4176 clarificetur
1245 4119 1289 4179 qei
1310 4129 1349 4168 eet
1366 4137 1445 4183 passm
1458 4133 1473 4178 p*

301 4178 325 4225 b.
343 4181 455 4242 Spiritum
472 4195 524 4230 cero
542 4182 692 4240 stromateo,
713 4182 851 4244 puidmopia
902 4185 975 4232 cobis.
1012 4183 1044 4229 lle
1069 4183 1131 4241 Fuga
1156 4181 1178 4229 in
1205 4182 1307 4232 Perses.
1338 4203 1360 4236 c
1386 4187 1403 4236 9
1436 4189 1476 4234 ir*

268 4245 376 4295 Senecae
392 4249 433 4296 ille
452 4249 552 4311 Spiritus
569 4249 670 4310 probat?
688 4263 784 4311 compte
802 4265 851 4298 orn·
903 4249 1013 4313 Spiritum
1031 4249 1082 4312 ouis
1101 4251 1227 4310 opnoneril,
1247 4253 1337 4301 audiet
1359 4264 1381 4304 et
1400 4261 1452 4318 sap·

266 4325 308 4358 oce
324 4325 381 4373 pena
399 4317 429 4362 erl
446 4317 579 4377 martyrium
595 4317 737 4379 eciovlplur,
755 4331 802 4364 non
820 4318 851 4366 cd
902 4318 1046 4365 denotantem
1065 4331 1084 4364 c.
1095 4316 1131 4364 ll.
1152 4315 1250 4377 llocrpo
1268 4323 1352 4382 meeis
1372 4332 1395 4370 et
1412 4341 1466 4378 aar·

267 4379 353 4439 sepem,
373 4386 398 4426 ut
415 4387 435 4428 el
453 4383 517 4431 illius
536 4397 733 4432 commemoremus
752 4383 850 4441 „Pelli-
900 4389 922 4432 et
941 4385 1047 4446 dispono,
1071 4386 1111 4446 qui
1133 4384 1207 4444 ipsum
1225 4385 1383 4438 Paracletum
1408 4409 1430 4438 aa
1450 4406 1465 4448 p·

268 4445 338 4502 Μ’),
364 4445 452 4507 inquit:
480 4451 563 4498 benum
586 4451 627 4499 lili
651 4457 692 4499 eal.
729 4452 773 4506 Oui
791 4453 851 4500 mun
899 4451 975 4514 pletis
993 4451 1058 4498 notris
1083 4453 1154 4499 liabeo
1182 4452 1320 4503 dicenter:
1346 4459 1445 4516 „Pouet
1459 4455 1481 4501 tl·

267 4512 469 4586 conpelluntur
503 4511 798 4581 tnnpadeaypanricstotl
824 4521 851 4566 ie
901 4519 973 4568 clesia
997 4520 1084 4566 donare
1109 4517 1250 4579 delictum,'‘
1280 4525 1327 4571 sed
1349 4541 1399 4574 eoa
1417 4531 1477 4586 pem

257 4577 407 4658 bominibus,
422 4581 554 4642 publicatur
570 4586 596 4632 in
613 4585 716 4634 Domino.
752 4585 850 4636 Nocen-
900 4601 928 4634 ee
946 4591 968 4634 el
985 4585 1033 4634 alio
1051 4586 1193 4650 delinquont.
1230 4584 1268 4635 lic
1290 4588 1418 4644 Pudicitia
1435 4589 1478 4640 cl.
