3082 5238
444 391 579 438 aaaaoss
601 394 643 437 ro.
665 393 732 438 aas.
755 393 918 438 nomssca.
1226 379 1290 450 lisa

69 542 178 604 nortae
197 547 388 604 mommenta
410 539 483 602 nihil
504 555 629 618 prorsus
650 538 850 620 prodiderint,
886 561 922 604 ex
947 561 1006 622 quo
1035 543 1092 606 ista
1119 563 1169 606 res
1190 547 1290 625 possit

68 624 282 706 quodammodo
309 623 450 702 intelligi,
484 624 627 704 numquid
648 624 707 686 ista
726 625 837 702 ingere
857 625 974 699 liceret,
1014 636 1047 688 ut
1075 627 1288 706 opitularemur

10 787 11 790 Ἴ
70 709 210 788 opinioni,
232 725 308 787 quae
329 725 424 786 paene
445 707 562 770 videtur
582 709 618 769 ad
641 708 749 770 exitum
771 707 921 771 adducta?
943 710 1065 773 Fuerint
1079 711 1197 774 interim
1212 714 1288 778 istae

9 807 10 816 ¹
68 792 244 854 calamitates
266 791 303 852 ad
325 799 441 868 tempus
462 790 627 869 dispersae,
648 800 786 853 tamenne
801 810 931 855 summas
948 794 1088 856 adversus
1103 795 1287 860 Christianos

67 875 188 937 iniurias
221 874 310 935 etiam
343 873 528 936 intermissas
560 873 715 936 dicamus?
769 874 867 937 Etiam
897 877 997 951 dices;
1031 896 1176 956 prospera
1207 881 1287 944 enim

66 969 199 1038 tempora
226 959 276 1036 qui
306 957 475 1037 potuissent
503 957 652 1030 extitisse,
688 958 748 1020 nisi
777 966 806 1020 et
831 959 887 1020 hae
915 961 1095 1040 aliquantum
1117 962 1286 1025 desiissent.

65 1045 101 1104 At
122 1061 178 1121 ego
201 1041 251 1120 qui
273 1041 486 1102 Tertullianum
508 1040 598 1102 didici
619 1042 721 1104 hostes
743 1041 774 1102 in
797 1060 901 1105 omnes
924 1044 1008 1122 quasi
1029 1045 1157 1107 latebras
1178 1064 1285 1124 perse·

65 1137 164 1188 cutum
201 1143 348 1202 usumque
381 1123 427 1185 vel
460 1123 610 1186 levissima
637 1143 670 1186 re
691 1125 729 1186 ad
750 1126 969 1188 convincendos
997 1127 1108 1190 erroris
1130 1148 1165 1190 ac
1186 1130 1287 1208 llagitii

9 1263 10 1266 ,
66 1229 136 1282 eos,
170 1209 220 1288 qui
242 1215 327 1269 erant
347 1207 438 1268 rebus
460 1207 695 1270 Christianorum
723 1210 853 1283 adversi,
888 1212 967 1273 hunc
995 1230 1050 1291 ego
1073 1210 1287 1276 Tertullianum

63 1302 237 1372 putaremus
264 1292 404 1352 adversus
433 1310 487 1354 eos
515 1291 729 1370 disputaturum
752 1294 841 1354 modo
871 1314 924 1369 eo,
958 1303 1005 1368 ut,
1038 1297 1286 1374 quemadmodum

64 1377 187 1439 niurias
210 1375 447 1436 adversariorum
469 1375 499 1436 in
516 1373 700 1438 Christianos
722 1385 840 1438 seraitae
861 1377 987 1439 luissent
1008 1397 1142 1442 summae
1164 1381 1283 1442 calami-

9 1517 10 1524 ,
63 1469 150 1532 tates,
174 1460 210 1521 ita
233 1458 365 1520 vicissim
386 1458 554 1520 felicissima
573 1467 705 1537 tempora
729 1461 881 1539 excepisse
903 1479 1005 1523 eorum
1028 1462 1058 1522 iu
1080 1463 1137 1524 hos
1152 1463 1284 1524 benevo-

62 1543 185 1605 lentiam
208 1541 342 1604 diceret?
374 1541 467 1620 Atque
489 1541 567 1603 aliud
588 1543 683 1604 adhuc
711 1543 901 1624 inpromptu
924 1555 979 1606 est.
1024 1545 1096 1606 Nam
1119 1566 1185 1608 eum
1208 1547 1284 1607 Ter-

8 1631 11 1700 1,
64 1627 202 1690 tullianus
224 1626 314 1688 istum
337 1626 374 1686 de
397 1625 487 1687 Pallio
509 1624 639 1687 libellum
661 1636 867 1704 componeret,
896 1633 982 1708 pacis
1006 1633 1067 1690 otia
1090 1642 1179 1692 erant
1200 1642 1229 1692 et
1251 1649 1286 1694 rc

8 1701 11 1724 ¹
64 1730 139 1772 aera
161 1711 246 1773 orbis
269 1709 467 1772 cultissimum
489 1727 545 1770 ras
566 1713 695 1790 imperii,
719 1711 876 1772 aonaaltas
899 1721 927 1772 et
949 1731 1092 1774 amoenas
1116 1733 1208 1794 saper
1231 1714 1285 1774 At-

65 1798 146 1856 ainai
163 1805 368 1874 pomorana
391 1793 743 1873 Midaerosetaamicap.
767 1798 822 1869 2.).
866 1794 898 1855 ld
926 1814 996 1855 vero
1020 1814 1148 1873 quonam
1171 1795 1285 1857 modo?

8 1939 10 1962 ,
63 1878 225 1940 Brodiaato
249 1881 329 1938 amni
349 1881 468 1939 aconito
492 1875 676 1938 hostilitatis.
707 1878 752 1938 Sit
773 1877 871 1956 itaque
891 1878 941 1939 hie
960 1879 1036 1940 liber
1058 1881 1184 1960 scriptus
1200 1879 1285 1941 initio

8 1971 10 2040 ζ
64 1979 91 2022 a.
115 1959 228 2034 CCXL,
263 1979 329 2021 nam
353 1961 408 2022 sub
430 1959 581 2021 Februarii
608 1959 723 2022 initium
745 1961 928 2022 interrivos
957 1981 1026 2024 esse
1048 1963 1174 2024 Severus
1197 1962 1286 2024 desiit

8 2111 9 2134 χ
64 2054 95 2105 et
117 2043 205 2106 desiit
226 2043 312 2106 edam
335 2044 440 2122 triplex
461 2041 578 2123 imperii
600 2043 702 2105 virtus.
746 2045 784 2105 At
804 2044 863 2106 isto
890 2052 1025 2125 ternpore
1047 2046 1155 2108 bollum
1178 2047 1283 2108 sdver-

8 2135 10 2212 ζ
61 2147 114 2190 sus
135 2128 293 2190 Britannos
315 2128 447 2188 noudum
469 2135 530 2188 erat
552 2126 735 2200 absolutum,
763 2147 966 2207 necunquam
994 2138 1098 2208 postea
1132 2131 1186 2191 luit
1218 2131 1306 2190 vivo·

61 2213 184 2284 Severo,
206 2212 257 2272 sed
280 2231 316 2272 eo
339 2220 457 2276 mortuo
479 2211 598 2272 demum
618 2211 786 2272 Antoninus
807 2230 909 2290 pacem
931 2231 997 2274 cum
1019 2213 1169 2274 Britannis
1191 2213 1283 2275 iniit'.

61 2296 123 2358 lsto
147 2296 235 2374 igitur
256 2313 334 2356 anno
357 2313 424 2356 cum
446 2302 527 2356 certe
549 2313 604 2355 nec
626 2294 735 2355 luerint
753 2300 839 2374 pacis
864 2301 926 2357 otia
955 2315 1011 2356 nec
1044 2299 1125 2358 ortis
1149 2297 1284 2359 cultissi-

8 2451 9 2470 χ
60 2400 143 2442 anum
165 2399 220 2441 ras
242 2383 379 2460 imperii,
416 2378 600 2440 commfflior
621 2377 704 2440 locus
728 2379 842 2439 videtur
869 2379 937 2442 huic
957 2379 1034 2441 libro
1057 2380 1205 2459 adsignari
1229 2381 1283 2438 de-

7 2477 10 2546 ζ
61 2464 133 2525 bore
156 2474 301 2524 stannus
324 2461 440 2540 quidem
457 2461 577 2523 ccvtlt.
599 2461 630 2522 in
652 2463 742 2522 linem
764 2461 929 2534 inclinatae,
952 2465 1127 2541 praesertim
1145 2463 1283 2542 quoniam

7 2549 9 2572 '
60 2567 130 2610 cum
152 2566 188 2608 eo
212 2546 324 2626 optime
352 2545 533 2606 concordant
554 2564 587 2606 ea
610 2546 725 2617 omnia,
759 2564 835 2624 quae
857 2546 1055 2608 Tertullianus
1082 2547 1132 2608 hic
1153 2545 1283 2609 tradidit.

7 2619 8 2656 ¹
59 2631 193 2710 Namque
222 2631 249 2691 si
277 2629 404 2708 requiris
427 2629 766 2708 triplicempracseatis
789 2632 1085 2708 impertientem,
1124 2647 1195 2690 sane
1224 2631 1283 2689 iam

58 2713 151 2776 modo
175 2713 246 2775 Geta
267 2713 391 2791 Augusti
419 2711 588 2790 dignitatem
612 2719 777 2784 sumserat3
813 2711 839 2771 si
864 2711 1127 2793 Cartlaaqinieoses
1150 2717 1284 2772 novitate

57 2798 174 2878 felices,
203 2817 256 2859 eos
279 2797 448 2858 iamdudum
471 2793 552 2855 numi
574 2793 803 2873 prodiderunt·;
840 2795 866 2856 si
890 2807 1056 2859 coctumst
1079 2796 1188 2856 radam
1210 2795 1283 2856 sad-

58 2883 148 2944 dolae
170 2881 410 2960 familiaritatis,
443 2877 630 2948 PlautianuS,
659 2876 905 2939 familiarissimus
928 2878 1058 2950 Severo,
1092 2877 1150 2937 iam
1172 2885 1234 2938 erat
1255 2896 1282 2937 a.

58 2965 155 3026 cclv.
179 2985 195 3026 e
217 2964 315 3026 medio
338 2962 501 3032 sublatustr
525 2961 550 3022 si
566 2971 652 3040 spem
665 2961 844 3040 Campaniae
866 2963 988 3022 desistas
1003 2963 1037 3023 de
1052 2961 1201 3022 mantibus
1218 2965 1282 3022 sais

58 3053 96 3120 tc.
115 3051 147 3112 2.
162 3047 221 3124 n),
245 3047 316 3108 illud
339 3045 393 3107 Dio
416 3044 557 3108 Cassius·¹
579 3053 713 3122 tempore
736 3063 782 3116 eo,
805 3061 863 3122 quo
886 3043 1055 3104 Plautianus
1077 3043 1176 3122 periit,
1199 3044 1284 3120 plane

57 3132 180 3211 quidem
205 3129 463 3204 commemoravit3
501 3128 527 3189 si
549 3127 675 3206 denique
698 3128 884 3188 eradicatum
907 3147 991 3190 omae
1013 3132 1165 3189 aconitum
1188 3127 1284 3187 losti-

57 3217 158 3278 litatis
182 3234 217 3277 aa
237 3219 323 3295 pacis
347 3220 417 3284 otia,
452 3221 536 3274 erant
564 3211 621 3272 ista
648 3229 719 3272 sane
741 3211 824 3288 prius
853 3230 940 3288 quam
962 3210 1089 3271 Severus
1112 3210 1142 3270 in
1165 3209 1282 3272 Britan-

57 3301 141 3361 niam
162 3297 416 3378 proficiscebatur.
461 3294 519 3357 Sed
541 3295 660 3358 caelari
680 3294 799 3356 ubinam
829 3294 944 3355 tandem
975 3301 1045 3355 sunt
1066 3291 1217 3355 barbari?
1259 3292 1283 3354 li

56 3382 178 3462 quidem
201 3382 333 3443 nondum
356 3399 392 3442 eo
414 3388 547 3458 tempore
570 3396 654 3440 muro
677 3377 864 3451 Britannico,
901 3378 953 3439 sed
982 3386 1079 3438 umen
1110 3377 1145 3438 ab
1168 3375 1284 3455 imperii

58 3466 187 3528 Romani
217 3465 325 3526 linibus
353 3463 428 3544 ipsis
459 3463 606 3542 legionum
628 3462 826 3522 Romanarum
848 3461 1005 3540 praesidiis
1027 3461 1218 3535 arcebantur3
1255 3467 1285 3520 et

57 3552 126 3630 ipsc
147 3549 344 3612 Tertullianus
367 3567 434 3609 cum
455 3547 592 3626 loquatur
613 3546 649 3607 de
672 3546 771 3606 multis
793 3545 937 3618 barbaris,
965 3545 1103 3625 quidnam
1126 3554 1173 3606 est
1194 3563 1283 3606 oaus-

56 3654 123 3706 sae,
152 3653 204 3695 cur
225 3633 307 3694 solos
328 3631 486 3692 Britannos
508 3628 728 3708 intelligamus?
772 3630 872 3708 ltaque
895 3647 961 3690 cum
983 3648 1009 3689 a.
1033 3628 1153 3688 CCVlll.
1176 3627 1282 3686 extite-

55 3719 119 3780 rint
140 3717 239 3778 omnia
262 3736 307 3788 ea,
329 3733 404 3795 quae
426 3721 652 3775 commemorata
675 3707 856 3774 Tertulliano
879 3711 976 3783 luere,
1001 3729 1066 3772 cuna
1089 3709 1186 3770 nullus
1209 3709 1283 3768 alius

55 3801 159 3882 possit
180 3798 310 3872 excitari,
333 3798 379 3860 cui
401 3798 498 3876 aliquo
521 3797 625 3857 maiori
645 3795 710 3856 iure
732 3797 833 3856 eadem
857 3803 983 3873 possent
1004 3793 1114 3865 asseri,
1138 3791 1284 3868 cumipse

94 3983 116 4019 r.
135 3967 159 4016 ll.
178 3967 340 4016 llerodianum
360 3965 451 4017 lib.lll.
470 3963 540 4014 alb.
555 3979 578 4028 p.
588 3961 645 4011 123.
697 3960 876 4022 minlridetar),
895 3961 941 4010 laoc
960 3962 1010 4011 lere
1028 3960 1103 4009 extitit
1120 3972 1141 4007 ι.
1153 3956 1227 4008 CClT.
1244 3964 1285 4008 aut

94 4049 115 4084 s.
135 4035 158 4082 v.
179 4035 351 4096 spanhemium
375 4036 400 4082 ia
424 4031 554 4081 immortali
572 4043 647 4094 opere
698 4027 733 4087 i,
752 4027 807 4091 qais
826 4029 849 4076 iu
869 4028 1013 4092 quibusdam
1033 4039 1087 4075 cum
1105 4039 1134 4074 es
1151 4039 1179 4073 ra
1196 4023 1236 4074 Tr.
1256 4025 1283 4074 P.

57 4103 90 4152 de
110 4101 258 4150 Praestantia
276 4109 299 4149 et
318 4101 366 4150 Usu
382 4099 566 4149 nomismatum.
584 4097 647 4146 Dios.
698 4094 736 4143 vt.
755 4095 872 4145 Caracalli
892 4095 1051 4155 coniungitur.
1077 4091 1147 4142 Certe
1160 4091 1217 4140 editi
1228 4097 1285 4142 snat

57 4167 112 4218 Xll.
132 4165 220 4218 vattt.
240 4167 341 4230 pota,
359 4167 400 4230 qni
418 4167 478 4215 istos
498 4179 584 4215 numos
602 4165 648 4214 Se-
699 4169 754 4210 sate
778 4163 896 4226 scriptum
920 4160 1030 4210 libellum
1053 4159 1083 4208 de
1109 4158 1200 4219 l’slli03
1224 4169 1285 4208 aab

58 4236 111 4286 reri
129 4242 153 4284 st
170 4235 291 4296 Antonini,
310 4235 334 4283 in
352 4234 440 4297 quibas
458 4241 496 4282 est
512 4231 647 4282 Telisliar·
698 4239 771 4292 qnam
790 4231 854 4280 enim
873 4230 897 4279 iu
917 4230 946 4278 iis
965 4229 1046 4288 Getae,
1069 4225 1112 4275 sed
1131 4225 1212 4276 Severi
1229 4233 1284 4276 tan·

57 4303 143 4362 thaso,
171 4302 201 4350 ad
227 4303 264 4351 ius
288 4315 375 4350 nomos
400 4299 501 4350 cudendi
520 4299 648 4348 urbinate
698 4300 749 4344 tom
768 4302 791 4344 st
810 4295 926 4345 Caracalli
947 4307 1035 4343 nornen
1053 4293 1181 4357 reperitur.

56 4377 210 4420 mmm
227 4369 308 4418 dmm
330 4367 451 4432 minem
470 4365 549 4444 diest.
570 4367 646 4443 Qum
733 4403 749 4444 t.
774 4396 790 4443 V
818 4393 964 4444 Tillemontii
984 4393 1043 4442 llist.
1071 4393 1113 4442 des
1137 4392 1284 4456 Empereurs

56 4437 137 4502 ipsam
162 4449 213 4486 rem
238 4443 279 4485 sut
302 4443 427 4496 cognatam
447 4442 511 4483 certe
528 4446 549 4482 sa
567 4446 646 4495 respa·
699 4462 753 4512 loco
773 4431 812 4512 ci'k
873 4460 923 4512 4¹3
942 4475 954 4509 Ι

56 4504 124 4554 ciant
142 4505 157 4554 ii
175 4503 243 4554 nami
262 4503 412 4560 emberrimi,
430 4501 471 4564 qai
490 4499 588 4551 landast
606 4499 646 4550 ln·
830 4477 854 4526 Ρ·
956 4476 978 4526 ‘¹'
1195 4523 1200 4528 -

55 4569 206 4632 dulgentiam
229 4572 303 4632 laag.
329 4569 354 4619 in
378 4568 489 4630 Cartana.
516 4567 558 4629 (ita
582 4567 647 4616 enim
732 4578 756 4612 u.
775 4562 826 4612 Lib.
845 4561 939 4612 lellll.
959 4576 980 4612 c.
998 4559 1022 4612 2
1040 4577 1065 4626 p.
1085 4558 1158 4612 atta.
