3122 5250
319 217 386 280 :trs
418 231 610 277 nrsssararro
625 231 656 276 m
672 231 721 283 ou.
736 229 821 277 sarr.
835 230 922 276 rnna
938 229 1134 276 rsnrumum
1147 229 1376 276 monoesrreuu
1391 231 1468 275 cerr.

321 401 387 463 esp.
409 385 459 449 34.
482 383 544 446 Art
559 385 614 461 3·)·
659 381 804 461 Superest
823 381 912 462 igitur
932 388 966 444 ut
987 401 1032 457 ea,
1054 401 1130 462 quae
1152 380 1336 444 Tertulliano
1358 390 1456 443 nostro
1476 400 1517 461 pe-

247 512 251 531 ,
321 469 441 532 ctrliaria
462 477 542 541 sunt,
564 485 643 530 nunc
662 466 811 546 sigillatim
832 466 1043 546 expendemus.

390 553 511 629 ⁴Narrat
531 552 629 632 itaque
650 552 747 631 primo
769 552 848 612 buno
868 569 983 613 morem
1005 550 1241 617 crudelissimum
1263 569 1517 630 perseverasseti-

321 659 378 722 que
399 639 439 701 od
456 636 711 719 proconsulatum
735 634 852 698 Tiberii.
897 635 1023 709 Quidam
1051 646 1148 698 autem
1176 635 1320 716 suspicati
1343 646 1412 699 sunt
1430 634 1466 698 ibi
1482 634 1516 695 le-

321 724 450 804 gendum
471 741 566 804 usque
587 723 627 784 od
644 719 861 801 proconsulem
878 718 995 794 Tiberii,
1017 721 1048 783 id
1069 730 1116 784 est
1136 721 1349 801 proconsulem
1363 721 1517 801 quempiam,

322 817 373 870 aut
393 827 410 870 a
431 806 553 870 Tiberio
568 806 754 885 'imperatore
775 805 912 878 missum,
944 814 995 868 aut
1016 806 1063 868 cni
1085 805 1206 867 Tiberio
1229 824 1396 884 cognomen
1416 814 1443 867 et
1461 804 1517 866 alius

323 893 445 955 omnino
468 898 541 963 erat,
563 909 650 970 mam
672 889 720 952 hic
734 889 871 952 Tiberius
894 890 1054 971 imperator
1076 891 1185 970 illoque
1206 889 1367 970 posterior.
1400 888 1516 967 Sedquie

321 978 397 1041 haec
427 976 654 1056 qualiscumque.
673 974 837 1037 emendatio
867 992 927 1036 nou
961 974 1140 1049 sufficiebat,
1180 974 1303 1038 alteram
1340 974 1469 1036 addidere
1494 990 1518 1032 ac

320 1070 427 1144 postea
447 1060 602 1140 legendum
623 1067 799 1140 putaverunt
819 1071 893 1122 terta
914 1059 1023 1123 militie
1042 1064 1143 1141 patris
1165 1065 1275 1132 nostri,
1298 1059 1358 1122 boe
1383 1068 1436 1132 est,
1460 1057 1517 1118 sicit

321 1146 364 1209 illi
392 1146 613 1219 minabantur,
645 1145 740 1225 patris
770 1143 958 1219 Tertulliani,
990 1146 1041 1225 qui
1067 1145 1230 1225 proconsul
1256 1143 1314 1206 luit
1340 1151 1408 1224 post
1428 1140 1516 1204 Tiberii

322 1231 457 1294 Caesaris
478 1239 614 1292 mortem.
657 1230 694 1291 dt
714 1229 841 1309 probare
862 1229 946 1309 prius
970 1229 1117 1292 debebant
1137 1237 1252 1309 patrem
1274 1227 1443 1290 Tertulliani
1462 1245 1503 1306 pro

321 1316 388 1397 prio
411 1315 522 1378 Tiberii
544 1315 665 1377 nomine
692 1315 784 1376 luisse
806 1313 992 1393 appellatum.
1035 1314 1148 1376 Deinde
1169 1333 1240 1375 vero
1262 1314 1335 1376 huie
1356 1313 1516 1376 mniecturao

323 1402 506 1479 refragantur
528 1417 632 1461 omnes
653 1417 721 1460 eum
742 1397 813 1461 editi
835 1407 897 1461 tum
920 1398 1111 1479 manuscripti
1134 1399 1262 1460 codices.

408 1484 487 1558 Quid
509 1503 579 1546 veru
601 1484 724 1565 impedit
745 1482 902 1564 quominus
917 1484 1054 1546 Tiberius
1080 1485 1243 1564 imperator
1264 1483 1444 1545 dirissimum
1463 1477 1516 1540 illud

321 1570 478 1632 infantium
499 1568 673 1631 sacrificium
696 1569 726 1629 in
748 1568 844 1630 sirica
865 1567 1074 1648 prohibuerit?
1116 1568 1222 1630 Nonne
1243 1568 1358 1630 Plinius
1380 1562 1514 1628 memoriae

321 1652 453 1735 prodidit
466 1672 545 1715 annu
559 1653 694 1714 ucuvu.
706 1652 793 1714 Urbis
807 1653 942 1720 conditae
957 1673 991 1716 ac
1004 1653 1056 1715 Cn.
1070 1652 1196 1716 Lentrdo
1212 1661 1243 1715 et
1251 1653 1286 1714 P.
1302 1652 1414 1715 Licinio
1429 1649 1514 1710 Crasso

321 1737 495 1801 consulibus
517 1737 704 1800 interdictum
725 1736 818 1800 luisse
839 1738 1116 1812 senatusconsulto,
1148 1757 1186 1799 no
1207 1738 1301 1799 bomo
1323 1735 1513 1798 immolaretur:

321 1823 374 1887 sed
396 1821 465 1903 quia
485 1822 558 1884 haec
578 1821 791 1887 immanissima
812 1823 994 1885 consuetudo
1015 1831 1119 1903 postea
1140 1822 1237 1885 adbuc
1257 1822 1336 1902 apud
1350 1820 1442 1883 Gades
1461 1832 1513 1895 per·

321 1907 489 1971 serenabat:
537 1905 647 1969 Tiberii
676 1907 831 1978 meroris,
867 1907 979 1987 inquit,
1013 1912 1206 1989 principatus
1243 1906 1372 1970 sustulit
1402 1900 1529 1972 unius,

320 2011 427 2056 eorum
442 2036 577 2053 ......
599 2011 653 2055 nec
674 1997 750 2054 setis
771 1996 929 2056 aestrinorr'
944 2002 1047 2072 potest
1068 2003 1214 2074 quantun
1226 1991 1372 2055 Romanis
1386 1990 1515 2052 delectur,

320 2076 735 2224 dirott‘ltttttlt
761 2077 1111 2224 ttt‘ltult‘ttt
1129 2074 1514 2234 tttltu‘lidlltt

321 2243 397 2307 llist
435 2263 498 2342 cap.
530 2249 581 2322 1.).
636 2244 769 2340 ᾼιιάἰειιο
799 2244 976 2324 impiissimo
1009 2241 1154 2307 sacrificio
1186 2263 1248 2307 non
1290 2245 1386 2307 solum
1420 2238 1513 2302 occisos

320 2329 739 2476 inaudiditum
762 2330 992 2476 tuddul}
1019 2319 1514 2505 siiiffiasl⁰iidai²d⁰³iaii

322 2507 352 2561 et
380 2499 410 2560 in
430 2498 542 2572 Africa,
576 2499 663 2561 sicuti
692 2498 890 2561 Tertullianus
919 2508 978 2561 tam
1014 2498 1141 2561 disserte
1168 2497 1365 2580 pronuntiati
1406 2495 1435 2556 Si
1459 2484 1511 2569 qud

321 2592 419 2646 sutem
447 2584 478 2644 in
506 2584 595 2645 huius
623 2584 772 2664 opinionis
801 2584 1053 2646 confirmationem
1082 2584 1249 2664 exemplum
1279 2583 1374 2647 simile
1400 2577 1511 2641 conterre

318 2668 428 2742 valeat,
459 2668 531 2730 illud
557 2669 702 2748 Iosephus
730 2668 817 2730 nobis
846 2678 984 2750 suggeret
1005 2669 1134 2749 (loseph.
1157 2669 1255 2749 dntiq.
1279 2670 1341 2732 lud.
1362 2665 1410 2728 lib.
1430 2653 1513 2723 utut.

320 2772 383 2833 cap.
406 2757 436 2818 4.
458 2771 524 2833 pag.
547 2755 643 2831 622).
688 2753 841 2816 Testatum
863 2754 971 2834 quippe
992 2754 1060 2815 iacit
1080 2753 1116 2815 ab
1139 2753 1245 2815 eodem
1268 2752 1386 2816 Tiberio
1405 2746 1511 2837 dimtum

311 2837 406 2901 -lsidis
428 2838 569 2917 templum
589 2838 808 2919 proiectamque
829 2838 860 2900 in
876 2839 1006 2901 Tiberim
1028 2838 1091 2900 eius
1113 2846 1249 2913 statuam,
1274 2859 1309 2901 eo
1325 2834 1400 2917 quod
1413 2827 1512 2922 Paulina

319 2922 429 2985 nobilis
451 2924 558 2985 mulier
580 2942 598 2984 a
618 2923 707 2985 Decio
729 2924 837 2985 blundo
866 2924 971 2985 iurene
993 2923 1081 2984 deum
1102 2923 1218 2984 Anubin
1248 2922 1402 2986 simulante
1428 2914 1454 2976 iu
1473 2908 1511 2970 1Ηο

320 3006 410 3068 isidis
443 3007 553 3086 templo
586 3007 670 3070 malis
707 3009 894 3070 sacerdotum
925 3008 1037 3070 artibus
1077 3015 1267 3087 constuprata
1306 3007 1416 3070 luisset
1467 2993 1512 3055 Cur

321 3107 392 3168 ergo
414 3091 507 3170 magis
528 3091 664 3153 horribili
692 3093 847 3154 infantium
879 3092 1007 3154 Saturno
1039 3091 1259 3155 immolatorum
1300 3086 1437 3155 sacrificio
1464 3094 1510 3159 pt·

319 3173 378 3235 tius
395 3174 430 3268 'in
451 3174 547 3319 Agrion
574 3194 661 3254 quam
683 3177 712 3238 in
736 3176 844 3250 Gallia,
865 3177 908 3239 uti
930 3176 1067 3250 diximus,
1101 3190 1130 3240 et
1151 3177 1215 3239 aliis
1236 3177 1269 3239 in
1289 3170 1449 3255 regionibus
1467 3179 1510 3243 pe-

321 3266 467 3337 perersset

405 3340 464 3402 Sed
486 3360 559 3420 qua,
588 3342 719 3422 inquies,
752 3345 998 3407 rationedictum
1020 3365 1037 3407 a
1059 3346 1239 3409 Tertulliano
1273 3361 1365 3427 usquc
1390 3339 1427 3401 td
1447 3346 1511 3421 Pri?

321 3426 514 3491 consulatum
551 3424 683 3489 Tiberii?
725 3428 871 3508 Numquid
900 3430 1053 3504 Tiberius,
1086 3439 1242 3511 antequam
1265 3425 1387 3492 Romani
1413 3423 1509 3496 impeffl

319 3511 549 3594 gubernaculum
571 3519 699 3588 teneret,
727 3514 888 3592 proconsul
910 3514 941 3576 in
961 3516 1058 3577 Africa
1078 3515 1196 3579 suerat?
1240 3514 1300 3577 Sed
1321 3509 1402 3592 quid,
1422 3495 1508 3567 flffllb‘*

319 3606 367 3673 te,
397 3605 476 3659 vetat
503 3597 661 3676 quominus
689 3597 758 3660 illuc
783 3599 819 3660 ab
841 3600 971 3680 Augusto
999 3599 1123 3662 Caesare
1160 3609 1211 3662 aut
1237 3608 1321 3662 antea
1348 3586 1509 3657 renuntiatus

320 3684 359 3746 sit
379 3683 493 3745 Alricae
519 3681 703 3762 proconsul?
747 3683 778 3746 Si
806 3684 873 3763 quis
900 3693 997 3747 tamen
1026 3673 1103 3746 re'cte
1131 3684 1300 3764 probaverit
1320 3673 1508 3742 Tertullianum

320 3768 357 3831 de
378 3768 435 3830 alio
457 3762 676 3846 intelligendum
698 3786 766 3830 esse
788 3768 907 3830 Tiberio
930 3770 1042 3831 Africae
1063 3769 1258 3849 proconsule,
1286 3766 1353 3830 huic
1372 3757 1448 3824 facile
1465 3765 1505 3811 ³⁵·

321 3852 494 3916 sentiemur.

406 3936 564 3998 Subiunxit
583 3945 679 3998 autem
702 3936 750 3999 ille
772 3938 992 4000 emdelissimos
1009 3937 1128 4000 Saturni
1150 3938 1322 4001 secerdotes¹
1340 3933 1419 3994 iussu
1438 3933 1502 3982 erus·

321 4020 388 4082 dem
410 4021 521 4083 Tiberii
543 4021 695 4102 expositos
716 4022 809 4085 luisse
831 4023 862 4085 in
883 4023 961 4085 illius
984 4022 1084 4103 templi
1106 4024 1271 4096 arboribus
1293 4026 1430 4082 uncorum
1449 4017 1502 4063 ⁸⁰⁰·

319 4102 416 4165 lerum
444 4105 720 4169 obumbratricibus.
763 4108 845 4171 Circa
873 4107 1024 4187 gentilium
1053 4107 1131 4169 onim
1154 4108 1262 4188 templa
1282 4105 1418 4186 plantatae
1437 4085 1503 4180 erili

321 4187 454 4260 arbores,
477 4190 617 4270 singulari
638 4191 781 4271 cuiusque
801 4193 902 4273 templi
925 4191 985 4253 ileo
1008 4203 1206 4267 consecratae,
1229 4186 1387 4270 dequibus,
1401 4171 1500 4239 ”illm

320 4272 505 4343 omittamus,
539 4276 612 4338 haee
636 4277 778 4357 Apuleius
807 4278 843 4340 de
872 4277 999 4357 quodam
1026 4278 1093 4339 iano
1121 4277 1228 4341 litteris
1254 4265 1407 4339 mandarit:
1438 4250 1501 4315 Videt

321 4358 554 4438 donc‘specr'oac
575 4372 605 4423 et
627 4360 751 4425 lacinias
773 4381 852 4426 auro
876 4364 1035 4434 litteratos,
1058 4367 1151 4425 ranis
1173 4364 1316 4425 orborum
1332 4345 1504 4435 praetorui

318 4442 463 4526 tusfiwau
486 4460 560 4524 quoe
582 4461 648 4506 cum
668 4450 769 4526 pretia
788 4447 867 4528 sectr·
886 4466 994 4512 nnnen
1015 4449 1086 4511 deoc
1107 4448 1294 4528 enituerunt
1308 4441 1412 4504 dicotur
1425 4428 1501 4489 tutu·
