3036 5230
503 407 638 452 iucronr
659 407 720 462 rou,
742 405 827 450 rara.
1218 395 1277 458 'ill

129 557 227 618 Loco
247 558 375 638 quodam
396 557 463 620 libri
485 557 522 618 de
543 557 727 636 Monogamia
749 575 840 636 supra
869 556 926 616 iam
954 555 1062 618 allato·
1083 558 1279 623 Tertullianus

27 643 94 714 ait,
136 661 246 702 annos
268 643 352 702 CLX.
375 641 492 720 elapsos
516 659 598 713 esse,
631 661 667 702 ex
688 660 745 720 qqo
769 641 811 701 St.
836 641 942 702 Paulus
971 641 1097 720 primam
1125 643 1280 742 epistolam

27 727 70 788 ad
89 725 281 788 Corinthios
304 727 444 787 dedisset.
478 723 711 786 llincPamelius
733 723 839 786 librum
862 725 942 786 illum
966 725 1179 788 annoCClllll.
1202 731 1279 790 scri-

29 821 129 891 ptum
158 829 236 871 esse
260 810 371 883 statuit,
394 809 565 871 existimans
585 811 710 888 primam
733 810 768 870 ad
785 809 955 870 Corinthios
971 810 1125 888 epistolam
1142 811 1281 894 scripturn

28 915 111 956 esse
131 913 163 955 a
184 894 264 968 Llll.
304 895 362 954 Sed
384 893 512 974 primum
535 894 614 956 docti
637 911 697 954 non
719 895 906 954 consentiunt
924 894 960 954 de
983 902 1117 972 tempore
1139 887 1282 973 epistolae

30 980 122 1040 illius
141 979 333 1052 deliniendo,
356 997 445 1057 quum
468 977 585 1056 quidam
609 997 673 1038 earn
691 979 730 1038 ad
754 997 780 1038 a.
796 978 870 1040 th.
883 978 1032 1051 reiiciant3
1055 977 1161 1040 deinde
1176 979 1280 1040 admo-

29 1065 114 1125 dum
141 1063 308 1142 probabile
329 1071 390 1134 est,
425 1062 636 1124 Tertullianum
658 1081 718 1122 non
740 1072 874 1123 accurate
895 1061 1041 1134 locutum,
1074 1063 1127 1122 sed
1148 1065 1281 1126 numeris

30 1147 196 1208 rotundis
227 1165 314 1207 usum
343 1165 419 1207 esse.
464 1147 497 1207 lu
525 1147 622 1226 primo
651 1147 727 1206 libro
756 1147 791 1206 ad
814 1145 953 1208 Nationes
973 1148 1084 1208 Auctor
1111 1156 1215 1208 noster
1242 1149 1282 1210 ait

31 1251 103 1293 uno
140 1232 234 1304 loco,
263 1245 356 1292 annos
379 1230 470 1304 CCL,
500 1231 592 1291 altero
614 1231 691 1292 CCC.
715 1232 846 1292 nondum
869 1231 1018 1292 ellluxisse
1040 1238 1109 1308 post
1131 1230 1281 1293 Christum

32 1324 197 1377 natum¹:
222 1316 300 1376 unde
315 1316 419 1388 elucet,
443 1323 547 1376 neutm
563 1316 628 1376 loco
645 1315 857 1376 Tertullianum
879 1305 1045 1376 accuratum
1061 1333 1280 1377 nunterumex-

33 1401 188 1480 primerc
212 1399 353 1460 voluisse.

136 1484 208 1544 lam
231 1502 319 1562 quum
342 1484 373 1544 in
394 1483 469 1561 ipsis
498 1483 637 1562 operibus
659 1483 737 1544 nulla
765 1445 934 1544 testimonia
962 1482 1131 1560 investigari
1154 1483 1281 1579 possint,

36 1569 128 1629 unde
155 1586 266 1628 eorum
289 1575 421 1664 tempora
443 1576 577 1628 accurate
599 1568 829 1640 constituantur,
862 1575 965 1646 postea
994 1567 1043 1628 alii
1070 1567 1163 1627 critici
1193 1567 1281 1628 ineo

37 1653 271 1731 acquieverunt
291 1660 324 1712 ut
347 1653 376 1712 in
400 1651 471 1712 duas
493 1652 605 1712 classes
629 1671 662 1712 ea
685 1651 866 1724 dividerent;
888 1669 977 1711 unam
993 1669 1096 1711 eorum
1113 1670 1187 1731 quae
1204 1652 1281 1713 scri-

37 1747 94 1816 pta
122 1745 235 1798 essent
256 1744 411 1813 antequam
433 1735 631 1796 Tertullianus
653 1735 780 1796 hlontani
804 1754 922 1796 errores
951 1753 1023 1796 suos
1050 1737 1175 1808 laceret,
1207 1735 1280 1796 alte-

39 1841 112 1882 ram
147 1838 258 1880 eorum
286 1839 360 1897 quae
388 1828 492 1900 postea
521 1829 623 1880 essent
650 1821 825 1898 composita.
870 1820 975 1879 Verum
1004 1819 1091 1880 etiam
1120 1819 1282 1880 inhaere

41 1905 236 1984 opinionum
266 1904 415 1965 dissensio
444 1911 506 1972 est,
539 1922 629 1984 quum
656 1904 734 1965 inter
761 1911 1007 1964 commentatores
1035 1921 1095 1963 non
1118 1903 1281 1976 conveniat,

1 2043 2 2048 ,
42 1991 83 2050 ael
108 1999 217 2049 utram
241 1987 366 2048 classem
388 1988 525 2066 quodque
549 2006 625 2066 opus
649 1989 899 2050 adnumerandum
923 1987 971 2048 sit.
1002 1987 1065 2047 Nisi
1088 2005 1164 2064 opus
1180 2005 1282 2048 revera

45 2075 185 2152 aliquam
213 2072 353 2132 Paracleti
377 2071 421 2131 vel
444 2091 539 2132 novae
563 2072 737 2150 prophetiae
761 2071 1003 2150 significationem
1036 2072 1184 2144 continet,
1221 2089 1283 2131 nou

1 2217 2 2234 ,
43 2158 121 2218 licet
152 2155 245 2216 nobis
276 2165 356 2216 certo
384 2156 562 2216 contendere
590 2156 619 2216 id
648 2175 664 2217 a
692 2157 867 2216 Montanista
896 2156 1038 2233 scriptum
1066 2173 1150 2224 csse:
1187 2173 1283 2232 neque

1 2291 4 2324 ,
44 2259 122 2302 vero
149 2240 288 2300 absentia
311 2240 443 2300 omnium
466 2239 612 2300 eiusmodi
639 2239 885 2318 significationum
913 2239 1089 2300 contrariam
1112 2238 1281 2299 conclusio-

45 2345 120 2386 nem
147 2325 269 2384 firmare
291 2331 399 2402 potest.
443 2323 520 2384 Fieri
543 2323 641 2402 potuit
662 2333 695 2384 ut
714 2325 781 2385 libri
809 2331 1012 2402 argumentum
1040 2324 1152 2384 auctori
1174 2323 1283 2383 nullam

1 2473 3 2482 ,
46 2408 310 2488 opportunitatem
333 2407 488 2487 praeberet
508 2409 595 2469 sidem
611 2409 740 2468 Montani
762 2407 948 2487 inspirationi
970 2407 1099 2470 habitam
1121 2405 1282 2484 prodendi3

1 2491 2 2494 ’
48 2513 121 2554 cum
148 2511 186 2553 ex
212 2492 301 2572 altera
317 2501 398 2569 parte
416 2493 472 2552 hoc
488 2510 588 2564 unum,
612 2493 692 2570 quod
708 2493 802 2570 aliqua
819 2511 853 2552 ex
869 2491 957 2553 huius
972 2489 1194 2551 haeresiarchae
1210 2509 1282 2551 seu-

1 2633 2 2644 ,
47 2578 156 2638 tentiis
182 2577 216 2636 in
239 2575 380 2652 singulari
403 2577 531 2654 quodam
554 2595 645 2656 opere
668 2577 831 2672 reperitur,
862 2593 921 2636 non
946 2575 1071 2635 sulliciat
1093 2575 1130 2635 ad
1151 2575 1282 2651 proban-

1 2659 2 2662 ’
48 2663 142 2732 darni,
180 2657 398 2720 Tertullianum
425 2678 484 2737 quo
512 2667 647 2738 tempore
677 2660 705 2720 id
736 2659 890 2738 scripserit
918 2677 952 2718 se
980 2659 1186 2718 hlontanistam
1216 2675 1283 2717 esse

1 2806 2 2812 ,
46 2748 242 2826 professum.
297 2744 428 2803 Fuerunt
454 2743 502 2804 illa
530 2750 642 2812 aetate,
680 2745 757 2804 sicut
786 2743 923 2803 omuibus
955 2740 1095 2801 ecclesiae
1128 2741 1282 2810 aetatibus,

1 2817 3 2906 f
50 2831 128 2890 duae
147 2837 263 2908 partes,
295 2837 324 2886 et
351 2827 475 2887 lenioris
504 2835 534 2887 et
562 2825 720 2886 severioris
750 2827 922 2904 disciplinae
945 2825 1129 2884 defensores.
1175 2824 1207 2882 ln
1231 2824 1285 2883 hae

50 2914 146 2974 altera
177 2913 276 2972 classe
305 2911 473 2989 complures
502 2911 605 2976 luisse
623 2909 775 2980 videntur,
808 2927 935 2988 quorum
964 2907 1121 2986 opiniones
1150 2906 1186 2967 de
1209 2907 1284 2967 vitae
1347 2936 1350 2942 ·
1432 2969 1436 2978 ,

51 2999 173 3058 ratione
198 2995 368 3056 Christiano
390 2994 501 3054 homiui
525 2994 673 3072 sequenda
696 2993 773 3055 haud
800 2994 888 3072 longe
916 2992 1069 3053 dillcrrcnt
1090 3010 1105 3052 a
1127 2991 1282 3062 Montano,

54 3082 196 3160 quamvis
223 3079 401 3140 caelestibus
424 3079 488 3138 eius
510 3077 739 3140 revelationibus
763 3078 849 3138 h'dem
871 3094 931 3137 non
954 3076 1106 3136 haberent.
1151 3074 1282 3152 lngenita

53 3163 236 3226 Tertulliani
259 3171 363 3224 natura
384 3163 420 3222 ad
442 3161 623 3257 rigidiorem,
647 3162 764 3256 opinor,
787 3170 900 3239 partem
922 3179 988 3220 eum
1011 3159 1148 3232 deduxit;
1171 3158 1281 3236 proba·
1329 3221 1338 3236 g
1410 3163 1418 3173 '

53 3249 115 3310 bile
140 3257 243 3310 tamen
266 3255 327 3318 eat,
362 3253 488 3307 mutatas
511 3245 576 3306 eiua
599 3245 761 3306 sententias
784 3245 926 3322 gradatim
948 3262 1030 3315 cese,
1061 3250 1106 3314 et,
1137 3249 1169 3302 ut
1190 3249 1283 3302 aetate

53 3334 308 3412 progrederetur,
343 3331 381 3390 ita
410 3331 440 3390 in
469 3329 532 3389 dies
561 3337 695 3389 naturam
714 3329 911 3424 asperiorem
934 3336 963 3388 et
985 3326 1211 3405 pertinaciorem
1234 3326 1282 3384 in-

56 3418 173 3478 duisse.
207 3415 287 3476 Talrs
304 3432 370 3475 cnm
392 3413 566 3509 plerumque
589 3431 738 3492 opinionis
754 3430 932 3491 progressus
955 3420 1012 3484 est,
1036 3418 1097 3470 tum
1119 3410 1155 3469 de
1171 3409 1284 3470 duabus
1355 3453 1360 3460 -

56 3511 141 3562 certe
163 3499 258 3562 rebus
281 3500 344 3560 eius
368 3497 543 3558 sententiam
566 3516 668 3558 reuera
698 3505 839 3558 mutatam
862 3515 929 3558 esse
953 3495 1125 3556 scimus-
1150 3493 1186 3554 dc
1208 3512 1283 3572 poe-

58 3585 220 3645 nitentium
242 3585 272 3644 in
303 3581 464 3643 Ecclesiam
492 3581 673 3642 admissione
702 3581 790 3641 etde
813 3581 914 3660 culpae
943 3579 1074 3639 secundo
1097 3575 1284 3639 matrimonio

59 3667 238 3733 tribuendae
262 3667 411 3744 gravitate.
457 3665 528 3726 Cum
551 3665 640 3744 igitur
662 3664 834 3744 Tertulliani
857 3663 972 3724 animus
996 3679 1116 3738 semper
1138 3660 1173 3721 ad
1196 3677 1282 3716 sere-

1 3811 2 3820 ,
60 3769 162 3810 ieram
186 3751 316 3810 Montani
339 3749 523 3846 disciplinam
545 3749 692 3810 inclinarit
720 3767 812 3826 eaque
835 3744 984 3807 inclinatio
1012 3762 1065 3824 per
1087 3742 1196 3820 gradem
1221 3739 1284 3800 exi-

63 3853 139 3910 guos
156 3842 187 3892 et
201 3833 246 3892 six
263 3833 487 3927 cognoscendos
508 3833 689 3899 incrementa
711 3832 832 3926 ceperit,
856 3829 918 3890 lieri
941 3829 987 3888 vix
1009 3835 1120 3905 potest,
1150 3831 1182 3886 ut
1204 3822 1284 3884 omni

63 3925 189 3977 externo
213 3916 383 3976 testimonio
399 3915 558 3976 deliciante
576 3925 654 3977 certa
677 3933 769 4010 quasi
753 3914 851 3974 'linea
868 3927 1041 3991 separemus
1056 3928 1090 3970 ea
1106 3925 1195 3984 opera
1210 3925 1287 3985 quae

63 4008 133 4060 ante
156 3999 279 4060 eiusab
302 3999 425 4061 ecclesia
455 4001 656 4060 secessionem
685 3996 788 4058 abiis
816 4014 891 4075 quac
919 4001 989 4073 post
1015 3993 1093 4052 illam
1121 3989 1286 4068 composita

64 4083 245 4146 scintille
274 4084 448 4162 praemissis
471 4083 507 4144 de
530 4081 699 4144 difficultate
727 4080 796 4141 certi
820 4075 1015 4158 quidquam
1006 4075 1167 4135 inhaere
1191 4079 1285 4133 statu·

66 4167 143 4240 endi,
167 4167 370 4246 progrediar'
363 4187 419 4229 tam
443 4167 479 4228 ad
502 4185 536 4228 ea
558 4163 732 4244 exponenda
752 4182 827 4242 quae
849 4181 915 4223 mea
938 4179 986 4220 me
1008 4155 1183 4220 examinatio
1208 4155 1285 4216 scri-

65 4259 184 4335 ptorum
208 4251 381 4313 Tertulliani
403 4250 512 4312 docuit.

151 4335 257 4397 Libros
272 4335 308 4396 de
322 4333 516 4406 Paenitentia,
532 4333 569 4393 de
585 4330 736 4402 Oratione,
753 4329 789 4390 de
803 4327 953 4406 baptismo
969 4323 1097 4402 scriptos
1113 4339 1181 4383 esse
1196 4329 1283 4381 ante·

100 4551 123 4584 u.
142 4537 168 4586 C.
186 4535 210 4586 3.
229 4537 283 4587 lide
301 4553 325 4602 p.
344 4537 401 4586 tet.
422 4543 471 4584 not
489 4549 513 4597 p.
702 4543 758 4647 ⁰'xp
776 4529 845 4578 Prior
868 4539 984 4576 numeras
1007 4523 1111 4574 accunit
1134 4537 1156 4572 c.
1179 4520 1203 4569 t.
1226 4519 1288 4570 alter
