3132 5238
227 327 268 399 28
540 350 602 414 ,om
626 349 709 392 seor.
732 349 818 392 mou.
841 333 1035 390 rennuunninr
1057 347 1122 390 ιιτι

226 501 354 571 interim,
375 499 401 560 si
423 517 524 560 rerum
544 499 584 560 sit
603 500 682 577 qnod
703 497 784 560 addit
798 497 835 558 de
848 497 977 558 llontani
991 495 1147 576 prophetia
1160 497 1225 558 eins
1240 515 1298 577 ope
1313 501 1451 579 expulsa,

224 583 461 664 quandoquidem
481 583 562 646 illum
584 583 722 644 floruisse
743 589 861 643 constet
880 581 937 643 sub
959 581 990 642 S.
1011 581 1172 642 Eleuthero
1194 599 1286 661 papa,
1309 595 1452 662 oporteat

225 669 282 730 ἰιιιο
303 659 405 730 senem
427 667 518 728 luisse
539 667 680 728 Praxean.
722 666 784 727 Nos
805 673 883 727 certe
903 664 1021 726 rixdorn
1042 665 1073 725 in
1096 683 1132 726 eo
1154 667 1234 744 quod
1257 667 1449 744 dictumest,

223 751 344 814 ductori
366 753 452 814 iidem
474 751 667 812 adhibendam
690 759 844 828 putamus3
877 757 938 810 ιιιιιι
960 749 1039 827 quod
1060 749 1092 810 S.
1113 748 1258 812 Paciauus
1281 751 1355 814 baec
1375 773 1449 816 vera

223 837 335 899 scribat
350 836 387 896 de
404 835 558 896 haereticis
575 834 738 896 secundum
749 834 893 912 Phrygas:
915 833 954 897 lit
961 838 1096 913 primun
1106 833 1287 912 liplnribus
1299 841 1450 900 eduntur

222 922 415 991 auctoritem
437 939 508 980 ιιοιιι
525 929 602 999 puto
625 919 757 982 Graecus
779 918 902 978 Electus
924 922 1062 997 ipsorum
1082 927 1144 990 est;
1173 917 1343 982 Tleodotite
1365 941 1448 1001 puo-

223 1023 279 1084 pne
301 1015 329 1065 et
350 1004 488 1066 Proeeos
507 1014 626 1064 cestros
640 1002 802 1082 aliquando
819 1003 1002 1063 demerent:
1031 1009 1104 1074 turn,
1135 1003 1215 1080 quod
1241 1003 1305 1080 ipse
1319 1005 1445 1081 Αιιοιοι,

222 1097 426 1166 praeterquam
446 1087 526 1166 quod
547 1086 606 1148 illic
625 1085 783 1164 subiungat
802 1095 941 1162 uuquam
965 1085 1126 1164 discipulos
1141 1085 1281 1162 Blustusu
1301 1100 1331 1150 et
1350 1088 1448 1152 Τοιο-

222 1173 325 1234 doteuu
354 1185 383 1235 et
404 1171 547 1232 Procedo
568 1189 633 1232 cum
659 1169 810 1232 Victorino
832 1169 889 1230 illis
910 1170 1145 1247 quiescendum
1169 1171 1343 1234 Aeschinem
1362 1193 1447 1254 pro-

221 1255 451 1326 nuntiabuntur,
474 1255 596 1316 eandem
618 1255 755 1316 haeresin
776 1252 910 1314 attiibuit
929 1261 959 1314 et
978 1253 1036 1314 boc
1056 1251 1132 1314 libro
1154 1254 1316 1334 impugnat.

303 1424 389 1484 Anno
410 1423 527 1485 Domini
550 1423 647 1485 ccxl.
676 1423 707 1484 S.
729 1421 884 1501 Zephyrini
905 1439 998 1500 papae
1012 1420 1138 1482 Romani
1146 1421 1210 1482 ΧΠ.
1224 1422 1327 1486 Severi
1337 1424 1445 1488 XVlIl.

219 1507 268 1568 ll’.
278 1507 370 1570 Acilio
391 1508 429 1568 ll.
445 1507 477 1568 F.
493 1508 530 1568 ll.
545 1507 581 1569 N.
596 1506 747 1568 Faustino.
770 1514 800 1567 ct
821 1505 853 1568 C.
875 1505 1030 1566 Caesonio.
1053 1506 1085 1567 C,
1106 1505 1139 1566 F.
1161 1506 1260 1567 ltacro
1281 1507 1444 1572 lluiininno

220 1609 297 1652 coss.
320 1590 496 1670 complemm
517 1592 580 1663 luit,
602 1591 682 1670 quod
703 1591 836 1652 scribunt
856 1597 926 1669 post
941 1598 1078 1650 auctores
1100 1590 1443 1668 supracitatosusssio-

219 1675 311 1735 dorus
339 1675 369 1735 in
391 1675 536 1736 Chronico
559 1683 589 1735 ct
610 1677 681 1736 Ven.
702 1674 780 1735 Beda
801 1674 912 1734 Hister.
934 1673 1045 1735 liedes.
1067 1673 1118 1734 lib.
1139 1673 1163 1734 l.
1186 1691 1250 1753 cap.
1267 1679 1298 1738 5.
1321 1676 1358 1737 de
1381 1678 1443 1740 Se-

220 1775 303 1829 vero,
325 1758 403 1837 quod
425 1758 531 1818 vallum
553 1759 666 1820 crebris
688 1758 817 1819 urrribus
839 1757 1050 1818 communitum
1068 1758 1099 1818 iu
1112 1757 1275 1832 Britannia,
1296 1777 1351 1838 per
1365 1779 1441 1824 cen-

220 1849 334 1904 tum-et
354 1841 478 1921 amplius
501 1842 592 1904 millia
612 1860 755 1920 passuum
776 1841 813 1902 de
835 1840 907 1902 mari
930 1841 967 1902 ad
981 1860 1063 1904 mare
1076 1841 1257 1920 perduxerit,
1278 1852 1311 1904 nt
1325 1853 1442 1923 partem

218 1925 386 2004 provinciae
407 1925 588 2004 grarbsimis
610 1925 731 2005 proeliis
752 1933 900 2006 receptam
921 1945 938 1986 a
959 1924 1083 1987 cacteris
1111 1928 1220 1988 laceret
1244 1929 1440 1993 securiorem.

218 2009 277 2070 Pro
292 2028 350 2088 quo
374 2009 441 2072 iacit
461 2010 547 2072 etiam
568 2009 614 2070 lex
627 2010 728 2071 Severi
740 2017 770 2069 et
778 2009 919 2070 Antonini
928 2009 1019 2088 dugg.
1031 2009 1156 2070 Eboraci
1177 2010 1234 2071 late
1256 2011 1439 2076 bocconsu-

217 2093 278 2155 latu
298 2093 374 2156 Non.
395 2094 474 2167 llaii,
497 2113 572 2172 quac
593 2102 671 2155 extat
692 2094 763 2155 (lod.
785 2091 897 2154 lib.lll.
919 2093 963 2154 tit.
979 2097 1029 2158 32.
1051 2093 1103 2154 lib.
1117 2097 1144 2156 l.
1174 2093 1260 2156 Certe
1280 2103 1350 2158 tunc
1369 2098 1438 2176 pri-

218 2193 298 2240 mum
320 2178 456 2257 leguntur
470 2178 676 2257 inscriptiones
691 2176 798 2256 quibus
813 2177 974 2256 appellatur
986 2177 1114 2239 Severus
1127 2195 1319 2240 nmrtnmcus
1333 2198 1438 2244 ιιιιιιιι.

217 2265 386 2324 amaror.
408 2281 489 2324 xnrr.
510 2281 544 2324 ac
564 2261 730 2324 Antoninus
752 2279 887 2324 nnrrmn.
910 2280 988 2335 aare,
1010 2281 1078 2322 nor.
1100 2281 1163 2324 1111.
1184 2281 1291 2324 mnu.
1313 2283 1377 2326 cos.
1391 2285 1438 2328 ιιι.

217 2346 343 2425 denique
369 2354 399 2408 et
426 2346 489 2408 illa:
526 2366 554 2407 ο.
577 2365 659 2408 serr.
683 2365 760 2410 cere
781 2365 846 2408 etus
867 2365 933 2408 nuc.
956 2365 1033 2406 umr.
1056 2364 1133 2407 cnm.
1156 2365 1224 2408 nor.
1248 2366 1291 2408 ιιι.
1314 2368 1379 2411 cos.
1401 2369 1438 2412 n.

217 2448 277 2492 uno
299 2429 456 2504 exlatere,
479 2439 509 2492 et
531 2450 566 2492 ex
586 2431 709 2492 adversa
729 2439 827 2508 parte:
860 2448 1020 2492 merounn
1034 2449 1170 2490 surrenti.
1214 2429 1321 2510 Utpotc
1343 2452 1438 2512 quum

216 2513 320 2575 tectim
343 2515 429 2576 luerit
450 2515 589 2577 duntaxat
609 2515 666 2576 iste
687 2533 799 2587 annus,
821 2533 857 2575 ex
878 2533 936 2594 quo
959 2515 1030 2576 Geta
1052 2514 1235 2576 tribunitiam
1256 2524 1438 2594 potestatem

215 2615 281 2658 cum
304 2597 428 2660 caeteris
451 2599 565 2678 imperii
586 2598 751 2676 insignibus
772 2606 930 2677 acceperat.
973 2597 1068 2660 Porro
1097 2599 1154 2659 hoc
1174 2600 1235 2660 lere
1257 2619 1335 2662 anno
1357 2621 1435 2662 con-

215 2681 318 2760 tigisse
340 2700 504 2757 censemus,
526 2683 605 2761 quod
627 2682 664 2743 de
675 2681 856 2744 Tertulliano
879 2683 1012 2743 scribunt
1026 2683 1058 2742 B.
1070 2682 1276 2761 Hieronymus,
1295 2683 1434 2764 Sophro-

214 2765 282 2827 nius
304 2767 392 2829 Catal.
414 2767 557 2846 Scriptor.
580 2766 690 2828 Ecdes.
712 2785 747 2828 ac
767 2766 887 2844 Niceph.
909 2765 959 2828 lib.
983 2765 1029 2828 lV.
1053 2783 1135 2845 capp.
1154 2770 1202 2830 12.
1218 2787 1252 2828 ac
1266 2770 1318 2832 34.
1340 2787 1435 2848 quium

214 2869 307 2928 usque
329 2851 364 2912 ad
380 2852 506 2912 mediam
521 2859 644 2912 aetatem
660 2852 690 2913 in
701 2850 830 2912 Ecclesia
842 2850 984 2912 catholica
994 2850 1149 2930 presbyter
1158 2852 1383 2930 permansisset,
1395 2856 1436 2917 ad

212 2934 342 2997 llontani
363 2936 470 3014 dogma
490 2935 652 3015 delapsum.
680 2935 886 2996 Verumtamen
908 2951 1013 3013 magne
1034 2943 1081 2996 est
1094 2935 1259 3008 difficultas,
1281 2938 1434 3015 quomodo

212 3019 320 3080 scribat
334 3021 366 3080 B.
378 3019 576 3100 Hieronymus
598 3021 627 3082 id
649 3021 756 3081 iactum
778 3015 885 3081 invidie
907 3027 937 3079 et
958 3018 1142 3080 contumeliis
1158 3018 1332 3082 clericorum
1342 3021 1431 3085 Rom.

211 3101 359 3164 Ecclesiae
388 3123 422 3166 ac
442 3103 627 3182 Sophronius
650 3099 769 3186 φθόνῳ
797 3102 851 3165 καὶ
873 3099 1162 3186 προπηλακισμοῖς
1183 3103 1249 3166 τῶν
1270 3103 1431 3188 κληρωτῶν

211 3183 269 3268 τῆς
290 3181 324 3247 ἐν
342 3178 443 3269 Ῥώμῃ
472 3184 650 3269 ἐκκλησίας,
684 3196 714 3246 et
745 3186 890 3265 interpres
918 3185 1076 3265 Nicephori
1104 3199 1237 3266 propter
1265 3189 1341 3250 cleri
1365 3189 1431 3252 uc-

211 3273 294 3330 ιιιοιιιι
322 3271 484 3346 invidiam,-
510 3271 683 3348 praesertim
715 3289 806 3348 quum
827 3271 864 3332 de
886 3289 921 3331 eo
943 3289 1088 3349 nusquam
1110 3279 1307 3348 conqueratur
1319 3273 1433 3336 ductor

210 3351 298 3412 etiam
321 3352 455 3414 inlibris
478 3353 619 3415 adversus
642 3353 802 3416 Ecclesiam
823 3354 958 3433 scriptis,
981 3355 1106 3424 maxime
1118 3373 1209 3432 quum
1220 3373 1336 3417 causam
1349 3357 1431 3420 illam

209 3435 337 3498 reticens
358 3436 527 3500 Vincentius
549 3437 725 3510 Lirinensis,
755 3439 809 3500 etsi
830 3438 865 3500 B.
886 3439 1065 3517 Hieronymo
1087 3438 1244 3517 posterior,
1266 3459 1327 3501 non
1349 3442 1430 3504 aliud

209 3519 295 3590 dicat.
317 3539 403 3600 quam
419 3520 631 3582 Tertullianum
647 3522 788 3584 Catholici
809 3523 954 3601 dogmatis
977 3530 1006 3584 et
1027 3530 1158 3584 vetustae
1180 3523 1248 3584 fidei
1263 3535 1429 3602 parumte-

208 3621 310 3666 uacent
343 3625 377 3666 ac
408 3604 595 3667 disertiorem
617 3607 709 3667 multo
731 3625 818 3685 quam
839 3606 1000 3668 feliciorem
1025 3614 1133 3668 mutata
1155 3607 1302 3670 sententia
1322 3609 1353 3670 in
1377 3630 1428 3671 er-

207 3707 305 3752 rorem
328 3689 478 3769 delapsum
506 3706 641 3769 magnam
672 3690 764 3752 luisse
785 3691 816 3752 in
830 3689 960 3752 Ecclesia
981 3690 1183 3752 tentationem.
1214 3691 1309 3764 Quem
1324 3693 1355 3754 in
1370 3695 1431 3758 hoc

207 3773 643 3840 imitaturdbbasl'rithemius.
670 3775 724 3836 Est
744 3775 863 3854 quidam
884 3775 1087 3855 qui-invidiae
1105 3793 1223 3836 causam
1237 3777 1329 3840 luisse
1344 3787 1429 3857 putet

205 3857 326 3920 ductori
359 3858 563 3939 eloquentiam.
614 3858 749 3920 Rhenani
780 3861 995 3934 coniecturam,
1028 3859 1215 3938 quantumuis
1247 3871 1426 3940 suspectam,

206 3951 369 4020 sequuntur
396 3945 484 4006 etiam
506 3941 646 4005 Catholici
674 3939 806 4021 quidam,
828 3944 877 4023 qui
906 3943 1092 4023 suspicantiu
1112 3942 1205 4017 illum,
1227 3963 1317 4023 quum
1338 3945 1425 4006 initio

206 4025 303 4086 lavere
324 4027 473 4105 coepisset
494 4027 609 4092 haeresi
632 4027 776 4099 llonteni,
806 4029 903 4092 statim
924 4027 1071 4090 Ecclesiae
1093 4029 1302 4090 communione
1323 4029 1423 4108 priua-

206 4115 277 4180 tum,
310 4109 393 4187 prius
414 4129 500 4189 quarn
527 4131 562 4174 so
589 4120 684 4173 totum
709 4111 845 4186 dederet,
876 4131 966 4191 quare
989 4120 1154 4173 commotus
1174 4112 1224 4174 ille
1246 4131 1369 4191 prorsus
1393 4114 1424 4177 in

205 4192 336 4255 Montani
351 4201 451 4272 partes
481 4196 638 4258 transierit
683 4196 790 4258 Verum
812 4215 873 4258 non
894 4195 989 4268 video,
1011 4196 1160 4273 quomodo
1183 4199 1423 4261 exeommunica-

204 4277 314 4341 tionem
337 4277 573 4354 ecclesiasticam,
595 4299 682 4360 quarn
699 4279 807 4342 Auctor
829 4282 961 4343 diuinum
983 4297 1145 4341 censuram
1163 4287 1196 4342 'et
1216 4283 1322 4359 futuri
1341 4285 1425 4347 iudi-

204 4363 244 4424 cii
262 4364 480 4442 praeiudicium
501 4365 625 4442 appellat
648 4363 782 4444 (Apolog.
805 4384 830 4427 c
853 4365 934 4441 dib),
962 4361 995 4422 B.
1017 4381 1088 4424 vero
1110 4364 1306 4443 Hieronymus
1328 4366 1422 4445 Epist

202 4444 238 4506 ad
259 4445 374 4507 ileliod.
407 4457 477 4508 oute
498 4447 575 4510 deut
594 4451 699 4512 iudicii
718 4450 868 4520 indictione,
890 4464 947 4528 puo
969 4451 1079 4510 eiectm
1102 4449 1137 4510 dc
1158 4447 1294 4536 Ecclesia
1314 4451 1422 4512 rabido

202 4529 354 4596 ἀοοιιιοιιιι
378 4548 432 4594 ore
453 4530 647 4612 discerpitur,
688 4551 749 4596 nou
771 4534 868 4597 solum
891 4531 1017 4596 invidiae
1049 4531 1149 4610 (quom
1170 4549 1225 4613 pro
1247 4533 1310 4594 zelo
1334 4533 1422 4596 etiam
