3092 5234
278 381 340 448 tce
361 399 400 443 nu
414 400 487 443 rnna
501 399 664 442 aurorane
678 397 827 442 onomius
839 397 1025 442 smuronmr
1041 397 1236 442 runrucumr
1250 399 1432 443 unsrurarro

278 549 476 611 doctrinarum
504 547 726 609 iudicandarum
748 547 946 608 Tertullianus
969 545 1181 626 disputaverit,
1209 555 1309 608 umen
1340 547 1426 612 illam
1448 567 1498 608 uon

279 633 414 702 obscure,
444 631 497 692 sed
524 631 611 708 plano
633 631 716 702 satis,
738 631 881 710 proponit
901 631 931 691 in
952 629 1038 692 libris
1060 631 1203 692 adversus
1224 632 1398 693 haereticos
1422 641 1453 692 et
1472 635 1498 693 at

277 716 356 778 illam
377 733 440 777 rena
464 731 498 775 er
520 713 656 775 instituto
678 714 885 794 disputandam
906 714 1014 776 librum
1035 722 1172 776 nostrum
1203 715 1412 776 destinaverat
1434 717 1497 776 atio

278 819 336 880 que
356 798 446 860 modo
469 799 651 860 confutatio
673 799 780 860 ceteris
803 797 1019 860 haereticorum
1046 799 1183 878 ineptias.
1226 800 1322 878 Atque
1345 800 1427 859 haee
1447 801 1497 877 ipsa

276 890 406 964 possunt
431 881 518 944 etiam
547 882 657 960 opponi
686 881 734 942 alii
756 881 872 943 cuidam
893 881 1129 943 adversariorum
1151 891 1337 962 argumento,
1369 901 1435 944 non
1455 884 1497 942 lei

276 967 318 1030 illi
346 965 473 1044 quidem,
509 964 562 1024 sed
591 965 631 1026 ita
659 965 738 1038 lorti,
770 973 804 1025 ut
830 983 924 1043 paene
953 983 1012 1026 nos
1039 965 1133 1027 videri
1154 975 1256 1044 posset
1275 967 1497 1044 pertrahere‘u

276 1045 460 1112 adversarias
481 1058 582 1126 partes
605 1067 707 1128 posse,
731 1049 813 1109 seda
829 1048 1028 1120 Tillemontio‚
1051 1049 1131 1128 quod
1153 1050 1331 1119 miror,non
1344 1051 1426 1110 satis
1442 1050 1497 1110 illa-

276 1142 380 1196 strato.
410 1132 552 1194 Videlicet
572 1151 721 1193 summum
743 1131 774 1192 iu
796 1131 939 1192 doctrinis
961 1133 1191 1210 apostolicarum
1213 1133 1414 1194 ecelesiarum
1445 1153 1497 1192 um

276 1219 338 1280 sois
351 1233 541 1287 consensum,
557 1216 610 1277 sed
619 1216 824 1278 vehementem
837 1215 873 1276 ab
885 1215 1041 1276 haereticis
1053 1216 1222 1278 dissensum
1234 1217 1385 1294 proponit
1398 1222 1437 1288 tr,
1445 1220 1498 1280 :ltin

276 1311 314 1374 et,
329 1301 408 1379 quod
419 1301 507 1378 longe
517 1300 611 1360 maius
623 1307 679 1368 est,
691 1300 882 1360 vehementer
892 1303 1002 1375 (ott.)
1016 1299 1142 1376 exagitat
1151 1300 1321 1360 haereticos
1331 1309 1497 1379 propterea,

276 1385 354 1464 quod
376 1391 590 1446 consueverant
610 1383 719 1453 dicere,
741 1401 803 1442 non
824 1383 923 1444 omnia
946 1383 1099 1461 apostolos
1121 1383 1227 1454 scisse,
1250 1383 1331 1461 quod
1356 1385 1428 1476 ipse
1453 1384 1496 1442 itl‘s

274 1467 522 1529 videbaturlesus
534 1467 670 1528 Christus
693 1465 803 1526 dixisse
824 1467 902 1544 apud
923 1467 1064 1527 loannem
1085 1466 1185 1526 verbis
1206 1466 1273 1526 his:
1295 1467 1405 1528 Multo
1428 1469 1496 1528 uobis

250 1571 361 1614 orne
383 1553 506 1613 diceudo
528 1560 654 1620 restant,
677 1551 731 1610 sed
751 1554 906 1629 suscipere
928 1569 964 1611 eo
985 1552 1120 1612 noudum
1138 1555 1276 1629 potestus.
1312 1550 1383 1610 llos
1406 1561 1497 1628 poste

274 1635 407 1696 retundit
426 1633 526 1696 verbis
548 1633 658 1694 Christi
678 1633 728 1705 iis,
750 1650 824 1711 quae
846 1631 1052 1712 superioribus
1075 1633 1256 1694 subiecerat:
1287 1634 1369 1694 Cum
1392 1639 1497 1694 ueneni

274 1719 327 1782 ille
348 1723 485 1798 spiritus,
507 1719 535 1777 ie
556 1735 611 1778 cos
633 1718 672 1778 cd
696 1735 780 1777 mooe
801 1719 841 1786 id,
863 1720 943 1797 quod
963 1735 1070 1778 oerum
1092 1730 1146 1786 est,
1170 1719 1418 1794 cognoscendum
1436 1735 1486 1796 par

275 1805 379 1874 dunen
413 1802 492 1862 unde
514 1801 590 1860 ellici
618 1817 710 1879 posse
736 1808 820 1878 putat
851 1801 951 1861 omnia
972 1801 1065 1862 luisse
1094 1801 1216 1862 edoctos
1238 1801 1421 1882 apostolos3
1443 1819 1496 1860 nan

274 1886 358 1964 ipsos
385 1885 453 1944 illos
481 1883 618 1962 spiritum
646 1883 801 1944 aChristo
833 1893 937 1962 postea
965 1885 1088 1944 omnino
1117 1884 1267 1962 accepisse
1295 1884 1339 1945 ait
1370 1903 1411 1944 ex
1433 1885 1496 1942 brts

275 1969 486 2050 Apostolorum
519 1969 598 2029 haud
625 1966 715 2027 dubie
742 1975 890 2028 constare.
946 1969 1042 2046 Atque
1067 1969 1140 2028 haec
1167 1967 1306 2044 cogitanti
1336 1968 1495 2030 uuidamet

275 2055 353 2132 apud
375 2071 408 2113 se
429 2051 577 2130 reputanti
600 2050 673 2111 scita
694 2050 950 2120 Montanistarum,
973 2052 1034 2130 qui,
1056 2053 1118 2112 iere
1133 2051 1176 2137 μᾶ
1206 2051 1333 2111 eundem
1360 2051 1446 2111 illum
1460 2051 1494 2110 lo

276 2155 342 2198 oum
363 2136 483 2198 loannis
497 2134 695 2213 posteriorem
716 2143 910 2212 provocantes
931 2135 1074 2196 Paracleti
1095 2135 1278 2212 disciplinam
1291 2135 1495 2213 perfectiorem

275 2237 393 2298 quoque
425 2217 580 2296 disciplina
615 2217 726 2277 Christi
762 2227 792 2278 et
827 2218 1029 2296 apostolorum
1065 2217 1278 2290 detondebant,
1312 2217 1494 2278 videreturne

275 2303 364 2380 igitur
385 2302 426 2362 illi
448 2301 645 2361 Tertullianus
667 2309 726 2361 tam
748 2301 826 2362 clare
847 2303 989 2363 adversus
1009 2303 1095 2379 ipsos
1109 2302 1302 2362 hlontanistas
1325 2303 1494 2362 sententian

275 2387 385 2458 dicere,
408 2392 441 2446 ut
461 2384 588 2445 dubitari
610 2383 647 2443 de
670 2375 852 2465 ὀρθοδοξία
874 2385 962 2446 huius
984 2386 1051 2447 libri
1074 2403 1135 2445 uon
1156 2383 1288 2464 posset?
1331 2385 1493 2463 Non'equi-

275 2469 343 2529 dom
371 2475 454 2548 puto.
505 2467 578 2528 Num
606 2467 662 2527 etsi
692 2467 741 2528 hic
760 2469 845 2530 locus
872 2488 1006 2547 magnam
1031 2468 1136 2530 habeut
1155 2469 1312 2538 rationem,
1333 2471 1441 2548 potuit
1462 2459 1515 2526 tir-³

274 2571 343 2614 men
375 2552 502 2630 proferri
537 2552 625 2612 etiam
657 2552 694 2612 ab
726 2571 772 2624 eo,
805 2553 856 2631 qui
889 2553 984 2614 stabat
1025 2573 1042 2613 a
1072 2552 1319 2613 Montanistarum
1358 2553 1494 2630 partibo.

273 2633 402 2707 Etenim,
426 2637 468 2697 uti
491 2636 629 2706 diximus,
652 2653 800 2714 nusquam
821 2637 1019 2698 Tertullianus
1047 2637 1136 2698 ullum
1165 2635 1292 2696 admittit
1313 2636 1398 2696 iuter
1419 2637 1493 2696 lton·

273 2720 398 2781 tanistas
420 2727 450 2779 et
478 2721 659 2781 orthodoxos
687 2719 889 2797 apostolorum
917 2729 1080 2782 sectatores
1108 2719 1274 2780 dissensum
1301 2719 1339 2780 de
1363 2719 1405 2780 iis
1430 2739 1494 2778 esse

274 2821 350 2883 quae
372 2802 429 2863 tide
451 2803 618 2882 accipienda
651 2811 737 2875 suut,
775 2811 805 2864 et
825 2803 905 2882 qnod
938 2804 1047 2865 nullius
1074 2821 1161 2864 verae
1189 2803 1340 2864 doetrinae
1367 2814 1514 2882 experto¹

272 2886 367 2948 luisse
393 2888 546 2965 apostolos
574 2885 721 2958 defendit,
752 2887 823 2948 illud
851 2887 952 2948 daria
981 2887 1085 2965 quovis
1107 2886 1353 2948 hloutanistarum
1379 2895 1494 2966 poterat

274 2971 333 3033 Sed
356 2971 587 3032 emendatiorem
610 2971 729 3031 demum
751 2989 806 3048 per
819 2971 1001 3032 Paracletum
1024 2969 1216 3048 disciplinam,
1239 2971 1395 3032 doctrinas
1419 2973 1493 3030 etiau

272 3073 335 3116 non
355 3073 457 3124 novas,
490 3055 544 3115 sed
566 3055 659 3132 magis
688 3055 875 3115 confirmatas
916 3062 1032 3116 veteres
1055 3055 1290 3116 Christianorum
1325 3073 1494 3134 propugna-

272 3139 353 3210 bant,
368 3139 460 3198 immo
476 3138 560 3217 ipsos
575 3139 662 3209 ritus,
684 3155 760 3216 quos
774 3139 923 3199 recentius
939 3139 1076 3199 inductos
1097 3139 1175 3217 apud
1189 3138 1320 3198 hlonmni
1336 3148 1495 3198 sectatores

272 3222 383 3283 rectius
406 3221 567 3282 sentientes
590 3221 762 3293 clamabant,
784 3230 818 3282 ut
838 3220 945 3300 probet
965 3241 982 3282 e
1005 3221 1099 3284 sacris
1114 3222 1231 3291 litteris,
1253 3221 1393 3299 ipsorum
1418 3222 1493 3282 etiae

273 3304 477 3384 apostolorum
499 3305 544 3364 'rel
565 3305 779 3367 consuetudine
801 3305 847 3366 vel
868 3306 1042 3384 praeceptis,
1069 3305 1169 3366 multis
1191 3305 1221 3364 in
1244 3305 1317 3366 locis
1340 3305 1494 3366 Tertullo·

272 3405 331 3448 nus
357 3387 482 3448 loborat.
526 3389 584 3450 Sed
613 3387 634 3447 ii
661 3389 811 3461 haeretici,
835 3389 976 3451 adversus
999 3407 1074 3468 quos
1097 3389 1268 3450 Tertulliani
1296 3389 1441 3450 instituta
1463 3409 1495 3446 e·-

273 3471 304 3532 in
329 3470 406 3532 libro
435 3472 472 3531 de
499 3471 737 3550 Praescriptione
769 3474 940 3552 disputatio,
977 3474 1134 3534 multorum
1161 3473 1271 3532 Christi
1297 3473 1495 3534 doctrinarun

272 3553 318 3616 rel
339 3555 429 3614 rudes
459 3555 610 3640 apostolos
633 3555 728 3616 luisse
749 3557 930 3631 dictitabant,
953 3555 999 3617 vel
1021 3557 1171 3618 Christum
1194 3575 1253 3616 nou
1276 3557 1380 3618 omnia
1403 3576 1495 3616 omui·

270 3637 327 3700 hus
350 3638 520 3712 tradidisse,
542 3648 575 3698 ut
596 3648 699 3700 noster
720 3641 761 3700 ait
782 3640 812 3700 in
835 3641 902 3718 ipso
917 3642 984 3710 hoo,
1007 3659 1095 3718 quern
1111 3648 1279 3711 tractemus,
1294 3638 1377 3701 loco.
1410 3642 1495 3712 anu

272 3721 310 3784 ob
333 3741 397 3783 rem
419 3740 485 3783 cum
506 3722 589 3784 locus
618 3722 654 3795 is,
689 3723 726 3783 de
753 3741 812 3802 quo
842 3724 1038 3802 disputamus,
1067 3725 1283 3784 abloutanista
1310 3741 1377 3785 nou
1406 3726 1497 3784 minu·

249 3805 402 3886 ¹potuerit
416 3805 560 3877 adhiberi,
583 3825 671 3886 quam
692 3825 709 3867 a
731 3808 815 3869 socio
836 3807 986 3870 Ecclesiae
1008 3816 1087 3868 reote
1110 3807 1276 3879 sentientis,
1300 3807 1361 3867 hoc
1384 3807 1495 3886 quaeri·

271 3897 330 3963 tur,
352 3899 418 3951 utra
440 3890 481 3952 sit
501 3889 648 3952 sententia
669 3891 715 3951 vel
737 3891 941 3969 interpretatio
964 3891 1000 3952 ud
1022 3889 1173 3952 teutatem
1200 3890 1413 3969 propensior?
1456 3891 1495 3950 l'b

272 3991 327 4051 ego
349 3991 410 4035 uon
432 3973 557 4035 multum
579 3973 698 4044 dubito,
722 3975 792 4052 quin
815 3975 912 4052 ipsum
935 3976 1014 4035 hune
1034 3975 1141 4036 librum
1163 3975 1256 4035 dicero
1276 3993 1293 4034 a
1316 3975 1492 4036 Tertullian.

270 4057 448 4119 hlontanista
470 4057 628 4136 proticisci.
671 4057 744 4118 Nam
766 4059 894 4136 primum
916 4068 985 4120 sunt
1005 4058 1073 4118 libri
1096 4059 1269 4137 Septimiani
1297 4078 1315 4119 e
1344 4059 1495 4138 disciplina

272 4139 518 4203 Montanistarum
540 4141 630 4214 ducti,
653 4141 684 4201 in
706 4142 813 4220 quibus
835 4143 876 4204 illi
898 4143 988 4203 instat
1008 4141 1234 4220 praescriptioni
1256 4141 1286 4202 iu
1310 4161 1407 4204 causa
1436 4145 1494 4203 har·

270 4225 441 4298 retioorum,
464 4244 519 4288 neu
540 4226 598 4286 ullo
621 4225 721 4292 modo,
744 4227 825 4304 quod
847 4245 903 4287 usu
926 4225 984 4304 ipsi
1006 4226 1085 4286 venit
1105 4226 1142 4286 de
1163 4224 1247 4286 libris
1268 4227 1420 4288 omnihus
1436 4230 1496 4288 suu.

254 4305 308 4367 ·ad
340 4326 415 4386 quos
441 4309 594 4371 remittere
620 4309 749 4372 lectores
776 4319 904 4389 poterat,
937 4329 1024 4370 suom
1060 4309 1097 4370 de
1118 4309 1365 4388 Praeseriptione
1388 4311 1496 4372 Haeret

158 4427 161 4433 -
274 4407 351 4469 opus
379 4400 555 4467 antestatur,
591 4393 681 4456 veluti
708 4393 738 4454 in
757 4393 833 4455 libro
861 4394 1004 4454 adversus
1030 4393 1162 4454 Praxean
1190 4411 1215 4452 c.
1239 4395 1270 4455 2.
1299 4401 1331 4454 et
1361 4396 1497 4456 adverso

270 4473 488 4554 hermogenem
511 4497 536 4538 c.
561 4483 590 4540 1.
634 4478 745 4539 Deinde
773 4477 799 4538 si
827 4478 855 4538 is
884 4485 967 4538 esset
992 4476 1050 4538 loci
1078 4475 1216 4554 superius
1243 4479 1366 4538 tractati
1393 4500 1411 4541 e
1436 4481 1498 4540 libn-

269 4567 375 4622 nostro
397 4577 516 4632 sensus,
543 4562 657 4639 qualem
671 4561 877 4624 Tillemontios
899 4561 991 4639 dogit,
1014 4578 1074 4621 non
1096 4560 1255 4622 admodum
1276 4561 1431 4626 credibile
1456 4575 1499 4629 est
