3114 5240
259 303 321 366 120
356 318 546 362 otsssurtrro
561 317 592 360 ru
608 317 655 368 eu.
671 315 754 362 surr.
768 315 854 362 naon.
869 314 1062 360 rsaruauaur
1075 313 1301 358 raouoonrroorr
1316 315 1401 358 eurr.

258 470 341 534 ribus
364 469 468 534 studiis
490 468 615 543 deditus,
637 467 747 530 curarit
768 475 865 530 eruus
887 485 904 528 a
925 485 958 528 se
980 465 1109 530 diversas
1131 465 1218 532 husius
1235 465 1345 528 codicis
1360 465 1471 528 lectio-

259 574 314 618 nas
336 555 374 617 ad
394 573 449 619 nos
473 551 635 616 transferri.

344 639 479 718 Quinque
499 657 588 717 porro
610 645 788 700 memoratos
810 636 940 710 codices,
962 635 1141 708 Putaneum,
1162 634 1365 708 Pithoeanum,
1387 634 1473 696 llar-

257 725 392 788 laeanum
419 731 448 786 et
472 731 627 801 utrumque
648 721 863 794 colbertinum,
890 739 956 782 cum
984 720 1123 782 adornata
1150 739 1167 782 a
1187 719 1312 798 lligaltio
1334 719 1469 782 aditione

163 809 165 816 ’
259 809 412 888 diligenter
432 807 618 881 mumdum,
639 813 726 886 abque
747 825 782 868 ex
803 806 860 868 bac'
879 803 1031 868 undatione
1052 805 1193 885 plurimas
1208 822 1280 866 sano
1294 802 1472 884 collegimus

259 893 389 955 diversas
417 891 573 965 lectiones,
602 910 676 971 quae
705 890 740 952 ab
762 890 828 964 illo,
857 889 936 952 nullo
957 908 1046 970 saepe
1067 889 1185 968 saepius
1206 888 1319 952 reddita
1340 889 1473 962 ratione,

259 979 310 1040 sed
330 976 465 1057 propria,
488 976 529 1036 uti
550 975 679 1048 ridetur,
709 975 880 1038 auctoritate
901 992 990 1054 saepe
1011 974 1128 1054 saepius
1158 983 1208 1035 aut
1233 973 1351 1052 ponitus
1378 991 1470 1036 rese-

204 1107 213 1126 .
259 1065 339 1124 eatae
359 1069 410 1124 aut
429 1061 596 1124 immutatae
618 1070 696 1123 sunt.
722 1060 840 1122 Fatetur
861 1058 939 1120 enirn
961 1077 994 1120 se
1015 1058 1128 1121 duobus
1151 1057 1308 1132 dumtaxat,
1322 1058 1373 1120 uti
1387 1057 1471 1120 dixi-

188 1175 191 1184 =
256 1166 340 1222 mus,
374 1145 524 1208 codicibus
551 1145 699 1208 Puteauao
722 1151 751 1206 et
771 1144 931 1206 Pithoeaoo
953 1151 983 1206 et
1002 1141 1269 1204 variisFuldensis
1291 1142 1473 1206 lectionibus

255 1249 344 1294 usum
364 1230 465 1292 inissa.
506 1230 544 1292 tt
564 1229 619 1292 bae
639 1229 779 1292 lectiones
801 1229 896 1290 alieno
917 1223 1002 1306 plane
1022 1227 1054 1288 in
1074 1227 1139 1289 loco
1161 1227 1296 1290 inventae
1309 1235 1388 1303 sunt,
1410 1245 1473 1289 neo

258 1317 334 1378 sciro
355 1315 497 1394 Rigaltius
518 1315 614 1393 potuit
635 1333 652 1376 a
673 1332 742 1394 qno,
775 1321 824 1375 aut
845 1331 901 1392 qna
922 1312 1069 1392 diligentia
1090 1311 1227 1374 collectae
1247 1311 1363 1374 luerint
1406 1312 1472 1374 Nec

256 1400 351 1480 magis
373 1407 554 1478 compertum
574 1399 684 1472 babuit,
706 1405 756 1460 aut
777 1406 854 1460 certe
876 1396 1022 1460 nemiuem
1038 1397 1197 1470 admonuit,
1220 1397 1303 1460 cuius
1324 1405 1413 1458 notae
1435 1405 1470 1458 ot
1495 1424 1500 1438 ·

257 1485 361 1548 aetatis
383 1484 423 1546 sit
443 1484 490 1546 ille
511 1484 603 1546 codex
623 1482 797 1556 Tuldeusis,
826 1481 909 1544 cuius
929 1491 962 1544 ut
981 1481 1140 1560 plurimum
1161 1482 1333 1544 auctoritate
1353 1489 1470 1544 textum

256 1569 419 1632 inmutadt
440 1567 620 1630 Tertulliani.
664 1567 737 1630 Nam
759 1585 794 1630 ex
815 1566 926 1630 collatis
948 1584 1022 1628 nova
1041 1574 1111 1645 post
1132 1565 1213 1628 illum
1235 1585 1303 1628 arra
1317 1567 1470 1628 Puteaneo

258 1661 288 1716 et
317 1651 500 1726 Pitbocano,
533 1653 654 1732 aliisque
685 1651 856 1714 memoratis
887 1651 1034 1713 codicibus
1067 1659 1152 1731 atque
1185 1650 1309 1712 dirersis
1339 1650 1468 1712 aliorum

256 1737 444 1811 lectionibus,
473 1737 558 1816 plana
584 1736 840 1800 animadvertimus
862 1735 929 1798 illos
952 1735 1183 1818 correctionibus
1205 1735 1322 1816 Rigsltii
1342 1734 1469 1798 omnino

257 1822 414 1884 adversari.
459 1820 532 1894 Quis
562 1829 658 1884 autem
686 1821 792 1882 dixerit
817 1821 935 1884 dubiam
961 1821 1049 1884 unius
1070 1819 1224 1882 liddensis
1246 1819 1354 1882 codicis
1375 1820 1471 1882 fidem

257 1915 302 1970 tot
322 1907 445 1969 aliorum
473 1913 503 1968 et
528 1905 683 1968 meliorum
705 1913 735 1966 et
754 1904 949 1984 antiquiorum
971 1904 1116 1967 autoritati
1138 1917 1204 1968 esse
1225 1903 1471 1967 anteferendam?

256 1990 300 2053 Ne
322 1991 386 2070 quis
409 2009 477 2052 vero
499 1990 585 2052 nobis
607 1989 704 2052 minus
726 2008 812 2068 quam
832 1989 874 2051 illi
896 1989 1071 2050 credendum
1093 2007 1161 2052 esse
1182 1989 1338 2063 existimet,
1372 2007 1468 2069 quae-

257 2076 323 2138 dam
349 2075 543 2156 proponenda
569 2083 639 2138 sunt
664 2073 832 2136 bruusmodi
853 2073 1083 2153 amputationum
1105 2081 1134 2135 et
1153 2073 1389 2137 immutationum
1412 2093 1468 2136 ex-

258 2160 362 2240 empla.
404 2160 438 2220 ln
469 2160 565 2239 primo
596 2160 695 2238 itaque
714 2158 894 2239 Apologetioi
926 2158 1018 2238 capite
1050 2159 1123 2220 haee
1150 2167 1262 2222 tentum
1290 2159 1322 2220 in
1348 2159 1472 2238 Rigaltii

258 2245 387 2308 editione
408 2244 557 2323 leguntur:
597 2245 704 2306 Omnes
726 2247 779 2325 qui
798 2253 881 2306 retro
914 2245 1055 2314 oderunt,
1090 2247 1160 2324 quio
1191 2245 1387 2324 ignorabunt,
1421 2249 1469 2307 si-

117 2399 124 2416 ,
256 2329 321 2394 mul
356 2331 497 2392 dess‘nunt
528 2333 687 2408 tpaorors,
726 2335 781 2390 ete.
816 2327 998 2403 (Tertullian.
1030 2327 1182 2408 apologet.
1218 2345 1281 2408 cap.
1314 2331 1365 2406 1.).
1432 2329 1470 2390 ln

256 2414 368 2476 nosuis
402 2421 498 2476 autern
520 2412 743 2492 ‚exempto-ibus
779 2411 984 2490 manuscriptis
1026 2431 1060 2474 ao
1090 2412 1239 2492 prioribus
1270 2413 1470 2476 editionibus:

124 2516 127 2522 “
260 2499 367 2561 Omnes
394 2502 446 2579 qui
470 2511 555 2562 retro
584 2499 719 2571 oderant,
748 2502 817 2577 quio
844 2497 1025 2577 ignorabunt
1052 2497 1137 2578 quote
1167 2501 1208 2558 sit
1228 2499 1307 2578 qnod
1327 2499 1467 2569 oderunt,

258 2583 349 2646 sr'mul
377 2583 515 2660 desinont
543 2586 695 2663 s'pnorore,
723 2590 777 2643 eto.
821 2582 947 2643 Videsne
975 2599 991 2642 a
1017 2579 1141 2660 Rigaltio
1169 2581 1276 2644 reiecta
1303 2601 1371 2644 esse
1392 2583 1471 2646 haec

256 2668 344 2729 verba
366 2666 452 2749 quale
474 2671 514 2730 sit
535 2668 614 2748 quod
635 2665 786 2730 oderunt?
814 2665 913 2746 Neque
935 2665 1043 2728 dixeris
1065 2684 1099 2728 ea
1120 2667 1469 2747 atypograpbisomissa

256 2753 356 2814 inisse.
399 2752 473 2818 Nam
502 2751 626 2812 eundem
651 2751 808 2830 Rigaltium
836 2769 967 2812 summae
998 2750 1207 2830 negligentiae,
1239 2770 1295 2814 nec
1331 2751 1382 2813 ulli
1414 2753 1469 2831 qui

257 2835 378 2899 editioni
400 2835 602 2898 huiuscemodi
623 2836 721 2915 operis
742 2835 908 2915 praeficitur
929 2835 1148 2910 condonandae,
1163 2836 1324 2899 accusabis.
1354 2835 1468 2898 Postea

255 2940 325 2984 nero
347 2921 420 2983 haec
439 2939 494 2982 neo
514 2921 598 3000 pluis
619 2919 650 2982 in
671 2921 771 2982 eadem
792 2919 907 2999 Rigaltii
928 2919 1056 2982 editione
1069 2919 1226 3000 babenber:
1252 2920 1390 2984 Venerem
1404 2922 1470 2983 Ias-
1550 2999 1551 3002 Ἴ

255 3025 345 3088 necno
366 3011 476 3086 sepitto
498 3009 670 3076 souuotoot,
693 3005 830 3078 Martem,
852 3013 907 3066 eta.
930 3004 1014 3078 (lbid.
1038 3009 1196 3084 oap,14.).
1227 3005 1259 3067 ln
1282 3005 1383 3068 bodam
1404 3023 1464 3066 au-

256 3099 317 3152 tem
338 3091 424 3152 editis
447 3098 476 3151 et
496 3089 703 3168 manuscriptis
725 3089 833 3152 librisz'
849 3089 986 3152 Venerem
1006 3089 1136 3152 damona
1158 3093 1470 3170 supercrescentem,

256 3175 335 3254 quod
355 3175 452 3255 filium
474 3193 561 3236 suum
581 3173 716 3246 deosum,
736 3191 831 3254 poene
854 3175 1043 3254 intersectum
1063 3174 1099 3237 ab
1122 3175 1224 3236 eodem
1236 3175 1384 3246 Diomede,
1406 3193 1469 3238 rc-

253 3270 328 3339 ptre
354 3257 458 3321 vatter:
488 3257 624 3328 Mortem,
652 3265 706 3319 etc.
748 3257 893 3337 Numquid
921 3276 991 3337 ergo
1013 3266 1042 3320 et
1062 3258 1092 3319 id
1113 3261 1359 3338 typographorum
1380 3259 1465 3321 osei-

257 3341 364 3404 tantiae
396 3349 445 3404 aut
477 3341 654 3404 iestinau'oni
690 3341 899 3405 tribuendum?
942 3342 994 3404 Sin
1027 3349 1123 3404 autem
1151 3343 1291 3423 lligaltius
1323 3344 1396 3406 baoo
1428 3364 1466 3406 ex

256 3425 386 3505 margine
406 3425 450 3487 rel
472 3425 586 3488 aliunde
607 3427 637 3488 in
659 3435 771 3504 tentum
790 3427 900 3490 iobusa
922 3424 1069 3508 putabat,‘
1090 3447 1142 3490 cur
1161 3447 1217 3490 nos
1239 3429 1325 3491 buius
1347 3428 1464 3490 addita-

256 3510 347 3574 menti
368 3529 429 3572 non
450 3509 624 3574 admonuit?
668 3511 726 3572 Sed
746 3529 810 3590 aga,
832 3519 862 3572 ct
883 3511 936 3574 alia
959 3531 993 3574 ex
1015 3512 1142 3574 auctoris
1163 3513 1260 3575 nostri
1282 3521 1362 3575 textu
1377 3511 1465 3576 simi·

256 3595 322 3660 liter
342 3602 471 3658 resecata
492 3613 643 3674 agnosces.
686 3595 760 3656 tlibi
782 3596 889 3676 quippe
911 3596 1123 3671 Tertullianus,
1145 3606 1178 3659 ut
1198 3605 1343 3660 testantur
1364 3597 1466 3662 nostri

257 3681 383 3752 codices,
406 3679 546 3760 seriptum
568 3680 739 3759 reliquerat:
761 3679 865 3742 Dicam
882 3682 974 3762 plone
996 3685 1207 3761 a'mperotorem
1229 3683 1389 3754 domiuum,
1412 3685 1466 3746 aad

257 3785 328 3831 voce
350 3768 498 3828 communi
516 3763 600 3839 (lbid.
622 3783 685 3844 cap.
707 3767 780 3843 34.).
823 3769 860 3826 At
879 3765 1003 3844 Rigaltio
1025 3765 1098 3826 haee
1117 3767 1172 3828 tria
1192 3766 1359 3846 posteriora
1372 3767 1466 3830 verba

256 3851 359 3914 tollere
379 3849 495 3929 placuit.
537 3847 597 3912 Nee
617 3849 708 3911 multo
729 3858 799 3930 post
819 3850 882 3912 ille:
922 3850 1013 3912 Tanto
1034 3850 1117 3913 obest
1136 3862 1171 3913 ot
1191 3856 1358 3931 imperator
1379 3852 1468 3916 neos

258 3936 360 3998 debeat
381 3937 446 4008 dici,
475 3953 538 3998 ooo
557 3935 654 4006 modo,
677 3942 730 3998 eto.
773 3935 879 3996 Verum
901 3935 931 3996 in
952 3935 1058 3997 iisdem
1079 3935 1290 4015 antiquioribus
1312 3936 1464 4016 exempla-

257 4019 339 4080 ribus
363 4019 503 4099 scriptum
525 4027 586 4081 est:
611 4017 703 4082 Tanto
725 4020 808 4084 obest
827 4031 862 4082 ut
882 4024 1048 4100 imperator
1071 4021 1129 4082 dici
1149 4023 1257 4092 debeat,
1280 4021 1359 4102 quod
1380 4023 1468 4085 erudi

257 4120 320 4164 non
336 4114 445 4182 potest,
469 4122 530 4166 non
550 4105 645 4176 modo,
667 4111 721 4166 etc.
765 4103 838 4177 Quis
860 4104 947 4183 igitan
967 4105 1040 4166 baec
1059 4104 1162 4166 rerba:
1195 4106 1274 4187 quod
1294 4107 1378 4168 credi
1397 4125 1465 4169 nera

254 4197 355 4334 ffi‘
377 4205 411 4316 οξ
433 4195 512 4250 textu
534 4188 662 4264 sustulit,
682 4188 741 4250 nisi
762 4188 811 4252 ille
832 4189 881 4268 qui
903 4189 1015 4252 inutilia
1036 4195 1066 4250 et
1087 4207 1266 4272 supervacua
1294 4207 1361 4252 esse
1376 4190 1462 4253 arbi-

340 4278 405 4334 tor.

341 4355 420 4428 Quid
445 4355 537 4420 rerot
563 4358 642 4437 quod
668 4375 728 4420 non
754 4355 842 4420 modo
863 4347 975 4429 excisa,
1003 4358 1055 4420 sed
1076 4360 1253 4439 transposita
1274 4358 1402 4420 suntab
1424 4375 1467 4422 eo

254 4439 367 4503 isthaec
388 4440 556 4504 Tertulliani
575 4443 679 4506 rerba:
701 4443 796 4506 licuit
815 4442 971 4524 Epicureis
993 4443 1123 4526 ob'puom
1144 4443 1469 4524 dammareoolupto·

254 4529 297 4592 tis
319 4529 482 4590 veritates.
515 4525 581 4600 Quo
602 4547 654 4592 sos
678 4529 864 4611 offendisses,
884 4531 915 4590 si
935 4525 1011 4592 otios
1029 4534 1249 4612 praesumimus
1264 4523 1467 4610 uoluptates?
