3196 5250
236 357 301 422 446
337 373 529 420 nassenrerto
544 374 575 416 ru
590 373 638 423 cu.
654 372 739 416 serr.
755 371 842 416 stoa.
859 371 1055 424 rmroaunnt
1068 371 1297 416 arctoosrtooat
1312 371 1400 416 carr.

238 522 369 586 seeundo
391 522 427 584 ad
449 522 590 586 Nationes
610 521 687 584 libro
709 522 805 596 locus,
827 521 877 583 nbi
900 521 1044 601 scriptum
1065 521 1206 602 legimus:
1237 520 1477 601 unumpate·

240 611 275 672 de
295 607 393 669 Ponto
513 606 623 668 ltaliae
639 607 849 688 promulgavit
870 607 1005 683 (Tertull.
1027 606 1078 668 bb.
1101 605 1138 668 ll.
1161 607 1198 668 ad
1219 605 1285 667 Nat.
1308 623 1371 685 cap.
1391 609 1476 684 16.).

324 691 419 752 lnstat
444 689 492 752 ille
521 691 609 752 licum
635 690 758 752 viridem
780 690 893 752 Romae
914 691 1062 769 cognitam
1083 707 1145 752 non
1166 690 1278 764 luisse,
1309 697 1478 770 antequam

241 776 313 838 Coto
342 793 407 836 eam
434 775 550 836 senatui
577 774 683 836 intulit
710 774 808 852 (lbid.)
852 775 926 835 Tota
954 783 1053 838 autem
1080 775 1154 836 baca
1180 773 1305 836 historia
1329 793 1347 836 a
1368 773 1476 837 Plinio

239 859 297 921 iam
325 858 413 920 citato
442 857 589 938 descripta
612 867 659 920 est
687 859 774 930 (Plin.
797 858 847 919 lib.
870 858 930 920 XV.
952 857 1055 921 Natam.
1076 858 1154 920 Hist.
1177 876 1240 937 cap.
1267 860 1344 936 ts),
1377 868 1477 919 etex
1592 869 1593 884 ¹

239 944 303 1016 illa,
336 941 414 1004 sicut
443 961 478 1004 ex
507 941 671 1021 superiori,
701 941 898 1005 Tertullianus
929 943 1078 1007 concludit
1098 943 1220 1021 iniquos
1239 959 1308 1004 esse
1330 941 1473 1021 gentiles.

239 1028 292 1107 qui
304 1025 453 1100 Cererem,
475 1027 621 1088 bacchum
644 1035 673 1088 et
685 1027 847 1088 Minervam
869 1027 907 1088 ab
929 1028 1029 1106 lruges
1051 1026 1235 1090 inrectae'in
1249 1026 1372 1088 deorum
1387 1045 1473 1088 suo-

239 1130 306 1174 rum
334 1129 497 1190 reposuere
523 1128 648 1172 numero
676 1118 706 1172 et
726 1110 880 1172 Lucullum
910 1111 1122 1183 cetetonem,
1155 1109 1205 1190 qui
1229 1109 1300 1172 alias
1322 1111 1473 1172 hactenus

239 1194 403 1273 incognitas
432 1196 462 1256 in
484 1194 596 1256 ltaliam
617 1195 800 1274 Romamque
823 1195 995 1268 attulerant,
1018 1195 1096 1274 apud
1117 1197 1238 1274 t'useros
1261 1193 1470 1276 relt'qusratttt.

240 1280 300 1342 Sed
321 1279 511 1342 bacalusias
533 1279 683 1358 prosecuti
705 1297 809 1341 sumus
832 1278 862 1340 in
884 1279 948 1340 aliis
968 1279 1080 1340 nostris
1095 1278 1357 1340 dissertationibus
1380 1279 1470 1354 (uts-

240 1371 343 1426 sertat.
372 1363 403 1424 in
430 1363 536 1425 Minue
560 1364 624 1425 Oet.
647 1381 710 1443 cap.
736 1367 786 1427 14.
813 1362 874 1424 Art.
897 1366 928 1427 2.
957 1363 989 1424 in
1009 1362 1121 1424 Arnob.
1144 1381 1208 1442 cap.
1230 1363 1261 1426 9.
1289 1362 1351 1424 Art.
1375 1365 1407 1426 2.
1436 1371 1473 1424 et

239 1447 366 1510 bissem.
388 1447 420 1508 in
441 1448 573 1510 Lactaut.
596 1466 658 1527 cap.
682 1449 733 1512 30.
755 1448 817 1508 Art.
841 1451 895 1523 5.),
923 1446 974 1508 ubi
995 1445 1157 1508 refellimus
1181 1447 1304 1508 eosdem
1325 1446 1468 1526 gentiles,

240 1533 290 1612 qui
317 1532 453 1595 homines
481 1532 519 1593 ob
548 1530 650 1592 collata
677 1531 741 1594 aliis
769 1531 937 1594 bominibus
966 1529 1108 1594 beneficia
1135 1531 1208 1594 deos
1237 1538 1309 1611 post
1335 1539 1469 1594 mortem

241 1635 326 1680 suam
348 1619 441 1679 laetos
462 1634 531 1678 esse
553 1615 729 1696 garriebant

739 1817 906 1868 All'l'lCllbllS
925 1817 967 1867 lll.

241 1923 327 1974 Quanta
345 1919 469 1962 insulsitate
488 1919 582 1973 gentiles
599 1919 739 1963 venditabant
754 1917 880 1972 Saturnum,
899 1919 971 1963 lorern
990 1919 1091 1974 aliosque
1109 1917 1137 1962 cb
1155 1919 1233 1962 merita
1251 1917 1413 1974 praeclaraque
1433 1919 1470 1962 la·

242 1991 319 2033 cinara
337 1989 407 2032 laotos
426 1998 477 2030 ease
495 1987 563 2040 deos,
589 1995 610 2030 et
632 1986 688 2031 allos
705 1987 749 2030 illis
767 1988 940 2042 praestantiores
958 1987 1048 2031 relictos
1065 1987 1089 2029 in
1106 1985 1197 2038 inierit,
1222 1985 1324 2029 nimirum
1341 1985 1468 2038 Socratem,

240 2056 370 2110 Aristidem,
395 2054 580 2106 Themistoclem,
603 2055 751 2098 Alexandrum
769 2053 885 2108 nagnam,
909 2053 1049 2110 Pompeium.
1067 2053 1219 2109 Polycratem,
1236 2053 1332 2108 Syllam,
1348 2052 1468 2106 Croesum,

242 2125 359 2176 Crassum,
384 2122 569 2174 Demosthenem,
594 2121 738 2166 Ciceronem:
765 2129 831 2176 atquo
856 2121 979 2166 ostenditur
1002 2121 1136 2164 divinitatem
1154 2133 1166 2164 a
1184 2121 1304 2174 gentilibus
1322 2120 1403 2164 eadem
1420 2132 1468 2176 qua

292 2189 333 2234 dlis
351 2189 398 2232 suis
416 2190 501 2233 ratione
519 2188 656 2232 tribuendam
675 2187 744 2241 Laida,
763 2187 870 2244 Pbrguae‚
888 2187 1013 2242 Larentiae,
1031 2194 1096 2243 atquc
1115 2187 1168 2244 ipsis
1186 2188 1232 2230 sito
1251 2185 1342 2232 mortuis
1360 2187 1406 2230 aiae

743 2255 797 2298 vivis
815 2255 958 2298 Caesaribus.

324 2371 422 2432 Altera
451 2369 622 2432 tribuendae
650 2369 775 2430 mortuis
803 2369 974 2430 bominibus
1000 2368 1158 2432 divinitatis
1181 2368 1256 2429 ratio
1279 2367 1316 2428 ab
1338 2367 1467 2431 ethnicis

242 2454 452 2518 desumebatur
473 2473 509 2515 ox
530 2454 647 2514 illorum
670 2453 783 2514 meritis
805 2453 948 2532 lactisque
970 2453 1101 2526 eximiis,
1124 2451 1231 2532 quibus
1255 2471 1319 2514 eam
1340 2471 1466 2514 assecu-

243 2549 290 2602 tos
319 2557 385 2600 esse
411 2538 548 2600 audacter
575 2535 772 2598 venditabant.
822 2537 860 2598 At
886 2537 1051 2616 quicunque
1079 2537 1108 2598 id
1137 2535 1216 2598 serio
1241 2535 1466 2610 asseverabant,

242 2625 284 2698 bi,
307 2630 340 2684 ut
360 2630 440 2684 recte
463 2621 601 2684 observat
614 2620 821 2694 Tertullianus,
844 2621 927 2682 lateri
949 2621 1130 2700 cogebantur
1144 2619 1268 2698 aliquem
1284 2639 1353 2684 esse
1368 2620 1467 2683 Deum

243 2708 379 2790 deificum
401 2705 585 2780 (Tertullian.
608 2703 761 2784 Apologat.
784 2723 847 2784 cap.
873 2709 946 2781 ll.),
973 2705 1071 2766 idest
1093 2697 1142 2784 qui
1165 2698 1238 2766 alios
1261 2704 1300 2766 ob
1322 2705 1467 2784 quaedam

186 2831 195 2843 -
242 2791 390 2873 praeclara
413 2792 486 2852 lacta
508 2790 582 2850 deos
604 2789 698 2850 iaciat.
720 2788 928 2851 'Praecellens
954 2807 1025 2867 ergo
1049 2788 1096 2850 ille
1118 2787 1198 2850 Deus
1221 2788 1323 2850 debuit
1344 2789 1466 2867 aequis-

243 2877 317 2940 eima
344 2875 474 2953 iustitiae
499 2873 582 2935 lance
609 2873 734 2934 aliorum
766 2873 871 2935 merita
909 2873 1075 2952 ponderare
1108 2880 1139 2934 et
1169 2872 1382 2952 omnipotentia
1404 2891 1466 2934 sua
1529 2871 1542 2896 '

242 2961 308 3024 illos
331 2959 429 3021 debito
451 2958 584 3038 praemio
606 2957 799 3019 remunerari.
841 2957 928 3035 Atqui
950 2957 1019 3018 boio
1040 2957 1095 3018 soli
1118 2956 1299 3035 aequissimo
1321 2964 1351 3017 et
1365 2957 1468 3018 omni-

160 3039 164 3046 ’
242 3044 356 3125 potenti
378 3043 520 3122 competit
540 3041 687 3116 divinitas,
714 3059 800 3121 quarn
821 3040 893 3102 nulli
915 3041 998 3102 altari
1020 3049 1071 3102 aut
1091 3047 1195 3102 natura
1215 3046 1267 3102 aut
1287 3039 1468 3119 quibuslibet

243 3128 357 3190 meritis
380 3146 396 3188 a
419 3146 452 3187 se
475 3126 614 3188 distincto
637 3125 708 3188 dare
729 3133 839 3205 potest.
871 3125 1014 3203 Suprema
1036 3125 1116 3186 onina
1137 3124 1275 3187 divinitas
1298 3123 1387 3185 dividi
1408 3142 1465 3186 ne·

243 3213 306 3291 quit
327 3219 423 3289 atque,
447 3217 481 3270 ut
503 3211 622 3289 saepius
644 3209 783 3282 diximus,
805 3209 884 3269 lleus
907 3216 957 3270 aut
978 3227 1056 3270 unus
1078 3216 1129 3270 aut
1150 3208 1248 3270 nullus
1270 3215 1326 3270 est

328 3293 387 3354 Sed
410 3311 463 3372 age
484 3293 588 3372 dicque
610 3293 714 3365 nobis,
742 3292 885 3367 obsecro,
918 3311 1062 3372 quaenam
1084 3293 1193 3355 luerint
1216 3291 1353 3365 Saturni,
1375 3291 1465 3366 lovis,

243 3377 366 3440 lunonis
389 3377 572 3456 aliorumque
593 3377 717 3439 virtutes
737 3376 902 3455 exindeque
923 3377 1038 3446 merita,
1061 3375 1167 3456 q'uibus
1189 3376 1341 3455 patuerint
1355 3375 1464 3436 divini-

243 3469 331 3524 tatem
354 3459 503 3521 emereri?
546 3460 651 3522 Nonne
673 3460 796 3538 gentiles
817 3460 912 3538 palam
934 3459 1141 3539 praedicabant
1161 3460 1383 3538 insolenterque
1398 3459 1464 3537 glc-

243 3545 395 3608 riabautur
415 3544 484 3606 illos
506 3543 595 3606 vitam
617 3544 725 3604 vixisse
748 3543 869 3623 stupris,
892 3544 1043 3606 adulteriis
1064 3563 1099 3606 ac
1120 3543 1313 3623 quibuslibet,
1342 3551 1374 3605 ut
1396 3542 1469 3605 abbi

244 3629 431 3692 ostendimus
460 3628 627 3700 (Dissertat.
657 3627 689 3690 in
708 3628 820 3689 Arnob.
850 3647 913 3708 cap.
938 3631 988 3693 12.
1016 3628 1078 3690 Art
1103 3633 1117 3692 1
1144 3635 1175 3688 et
1195 3631 1301 3707 seqq).
1328 3627 1464 3688 maximis

243 3712 407 3778 sceleribus
437 3721 465 3774 et
492 3711 608 3790 flagitiis
636 3713 775 3774 inlamem
800 3731 836 3774 ac
856 3711 1105 3775 contaminatam?
1148 3711 1206 3774 Fac
1227 3721 1324 3774 tamen
1346 3729 1400 3772 eos
1422 3719 1467 3772 lot

243 3799 388 3877 tantisque
410 3796 565 3858 virtutibus
588 3795 751 3859 cumulatos
773 3796 875 3872 luisse,
898 3804 972 3876 quot
991 3796 1168 3876 quantisque
1189 3794 1268 3858 vitiis
1290 3793 1464 3874 coinquina-

242 3882 359 3963 bantur,
381 3899 434 3944 cur
455 3899 525 3959 ergo
548 3881 606 3955 bis,
629 3881 670 3942 ait
691 3880 905 3955 Tertullianus,
926 3881 957 3942 in
979 3880 1091 3942 caelum
1113 3879 1236 3941 sublatis
1258 3897 1293 3940 ac
1313 3877 1464 3940 divinitate

243 3968 359 4030 donatis
382 3964 430 4028 alii
452 3965 558 4029 virtute
579 3983 667 4045 pares
690 3973 778 4044 atque
804 3965 891 4028 etiam
918 3964 1149 4042 praestantiores
1170 3964 1253 4043 opud
1272 3964 1391 4042 inseres
1412 3979 1461 4024 re-

243 4051 304 4113 licti
325 4059 396 4113 sunt
417 4048 551 4126 (Terutll.
567 4047 677 4127 ibid.)l
720 4049 822 4111 Nullus
844 4048 922 4110 enim
944 4047 1063 4127 gentilis
1086 4047 1272 4126 quantumvis
1295 4046 1332 4108 ad
1350 4045 1461 4108 auden»

242 4133 313 4196 dum
335 4134 485 4213 proiectus
514 4133 544 4194 id
571 4151 680 4213 negare
701 4141 833 4212 poterat,
866 4131 946 4212 quod
968 4129 1374 4210 manifestissimeprobatur
1395 4129 1463 4190 illu-

243 4218 350 4280 strium
372 4218 515 4298 exemplis
538 4219 669 4280 virorum
697 4235 824 4298 quorum
847 4215 978 4295 egregias
1000 4215 1224 4296 singularesque
1244 4213 1367 4276 virtutes
1388 4212 1463 4293 ipsi·

242 4301 432 4364 met-ethnici
455 4303 581 4364 sumatis
603 4301 770 4363 extulerunt
791 4300 938 4362 laudibus.

325 4383 399 4446 Nam
422 4391 455 4446 ut
474 4375 630 4466 proposita
652 4383 865 4446 al'ertulliano
887 4383 985 4460 (lbid.)
1008 4381 1141 4462 exempla
1158 4399 1377 4461 percurramus,
1397 4377 1463 4458 quie
1511 4447 1517 4454 ,

241 4467 393 4546 gentilium
416 4467 490 4530 deus
512 4469 675 4549 sapientior
698 4469 831 4542 Socrate,
854 4467 905 4547 qui
925 4465 1071 4546 Apollinis
1093 4465 1224 4540 oraculo,
1246 4485 1264 4528 a
1285 4465 1374 4527 nobis
1396 4461 1465 4526 alibi

240 4551 334 4616 citato
358 4551 495 4630 (Dissert.
518 4553 549 4615 in
571 4555 678 4618 Minue.
702 4553 803 4616 Octar.
825 4570 889 4634 cap.
912 4553 942 4616 3.
964 4549 1026 4614 Art.
1048 4551 1109 4630 2.),
1140 4549 1310 4614 mortalium
1331 4547 1465 4612 omnium
