3078 5248
440 421 615 466 emssnsmr
638 421 764 466 sonore.
787 423 968 468 csnrnssus.
1254 409 1316 471 525

102 591 160 634 neo
181 571 327 633 obscenus
349 591 449 632 earum
472 581 568 634 metus
589 573 641 634 sed
663 593 805 653 praesens
834 575 971 636 atrocitas
994 563 1144 637 ecelesiam
1167 584 1318 648 terrerett,

102 657 204 730 immo,
228 655 259 718 ni
282 656 381 729 iallor,
414 676 480 718 eum
502 658 596 719 edicta
618 677 671 718 sua
693 659 958 721 Serems·iamiam
978 660 1221 740 proposuisset²‚
1245 667 1317 722 cun*

104 741 232 820 scriptus
255 750 310 802 est.
339 741 419 803 Haeo
441 741 477 802 de
499 752 625 822 quatuor
645 743 728 804 libris
750 743 826 804 dicta
848 753 946 818 sunto,
970 763 1044 824 quos
1067 745 1224 806 auctoritas
1245 745 1317 806 flie-

101 827 218 904 ronpmi
241 835 279 900 et,
302 843 376 904 quae
399 826 485 906 longe
500 827 650 905 potentius
665 835 866 908 argumentum
880 829 1013 908 praebet.
1035 829 1131 908 ipsius
1146 829 1318 892 Tertulliani

101 918 243 991 suscepta
271 928 326 990 pro
352 911 537 973 montanistis
565 912 699 974 defensio
737 921 767 974 et
800 914 888 974 nimia
922 915 954 975 in
982 914 1147 976 Catholicae
1175 914 1317 994 asperitas

101 994 262 1057 haereseos
284 995 470 1056 convincunt.
953 1029 958 1039 ·

659 1169 689 1244 a.
713 1167 759 1227 vr.

188 1282 246 1356 Qui
268 1291 384 1362 praeter
407 1281 462 1344 hos
485 1291 610 1362 quatuor
633 1293 810 1364 supersunt,
843 1284 1014 1346 Tertulliani
1041 1285 1133 1347 libros
1162 1285 1197 1346 ad
1226 1305 1317 1346 unum

103 1387 208 1430 onrnes
230 1367 337 1428 indicia
360 1367 502 1448 quaedam
517 1368 704 1430 llontanismi
727 1370 881 1431 manifesta
904 1370 947 1432 vel
963 1370 1146 1444 obscuriora,
1169 1379 1246 1432 certa
1270 1378 1316 1431 ta-

100 1473 170 1516 men
192 1451 354 1526 continere,
377 1471 457 1513 nunc
478 1453 690 1514 ostendendum
713 1461 766 1515 est.
811 1454 875 1527 Qua
898 1454 928 1514 in
951 1455 1087 1517 revelati
1108 1474 1230 1516 normae
1251 1455 1316 1517 laco

53 1585 59 1602 .
101 1537 190 1599 nobis
213 1538 270 1598 erit
291 1535 391 1597 Severi
412 1537 596 1616 persecutio,
624 1557 711 1616 quam
734 1538 764 1598 in
784 1537 879 1600 Africa
900 1539 1026 1619 primam
1048 1540 1142 1602 luisse
1163 1559 1198 1600 ex
1220 1539 1317 1601 causis

100 1621 216 1684 idoneis
238 1621 292 1682 riri
316 1621 393 1682 docti
416 1619 525 1682 dudum
549 1621 690 1702 suspicati
712 1631 790 1684 sunt.
836 1623 889 1684 Cui
912 1643 966 1703 ego
989 1625 1150 1686 sententiae
1172 1643 1231 1684 non
1247 1624 1313 1685 ideo

1 1783 2 1788 η
100 1707 219 1786 quidem
242 1705 472 1788 subsqriberem,
494 1706 571 1784 quod
594 1715 661 1768 ante
683 1707 832 1769 saeculum
855 1709 1015 1771 secundum
1038 1709 1146 1770 nullam
1162 1708 1314 1770 ecclesiam

1 1803 2 1818 ¹
103 1790 134 1852 in
155 1789 250 1852 birico
272 1790 363 1850 tuisse
386 1809 451 1852 curn
466 1789 568 1852 Eman.
586 1791 807 1866 Schelstratio·,
829 1792 938 1854 daton.
953 1793 1052 1872 ragit,
1066 1801 1095 1855 et
1116 1793 1175 1855 los.
1190 1795 1313 1872 August.

105 1875 200 1936 Orsi·
229 1883 371 1954 putarem.
416 1875 469 1936 Est
496 1875 574 1936 enim
601 1875 690 1938 buius
719 1877 869 1956 opinionis
899 1879 966 1938 lons
994 1897 1055 1939 non
1083 1878 1156 1939 adeo
1184 1896 1315 1957 purusa

105 1959 233 2040 partium
256 1959 365 2031 studio,
389 1959 442 2022 sed
464 1978 499 2020 ex
520 1959 713 2022 immoderata
735 1961 894 2040 callidaque
916 1963 1057 2038 sollertia,
1079 1983 1153 2042 quae
1168 1963 1315 2024 Africanas

21 2121 28 2130 ι
105 2045 242 2106 ecclesias
266 2053 402 2124 tanquam
426 2044 556 2105 colonias
587 2065 623 2106 ex
644 2045 775 2107 Romana
797 2048 910 2120 ductas,
942 2055 971 2108 et
991 2047 1059 2110 binc
1080 2047 1228 2128 Episcopo
1251 2045 1313 2108 lio-

102 2149 190 2190 mano
213 2128 359 2190 subiectas
384 2148 452 2190 esse
473 2129 599 2209 probare
622 2131 736 2209 satagit,
759 2138 792 2191 ut
812 2151 828 2191 a
850 2130 1007 2192 bleichiore
1028 2130 1235 2212 Leydeclrerod
1258 2131 1314 2192 iam

101 2213 288 2275 observatum
313 2221 373 2285 est,
408 2213 513 2292 erupit.
559 2214 617 2275 Sed
639 2216 716 2294 quod
745 2223 812 2276 ante
835 2217 976 2276 Severum
1005 2217 1034 2277 in
1055 2217 1150 2278 Africa
1172 2223 1314 2298 martyres

100 2298 173 2360 nulli
194 2298 313 2370 inerint,
336 2297 382 2358 vel
404 2298 484 2360 solus
507 2299 704 2361 Tertullianus
726 2299 813 2361 nobis
834 2301 1035 2380 persuaderet,
1059 2301 1107 2380 qui
1130 2301 1160 2362 in
1182 2299 1256 2362 libro
1280 2301 1315 2361 ad

101 2383 273 2462 Scapulam·
309 2382 445 2461 l'ipelliass
467 2382 669 2456 Saturninus,
702 2384 810 2463 inquit,
840 2389 960 2466 primus
984 2387 1030 2447 iic
1051 2385 1184 2467 gladium
1205 2389 1237 2448 in
1259 2404 1315 2448 aas

1 2469 2 2504 ³
101 2471 168 2549 epit.
214 2467 299 2546 Atqui
322 2486 357 2526 ex
379 2467 456 2528 Artis
478 2466 635 2548 Martyrum
659 2469 886 2543 scillitanorum,
915 2489 989 2550 qnae
1010 2469 1179 2545 Baronius¹‚
1210 2469 1313 2532 llabil-
1393 2487 1396 2494 ’

1 2568 3 2574 ’
101 2553 217 2614 lonius⁸
251 2561 280 2612 et
308 2548 487 2613 urrinartust
522 2553 675 2616 ediderunt
703 2555 888 2615 manifestum
910 2562 972 2629 est,
1007 2555 1196 2617 Saturninum
1219 2553 1313 2633 impe-

1 2651 2 2662 *
102 2647 184 2700 rante
209 2637 320 2698 Severo
342 2637 508 2714 praesidem
529 2637 643 2701 Africae
664 2637 768 2698 luisse.
812 2637 873 2700 Nec
894 2639 959 2700 sine
981 2639 1088 2701 robore
1110 2648 1313 2719 argumentum
1381 2635 1385 2648 “

102 2731 158 2796 est,
181 2723 259 2802 quod
283 2721 312 2781 in
337 2721 538 2782 vetustissimo
562 2721 688 2800 quodam
711 2722 850 2783 ecclesiae
866 2722 1113 2802 Carthaginiensis
1129 2722 1315 2798 Kalendario',

99 2807 208 2868 nullius
232 2804 368 2884 martyris
385 2805 541 2866 Severiana
563 2806 770 2885 persecutione
792 2807 963 2885 antiquioris
985 2827 1093 2868 nomen
1115 2807 1238 2868 relatum
1261 2825 1313 2867 ex-

99 2891 163 2953 teti.
217 2891 318 2969 ltaque
347 2891 373 2950 si
396 2891 522 2952 Severus
557 2891 768 2970 imperatorum
795 2891 908 2970 primus
936 2889 1061 2952 Airicam
1089 2891 1190 2954 afflixit
1228 2899 1257 2952 et
1279 2889 1314 2952 ab

102 2975 164 3037 eius
193 2973 394 3056 praesidibus,
432 2983 586 3054 autequam
615 2975 678 3054 ipse
707 2975 799 3035 edicta
827 2983 1018 3054 proponeret,
1041 2975 1198 3036 Christiani
1221 2973 1314 3036 vexati

105 3069 182 3132 sunt,
207 3069 237 3121 ut
265 3057 472 3121 celeberrimus
494 3059 697 3121 nossemus*
727 3059 842 3120 invictis
864 3059 1042 3138 argumentis
1065 3059 1208 3133 ostendit,
1231 3060 1315 3138 sique

103 3142 298 3205 demonstrari
326 3152 436 3224 potest,
465 3143 689 3216 Tertullianum,
718 3150 872 3222 antequam
897 3144 988 3205 edicta
1012 3145 1111 3206 Severi
1134 3145 1243 3226 scripta
1265 3146 1295 3206 lu

102 3229 195 3300 erint,
227 3227 315 3289 immo
339 3237 492 3308 antequam
514 3227 667 3308 praesides
689 3247 705 3289 a
726 3229 836 3308 populo
859 3228 1058 3308 militibusque
1080 3228 1189 3291 incitati
1212 3237 1313 3292 contra

101 3303 282 3375 Chrisiianos
311 3313 389 3374 nullo
419 3313 506 3374 etiam
534 3313 634 3376 Severi
665 3313 747 3374 iusso
771 3313 930 3387 saevirent,
965 3333 1030 3375 cum
1058 3313 1244 3376 Montanistis
1269 3316 1312 3375 ic-

1 3419 2 3448 1
102 3399 195 3472 cisse,
229 3417 289 3460 non
312 3397 504 3459 dubitandum
527 3407 581 3472 est,
605 3399 676 3478 quin
697 3397 773 3471 libri,
797 3397 845 3477 qui
867 3399 1082 3478 persecutionis
1105 3399 1151 3461 vel
1171 3400 1228 3461 iam
1251 3401 1312 3461 ier-

97 3484 243 3545 rescentis
278 3483 321 3543 vel
350 3473 483 3561 proxime
511 3484 686 3547 metuendae
707 3483 887 3544 mentionem
909 3483 1033 3550 iaciunt,
1066 3483 1095 3544 iu
1116 3485 1312 3546 Montanismo

97 3567 256 3648 compositi
280 3565 350 3627 sint.
394 3567 454 3629 lam
477 3570 554 3647 quod
577 3568 652 3631 liber
674 3568 709 3630 de
732 3569 864 3641 Corona,
894 3588 959 3630 cum
983 3569 1076 3631 adlruc
1098 3571 1219 3631 ecclesia
1240 3587 1312 3648 pace
1342 3641 1347 3656 ¹

1 3685 4 3716 r
96 3656 244 3717 frueretur
265 3651 400 3732 nullaque
422 3652 468 3713 vel
490 3653 591 3716 Severi
620 3652 664 3714 vel
691 3652 861 3733 praesidum
888 3653 1025 3715 atrocitas
1048 3653 1193 3734 erupisset
1217 3660 1246 3714 et
1268 3661 1312 3712 ta-

131 3855 153 3902 p.
172 3839 244 3889 ibid:
264 3841 351 3896 Quanto
370 3841 429 3888 sarim
446 3840 613 3904 frequentiores
636 3841 679 3888 im·
765 3855 785 3888 c.
815 3839 861 3888 los.
894 3841 950 3900 Aug.
978 3839 1033 3888 Orsi
1061 3839 1122 3887 liiss.
1157 3838 1186 3887 de
1213 3837 1314 3902 Capitol.

96 3909 183 3957 micent
199 3909 376 3970 persecutiones,
397 3912 459 3956 tanto
478 3908 679 3970 examinatiapra·
727 3905 800 3956 Crim.
819 3905 925 3956 absolut.
945 3921 988 3969 cop
1016 3907 1039 3954 5.
1059 3921 1082 3968 p.
1105 3903 1160 3954 138.

1 3981 3 3991 “
98 3976 202 4024 curanda
232 3981 279 4034 est,
310 3974 422 4038 quomodo
441 3989 479 4023 eos
498 3975 601 4038 campere
623 3975 680 4036 fides
765 3974 787 4022 d.
817 3973 900 4022 ldelcb.
930 3973 1071 4037 Lepdeeleri
1100 3972 1188 4022 ilistor.
1221 3971 1312 4021 Eccles.

98 4043 181 4090 debeat
206 4047 230 4089 et
256 4056 307 4105 cap.
336 4040 390 4090 12:
416 4042 554 4092 Antichristo
572 4044 619 4092 iasa
641 4043 679 4091 in-
731 4041 801 4109 liriq.
827 4041 926 4090 Dissert-
953 4040 1062 4104 praelim.
1081 4040 1143 4089 Sect·
1162 4038 1180 4088 l.
1199 4047 1222 4088 et
1239 4040 1264 4088 Ρ.
1282 4040 1313 4089 ll.

98 4116 173 4160 staats
198 4115 218 4158 et
242 4111 267 4158 io
291 4111 432 4173 sanguinem,
451 4125 497 4160 noa
520 4111 545 4160 ia
560 4111 680 4174 pecunias,
732 4123 783 4172 cop.
802 4108 846 4157 xv.
864 4123 888 4172 p.
909 4105 965 4158 ²6¹1.

1 4187 4 4211 λ
98 4179 176 4228 diocte
195 4176 381 4228 Christianarum.
764 4191 785 4225 e.
804 4175 943 4225 Tertullisn.
962 4175 991 4224 nd
1008 4171 1104 4238 Scapul.

2 4347 3 4370 t
97 4339 142 4389 dus
160 4338 266 4388 inmanis
284 4353 348 4388 reum
365 4337 467 4388 mercede
484 4339 584 4388 dimittit.

765 4244 782 4292 i.
800 4241 885 4292 Barou.
904 4241 987 4292 lunsl.
1007 4239 1044 4290 nd.
1062 4249 1084 4288 ι’.
1104 4240 1172 4291 cett.

764 4325 786 4372 g.
806 4310 927 4360 llsbillon.
946 4309 994 4358 Vct.
1012 4307 1117 4358 duslsct·
1138 4324 1161 4373 p.
1182 4308 1237 4359 172.
1256 4310 1310 4360 edit

132 4445 154 4480 ⁸·
181 4430 234 4480 Em·
262 4429 402 4480 schehin&
429 4429 464 4480 1³⁸
489 4428 583 4480 5⁰⁰¹&
609 4430 680 4480 Mili·
731 4377 798 4496 pubi?
807 4377 1021 4495 'dbsdddaliuiasrti
1039 4443 1095 4495 dots
1113 4444 1205 4510 llsrtpr.
1228 4460 1252 4509 p.
1270 4439 1311 4496 bb.

2 4484 3 4496 ¹
94 4497 159 4549 Dies·
177 4499 196 4547 l·
216 4513 269 4562 ουρ·
288 4497 313 4548 2·
766 4513 781 4564 i.
799 4512 846 4562 los.
865 4513 923 4574 tog.
942 4512 997 4562 Orsi
1016 4515 1053 4564 cit.
1072 4512 1126 4562 loco
1143 4527 1167 4578 p.
1188 4509 1312 4573 178.th

130 4581 154 4630 b.
171 4583 258 4633 daton.
278 4582 333 4646 l'sgi
357 4581 443 4632 Critim
468 4579 498 4632 sd
520 4582 605 4632 Boron.
625 4597 680 4633 son.
766 4582 788 4630 lr.
806 4581 952 4630 lloshsmius
986 4580 1016 4631 ds
1049 4580 1130 4631 detsts
1164 4581 1309 4645 apologetici

94 4647 167 4701 xttt.
186 4665 209 4700 n.
228 4651 252 4701 ὅ.
732 4647 822 4698 Tertall
850 4645 872 4713 ᾗ.
894 4649 942 4698 llll
961 4665 1013 4716 sqq.

132 4285 151 4318 a.
171 4268 239 4319 ibid:
257 4285 308 4333 esp.
321 4267 369 4318 tn:
388 4269 605 4320 conchristianum
622 4271 680 4334 lepi-
