3082 5238
251 373 314 438 aab
335 390 374 432 ns
389 387 461 432 ram
475 387 589 430 serare
604 387 640 430 ue
653 385 802 430 nocrauu
817 383 1005 430 sumerentur
1019 383 1214 430 rmruttnuu
1227 383 1406 427 amieriam

252 559 339 604 secus
361 545 417 600 est.
458 536 532 598 Nom
555 537 673 598 tametsi
694 536 725 596 in
746 543 872 614 utroque
892 533 970 596 libro
992 533 1073 607 velit,
1094 544 1128 595 ut
1144 534 1275 612 virgines
1297 533 1479 611 obtegantur

252 625 329 694 velo,
352 639 414 683 non
440 621 506 699 ipse
534 629 633 682 tantm
661 621 720 681 iste
747 637 911 680 consensus
938 617 1083 679 librorum
1119 635 1154 680 ex
1186 619 1288 679 eadem
1320 616 1480 696 disciplina

184 755 188 760 .
251 706 401 788 prodiisse
427 711 585 782 utrumque
613 703 815 776 demonstrat,
842 703 915 775 sed,
943 701 969 762 si
991 701 1058 780 quis
1080 701 1234 779 utriusque
1255 702 1321 762 lora
1341 711 1480 762 accurate

253 788 418 860 contulerit,
441 779 568 865 magnus'
587 788 643 848 erit
664 805 680 848 a
703 805 736 848 se
759 784 931 847 Tertulliani
955 784 1121 858 dissensus,
1150 785 1200 863 qni
1227 793 1365 846 noemam
1387 785 1480 846 multo
1526 789 1527 836 1

253 873 346 952 magis
369 889 457 951 quam
479 870 649 932 ttomnanni
680 870 856 932 sententiam
883 869 1049 930 confirmat.
1093 868 1127 929 ln
1156 868 1232 930 libro
1255 867 1292 928 de
1315 867 1400 946 llirg.
1425 868 1481 928 l'e-
1526 847 1527 886 1

252 957 348 1019 landis
378 955 567 1016 vehementer
599 963 629 1016 et
664 973 701 1016 ex
726 953 792 1032 ipsa
820 952 957 1034 inprimis
984 952 1049 1031 lege
1069 951 1211 1014 Paracleti
1232 952 1483 1013 blontsnistartnn

253 1041 330 1103 hane
350 1038 593 1100 consuetudinem
614 1038 755 1110 defendit,
777 1037 831 1098 scd
852 1037 883 1097 in
905 1035 1018 1098 nostro
1033 1036 1070 1098 de
1085 1036 1228 1100 Oratione
1248 1034 1350 1096 libello
1376 1043 1417 1107 (e.
1435 1039 1482 1098 21.

253 1142 283 1203 p.
292 1127 356 1199 13.)
378 1140 439 1183 non
461 1122 618 1183 tenendam
639 1121 722 1184 iubet
741 1119 1082 1193 haneconsuetudinem,
1106 1120 1338 1202 leguuqueadeo
1353 1124 1484 1198 supini-

255 1209 309 1270 bus
338 1225 461 1288 quoque.
479 1210 659 1268 iuliu'cutsm
687 1205 903 1275 velamentum,
937 1203 994 1272 ait,
1027 1209 1173 1266 messuri
1194 1222 1301 1283 posse3
1338 1206 1482 1281 atquem

253 1291 407 1372 principiis
428 1289 506 1350 illius
529 1288 738 1368 disputationis
748 1292 786 1362 (e
802 1291 878 1362 tt),
901 1293 989 1368 quusi
1001 1287 1153 1350 insertum
1167 1288 1406 1350 reuertendum
1422 1306 1483 1349 esst

255 1377 333 1438 illud
360 1375 438 1456 quod
458 1377 629 1452 promiscue
656 1374 835 1436 adservetur
855 1389 914 1450 per
935 1371 1085 1432 Ecclesios
1109 1372 1246 1433 velorum
1264 1371 1398 1433 deleant
1422 1377 1484 1432 ulr-

254 1465 337 1540 9iues
360 1477 400 1519 ou
421 1475 494 1519 nou.
546 1457 625 1518 Leve
653 1457 741 1535 igitur
762 1464 807 1518 est
828 1455 908 1517 istud
929 1455 985 1515 riri
1006 1455 1086 1516 docti
1113 1459 1330 1533 argumentum,
1362 1455 1482 1532 potu'u-

256 1557 360 1622 setque
381 1542 429 1604 ille
451 1541 560 1601 rectius
582 1541 618 1602 ad
641 1539 844 1602 testimenium
874 1539 1038 1600 sententiae
1061 1557 1133 1600 suae
1155 1539 1245 1600 citam
1266 1555 1330 1615 cap.
1357 1541 1403 1610 6.,
1427 1538 1483 1608 ubi,

256 1630 326 1688 dum
347 1625 533 1704 rogationem
554 1633 686 1703 quartam
709 1623 852 1684 orationis
875 1621 1038 1699 dominicae
1061 1641 1122 1684 non
1145 1622 1265 1701 proprie
1287 1621 1344 1681 sed
1369 1623 1483 1702 tropice

257 1712 293 1772 de
322 1729 404 1772 sacra
424 1726 517 1770 coena
539 1727 608 1770 esse
629 1707 844 1786 intelligendam
867 1707 989 1776 dixerat,
1011 1707 1065 1768 sed
1086 1718 1115 1768 et
1135 1711 1213 1787 quic,
1235 1705 1346 1777 adiicit,
1374 1725 1484 1766 cone·

258 1796 328 1857 liter
350 1795 497 1855 admittor
524 1796 583 1853 isto
604 1811 675 1862 uua,
703 1810 763 1852 usu
792 1795 857 1852 siue
883 1791 1028 1869 religione
1047 1797 1147 1870 polest
1173 1790 1246 1870 fieri
1272 1799 1302 1851 et
1330 1791 1485 1870 spiritalis

258 1876 440 1957 discipliuae,
463 1875 513 1936 ubi
536 1875 686 1956 spiritalis
710 1875 870 1953 disciplina
890 1874 1017 1952 aliquam
1040 1871 1089 1934 dat
1103 1872 1301 1934 Montanistici
1326 1874 1485 1952 scriptoris

258 1960 469 2041 suspicionem,
501 1959 552 2037 qui
582 1959 729 2039 spiritales
757 1977 801 2030 se,
835 1965 950 2018 eeteros
978 1957 1135 2036 psychicos
1170 1956 1371 2036 appellabant.
1431 1958 1485 2018 Sed

256 2044 353 2124 potuit
374 2041 572 2104 Tertullianus
600 2043 656 2104 sub
687 2040 867 2121 spiritalibus
895 2042 983 2102 etiam
1010 2041 1131 2120 quosvis
1153 2040 1266 2120 probos
1281 2041 1438 2102 homines
1459 2052 1484 2100 et

140 2165 148 2175 -
258 2128 443 2190 Christianos
465 2125 640 2204 intelligere,
672 2125 751 2203 quod
777 2125 850 2186 mibi
879 2125 972 2202 magis
1000 2125 1096 2204 placet
1116 2132 1283 2203 propterea,
1321 2126 1410 2202 quod
1434 2126 1484 2184 bos

257 2229 318 2272 non
341 2213 380 2272 ita
401 2208 493 2270 multo
515 2220 586 2287 post
605 2209 813 2288 interpretatur
827 2227 880 2286 per
894 2209 1007 2289 fideles,
1031 2225 1142 2288 eosque
1160 2226 1223 2270 nou
1239 2208 1432 2270 orthodoxis
1447 2209 1485 2270 rel

257 2294 408 2372 Psychicis
441 2293 575 2371 opponit,
616 2292 668 2353 sed
697 2293 870 2355 uutr’out'lus
898 2291 929 2353 h.
952 2311 978 2352 e.
1006 2311 1067 2352 non
1096 2291 1283 2354 credentibus
1313 2292 1345 2352 in
1369 2293 1485 2364 lesum

258 2395 353 2456 neque
386 2395 510 2454 usquam
542 2376 643 2456 reperi
673 2375 885 2437 Tertullianum
917 2376 963 2438 vel
990 2376 1020 2436 in
1048 2376 1122 2455 ipsis
1149 2375 1371 2438 Montanislieis
1404 2377 1483 2438 libris

260 2459 441 2524 Orthodoris
477 2478 586 2522 nomen
614 2459 742 2522 fidelium
770 2477 905 2538 negasse.
950 2459 1009 2520 lam
1038 2478 1104 2521 eum
1132 2460 1211 2522 hune
1236 2459 1350 2520 librum
1382 2479 1422 2522 ex
1455 2461 1484 2520 iis

259 2564 328 2606 esse
352 2544 423 2605 satis
446 2551 572 2616 constet,
595 2545 645 2622 qui
667 2543 883 2620 castigatiorem
905 2543 1070 2605 doctrinam
1086 2543 1253 2614 continent,
1276 2561 1485 2622 quemcunque

259 2629 301 2690 illi
321 2629 418 2688 locum
440 2628 470 2688 in
492 2626 661 2688 huiusmodi
683 2626 871 2705 Septimiauis
893 2627 1012 2707 seriptis
1034 2627 1163 2701 dederis,
1185 2627 1264 2690 idem
1292 2633 1351 2688 est.
1384 2629 1485 2698 Nobis,

259 2711 366 2793 quibus
388 2731 423 2773 ex
444 2730 479 2772 eo
502 2711 580 2772 nulle
603 2730 637 2772 se
659 2711 706 2771 vel
725 2710 798 2772 levis
812 2709 943 2788 suspicio
956 2729 1090 2772 errorum
1108 2711 1355 2772 blonunistarum
1372 2711 1485 2774 obtulit

259 2797 402 2875 optimum
423 2795 538 2856 ridetur
560 2813 625 2857 eum
649 2794 805 2874 inprimis
827 2794 915 2856 huius
941 2795 1058 2872 generis
1081 2795 1234 2856 collocare.

786 2998 815 3071 s.
839 2955 952 3084 xprxv.

344 3129 380 3190 At
411 3128 520 3199 dicere,
551 3145 694 3206 quaenam
727 3128 860 3189 doctrina
892 3129 1052 3189 asserenda
1085 3129 1124 3190 sit
1149 3127 1225 3190 libro
1254 3127 1291 3189 de
1320 3127 1486 3208 baptismo.

259 3213 364 3274 maiori
386 3221 434 3272 est
454 3230 520 3272 oum
543 3211 711 3273 difficultate
733 3213 931 3274 coniunctum.
974 3211 1119 3291 Equidem
1149 3231 1208 3273 non
1233 3212 1353 3290 ignoro,
1386 3233 1486 3275 omues

261 3296 305 3356 sie
326 3294 446 3367 sentire,
469 3295 551 3374 quasi
574 3296 614 3356 sit
635 3296 722 3357 buius
743 3296 809 3356 libri
833 3287 1014 3378 ὀρθοδοξία
1037 3305 1117 3358 entra
1133 3314 1252 3357 omnem
1272 3295 1487 3358 dubitationem

259 3379 368 3458 posita,
404 3378 516 3451 leviter,
548 3388 582 3440 ut
609 3380 640 3440 in
668 3379 784 3448 ceteris,
814 3386 997 3458 repugnante
1018 3379 1215 3454 Hoffmann03
1249 3379 1303 3441 sed
1331 3379 1367 3440 in
1397 3401 1434 3442 ee
1460 3401 1486 3442 rs

260 3463 392 3524 miranda
414 3463 496 3524 venit
516 3464 677 3524 multorum
698 3464 852 3524 doctorum
881 3464 1035 3524 hominium
1063 3463 1177 3536 levitas,
1205 3463 1256 3541 qui
1282 3463 1386 3526 libros
1407 3467 1487 3533 alies.

260 3565 385 3626 quorum
407 3557 611 3624 argumentum
633 3555 741 3608 cerum
763 3546 852 3608 babet
872 3547 1009 3626 puritatis
1023 3547 1278 3626 significationem,
1302 3547 1487 3610 Tertulliano

260 3631 455 3692 Montanistse
476 3631 646 3702 tribuerint,
669 3640 698 3691 et
720 3631 777 3691 hoe
798 3639 861 3692 tuto
885 3631 1047 3692 exemerint
1075 3649 1237 3692 enumero
1259 3632 1376 3694 herum
1398 3633 1489 3694 libro-

260 3734 337 3788 ruin,
371 3715 455 3778 cuius
489 3722 587 3774 tamen
620 3714 687 3786 loci,
724 3714 750 3774 si
781 3714 827 3776 vel
855 3715 1025 3794 praecipuas
1047 3715 1289 3776 Montanistarum
1319 3715 1353 3776 in
1385 3737 1424 3778 eo
1454 3715 1489 3775 rel

262 3799 503 3860 Ortbodoxorum
534 3797 695 3858 sententias
710 3797 918 3876 acquisiveris,
949 3807 1006 3860 mm
1029 3807 1099 3861 sunt
1125 3798 1255 3872 obscuri,
1278 3807 1313 3860 ut
1338 3800 1489 3880 inquisitis

262 3883 400 3944 omnibus
437 3881 485 3942 viu
518 3899 576 3959 quo
611 3899 644 3942 se
671 3890 765 3942 venet
790 3882 906 3944 animus
933 3882 1037 3944 vident.
1092 3882 1150 3944 Sed
1179 3891 1221 3954 ut,
1249 3891 1402 3961 quantum
1433 3885 1489 3946 lieu

259 3967 370 4046 possit,
403 3965 534 4037 dicamus
564 3972 671 4038 umen,
694 3983 836 4045 quaenam
867 3967 897 4027 in
924 3966 1001 4027 libro
1023 3974 1129 4028 nostro
1151 3967 1285 4030 doctriua
1307 3968 1359 4028 vel
1382 3969 1424 4030 ad
1447 3971 1490 4028 hu

262 4052 307 4111 vel
334 4052 372 4112 ed
394 4050 458 4112 illas
480 4049 574 4128 magis
603 4049 739 4110 inclinata
766 4059 882 4128 regnet,
920 4049 1047 4128 primurn
1075 4051 1169 4129 lslaoet
1197 4049 1372 4112 ensminere
1401 4054 1490 4116 locos

265 4134 314 4212 qui
343 4135 412 4196 huie
438 4133 514 4194 libro
548 4133 749 4212 suspicionem
776 4133 965 4196 Montanismi
996 4133 1163 4208 confidunt,
1200 4133 1309 4196 dunde
1342 4153 1414 4210 eos,
1451 4136 1490 4214 qai

264 4217 385 4278 suntin
407 4218 585 4280 eonuariam
613 4229 737 4296 partem,
769 4217 866 4279 rarius
894 4217 970 4289 lieet,
1000 4217 1157 4297 propositi.
1201 4218 1305 4296 Atque,
1335 4229 1376 4282 ut
1398 4222 1492 4282 mitu-

264 4317 332 4360 mus
355 4318 400 4373 ea,
422 4319 497 4380 quae
518 4301 713 4364 subdubitans
736 4299 845 4362 obiecit
865 4301 1021 4374 Beronius,
1052 4302 1124 4364 selis
1151 4301 1199 4364 ille
1227 4302 1264 4364 ab
1284 4301 1401 4366 nuixic
1425 4321 1492 4366 con·

263 4384 373 4444 futatus
395 4385 438 4452 (in
460 4385 523 4448 Vita
546 4385 668 4448 Tertull.
690 4405 720 4466 p.
743 4388 794 4449 29.
819 4389 908 4464 sqq),
927 4385 1125 4448 llollmannus
1148 4387 1180 4448 in
1200 4387 1280 4447 illam
1300 4390 1493 4466 superiores

264 4475 377 4544 partem
399 4468 471 4530 haee
500 4470 604 4531 excitat
631 4478 813 4548 argumenta.
857 4469 988 4530 Primum
1016 4471 1093 4550 quod
1123 4469 1154 4530 in
1180 4469 1256 4532 libro
1279 4469 1318 4532 de
1340 4473 1493 4553 respuam

264 4549 463 4614 Tertullianus
493 4553 576 4614 dictis
609 4563 708 4616 utetur
737 4553 880 4616 similibus
909 4573 1022 4627 eorum,
1060 4573 1135 4633 quae
1162 4556 1194 4615 in
1221 4573 1256 4616 eo
1287 4555 1326 4617 de
1352 4557 1495 4620 Pudicitia
