3144 5236
239 335 299 398 190
336 348 528 392 nrsssnrsrro
544 347 573 389 ru
590 347 638 397 eu.
654 345 739 390 scer.
755 347 842 390 snos.
858 345 1055 390 acarnanum
1069 347 1296 390 monocarrcuu
1308 349 1399 391 cerr.

237 501 269 562 in
289 499 393 561 rerha:
419 498 566 572 Quaerite
589 515 669 578 erpo,
693 500 723 558 si
742 513 816 558 cere
838 507 884 558 est
904 500 965 558 istc
987 497 1130 559 diuinitas
1148 497 1270 560 Christi.
1294 497 1330 560 Si
1348 519 1384 562 ea
1408 509 1465 572 est,

238 603 299 667 pase
319 587 438 663 capuita
470 583 509 644 od
531 583 642 644 bouum
664 584 729 662 puis
751 581 958 659 reformetur,
986 586 1125 662 sequitur
1145 591 1181 644 ut
1201 582 1285 661 selec
1306 589 1347 644 sit
1368 603 1465 666 puae-

178 709 185 720 ·
238 675 284 732 oie
307 669 370 731 elic
391 677 555 747 comperto,
577 669 739 746 inprimis
760 664 825 736 illc,
848 685 924 746 poce
945 666 1150 744 (manuscripti
1172 666 1268 726 nostri
1291 667 1411 730 codices
1434 679 1465 730 et
1490 701 1492 706 .

238 753 311 816 editi
333 751 444 814 addunt
467 755 549 812 omui
568 754 697 821 ratione,
720 767 795 827 qnae
810 749 953 827 Rigaltius
976 747 1105 827 sustulit)
1129 750 1302 814 delitescens
1325 753 1382 815 suh
1406 771 1465 814 sso-

238 839 367 900 ms'scihus
397 845 425 898 et
452 836 632 914 imeprss'hus
663 847 859 897 mortuorum
886 835 1064 915 quidusdam
1085 838 1180 914 siparis
1202 849 1232 898 et
1252 837 1410 898 adseculis
1432 849 1462 901 et

238 921 374 986 craculis
400 921 489 1002 fidem
521 921 688 982 divinitatis
719 927 868 998 operatur
896 917 988 993 (ldem
1010 919 1163 998 Apologet.
1186 937 1249 998 cop.
1273 923 1347 998 et).
1390 921 1459 993 Quo

238 1015 336 1069 autem
363 1005 452 1066 modo
479 1021 548 1064 vera
576 1010 606 1063 et
634 1020 773 1082 suprema
795 1001 901 1064 Christi
931 1002 1067 1064 divinitas
1097 1003 1194 1082 potuit
1215 1022 1343 1083 uuquam
1363 1005 1460 1084 magis

237 1099 339 1171 aperte
366 1097 395 1152 et
422 1095 626 1150 asseveranter
653 1087 749 1148 asseri
770 1105 805 1148 ac
824 1086 1012 1165 praedicari?
1056 1087 1252 1149 Tertullianus
1275 1089 1383 1168 quippe
1403 1109 1460 1170 pa-

236 1176 295 1237 lam
323 1179 473 1236 asseverat
499 1190 564 1233 eam
586 1182 645 1232 tam
668 1189 737 1233 esse
758 1189 867 1244 veram,
897 1191 983 1250 quam
1006 1172 1080 1233 salsa
1102 1180 1148 1233 est
1169 1173 1314 1250 quaelihet
1335 1173 1391 1234 alia
1413 1174 1462 1235 di-

237 1260 344 1322 vinitas
373 1277 390 1320 a
417 1256 575 1336 gentilibus
605 1256 703 1336 agnita
724 1263 754 1316 et
776 1255 951 1317 introducta.
996 1257 1059 1318 lmo
1081 1275 1151 1318 vero
1174 1256 1278 1318 clamat
1298 1258 1338 1318 ita
1360 1277 1462 1320 reram

238 1363 306 1406 esse
323 1343 433 1404 Christi
455 1341 635 1402 divinitatem
658 1348 690 1402 ut
711 1339 780 1400 inde
802 1347 943 1418 sequatur
963 1340 1068 1401 lalsam
1091 1359 1159 1402 esse
1176 1341 1299 1402 eliorum
1326 1343 1462 1404 omnium

238 1437 324 1508 atque
347 1428 435 1488 etiam
456 1426 634 1487 daemonum
656 1424 847 1496 divinitatem,
876 1425 927 1503 qui
950 1425 1005 1486 suh
1027 1433 1215 1486 mortuorum
1237 1427 1408 1488 nominihus
1432 1434 1463 1487 et

237 1511 414 1592 imaginihus
443 1510 667 1582 delitescentes,
697 1509 806 1587 signis,
839 1507 997 1582 miraculis,
1028 1509 1155 1570 oraculis
1183 1509 1272 1571 fidem
1300 1510 1462 1572 divinitatis

238 1597 446 1677 operabantur,
470 1595 499 1655 id
522 1607 569 1655 cst
591 1593 728 1655 omnihus
750 1593 931 1672 persuadere
953 1593 1134 1655 conabantur
1155 1594 1228 1654 haec
1250 1595 1342 1674 signa,
1365 1596 1463 1657 mira·

145 1697 150 1708 ·
238 1682 302 1743 cula
324 1689 354 1742 et
376 1679 492 1742 oracula
514 1678 578 1739 ficri
600 1677 696 1738 divina
720 1697 773 1738 sua
795 1685 942 1756 potestate
965 1697 999 1738 ac
1020 1696 1108 1739 veros
1132 1697 1165 1738 se
1180 1697 1249 1740 esse
1265 1679 1346 1740 deos.
1380 1680 1460 1752 eris

238 1783 308 1844 ergo
331 1783 391 1825 non
413 1763 509 1823 rideat
537 1762 592 1824 hac
614 1762 766 1840 utriusque
788 1781 876 1823 verae
898 1773 928 1822 et
948 1762 1065 1823 fictitiae
1088 1762 1247 1824 divinitatis
1270 1763 1462 1843 oppositione

237 1869 334 1911 reram
358 1867 391 1910 ac
412 1865 558 1910 summam
580 1865 596 1906 a
619 1846 800 1907 Tertulliano
823 1846 964 1908 declarari
987 1847 1097 1907 Christi
1120 1847 1324 1908 divinitatem?

321 1933 422 2011 Neque
452 1931 524 1992 satis
554 1931 648 1991 adhuc
675 1949 745 1991 esse
772 1931 883 2010 putarit
910 1931 968 1992 hoc
989 1930 1029 1990 ihi
1051 1931 1174 2004 dixisse,
1205 1931 1259 1992 sed
1280 1932 1367 2011 paulo
1390 1941 1464 2012 post

238 2017 361 2079 eosdem
383 2017 518 2078 ethnicos
541 2015 587 2076 his
610 2013 705 2076 adhuc
726 2015 882 2094 compellat
895 2015 1009 2076 verbis:
1033 2015 1135 2076 Dicere
1150 2034 1212 2078 uon
1226 2018 1354 2094 potestis
1370 2017 1461 2078 Chri·

237 2111 316 2164 stum
338 2121 406 2163 esse
430 2105 592 2174 communis
616 2101 795 2162 conditionis
817 2099 969 2160 hominem
996 2099 1082 2173 (lhid.
1106 2118 1167 2179 cap.
1191 2103 1266 2176 23.).
1309 2101 1461 2167 Venturae

238 2187 384 2266 siquidem
406 2193 453 2246 est
474 2184 505 2244 in
527 2185 585 2244 fine
607 2184 719 2254 mundi,
753 2194 788 2245 ut
811 2184 869 2245 Dei
899 2189 1001 2248 virtus
1023 2195 1052 2247 et
1078 2184 1136 2246 Dei
1155 2189 1284 2264 spiritus
1307 2197 1337 2249 et
1359 2205 1461 2248 sermo

236 2284 266 2335 et
293 2275 441 2352 sapientie
469 2282 499 2332 et
527 2273 607 2330 ratio
635 2280 664 2330 et
692 2269 750 2330 llei
776 2268 881 2330 Filius.
925 2269 1024 2330 Palam
1058 2269 1146 2348 igitur
1177 2277 1264 2347 atque
1299 2271 1330 2331 in
1353 2289 1407 2331 ore
1430 2278 1462 2330 et

237 2356 329 2418 occulis
353 2353 623 2416 infensissimomm
639 2351 798 2413 Christiani
821 2352 951 2414 nominis
973 2353 1105 2414 hostium
1127 2352 1266 2414 audacter
1287 2355 1464 2434 pronuntiat

237 2448 268 2501 ct
289 2447 472 2502 contestatur
493 2438 642 2499 Christum
664 2455 734 2497 esse
755 2437 867 2497 aeterni
889 2437 986 2498 Patris
1009 2438 1056 2500 sui
1071 2439 1255 2509 Sermonem,
1278 2439 1464 2517 Sapientiam

237 2525 454 2594 ethaeorum,
477 2542 533 2601 qua
556 2521 592 2582 ah
614 2531 736 2581 aeterno
758 2521 850 2582 Filius
874 2521 937 2582 eius
960 2529 1016 2582 est
1062 2523 1248 2601 Quapropter
1270 2523 1382 2584 diserte
1406 2524 1463 2585 ad-

237 2610 334 2670 firmat
356 2610 386 2670 in
409 2607 526 2669 Christo
549 2607 623 2668 duas
646 2624 715 2666 esse
740 2605 794 2666 uei
817 2613 846 2665 et
867 2605 997 2667 hominis
1020 2615 1140 2668 naturas
1162 2607 1301 2686 illumque
1325 2616 1386 2669 tam
1407 2627 1463 2669 re-

237 2713 303 2756 rum
326 2713 393 2756 esse
414 2693 508 2754 Deum
530 2710 617 2770 quarn
640 2709 743 2750 verum
766 2689 926 2752 hominem.

740 2909 907 2960 hll'l'lCULUS
927 2909 956 2958 li.

272 3019 342 3072 Quem
362 3018 444 3062 diserte
463 3015 612 3059 ueuutttanns
631 3020 746 3057 asseverat
763 3024 830 3056 unam
848 3020 870 3054 et
887 3013 981 3056 eandem
999 3024 1051 3055 esse
1070 3011 1138 3056 Patris
1163 3011 1246 3056 aeterni
1265 3012 1360 3068 eiusque
1379 3013 1429 3056 ritu

447 3084 591 3128 substantiam
611 3094 637 3125 nc
656 3089 764 3132 naturum,
783 3080 836 3124 licet
853 3080 953 3124 distincta
972 3080 999 3122 sit
1016 3081 1131 3134 utriusque
1149 3093 1254 3136 persona.

323 3199 418 3270 Quam
440 3199 550 3259 diserte
573 3217 607 3258 ac
628 3204 797 3258 constanter
819 3195 1016 3257 Tertullianus
1038 3195 1139 3255 docuit
1159 3193 1264 3257 Filium
1293 3195 1348 3257 liei
1369 3215 1464 3258 unum

236 3291 266 3344 et
298 3281 424 3342 eundem
457 3300 525 3342 csse
558 3301 626 3342 cum
646 3281 734 3342 Patre
767 3299 823 3341 suo
845 3280 955 3353 Deum,
988 3280 1029 3340 ita
1062 3297 1133 3340 sane
1161 3299 1249 3340 unmn
1277 3289 1308 3341 et
1336 3281 1464 3342 eandem

235 3365 390 3442 uniusque
413 3365 607 3426 substantiam
630 3383 663 3424 ac
685 3375 830 3438 naturam,
860 3365 911 3426 sed
935 3364 1090 3426 distinctas
1112 3383 1258 3443 personas
1281 3383 1349 3426 esse
1371 3383 1462 3426 asse-

238 3449 306 3510 ruit
337 3447 416 3508 -Non
447 3449 541 3508 semel
562 3449 671 3527 qnippe
694 3447 723 3508 id
746 3449 829 3520 dixit,
860 3449 912 3510 sed
936 3449 1056 3528 saepius
1086 3467 1120 3509 ac
1149 3449 1380 3532 praeserhm·m
1404 3468 1462 3510 suo

236 3531 436 3612 Apologetico,
459 3531 509 3590 uhi
531 3531 567 3591 de
584 3531 669 3591 Verhi
692 3531 754 3592 sive
769 3531 901 3600 Filiiltei
923 3533 1113 3610 generatione
1136 3533 1180 3594 sic
1194 3532 1338 3612 disputat:
1362 3533 1463 3607 llunc,

236 3617 341 3698 inquit,
364 3611 460 3698 λόγον
483 3634 523 3676 eu·
544 3615 612 3677 dee
632 3615 789 3695 prolatum
813 3619 978 3690 didicimus,
1002 3632 1030 3682 et
1041 3617 1410 3699 prolationepenerctum,
1434 3630 1466 3681 et

234 3705 348 3767 idcirce
372 3702 481 3763 Filium
502 3699 560 3761 uss·
583 3711 610 3762 et
635 3700 731 3761 Deum
763 3703 874 3763 dictum
896 3721 935 3763 ee
955 3707 1071 3765 reuitcte
1091 3703 1288 3764 sutsruuu'ce.
1333 3701 1412 3764 Nem
1434 3713 1465 3766 et

235 3788 317 3850 lteus
340 3789 486 3864 spiritus:
514 3795 542 3844 et
566 3801 634 3844 cum
655 3785 761 3846 rudius
783 3803 823 3846 ec
843 3786 907 3848 sele
925 3791 1110 3868 percipitur,
1136 3789 1240 3866 portio
1264 3805 1303 3847 ecs
1325 3805 1462 3861 summm

236 3873 289 3934 sed
310 3869 360 3932 sol
382 3873 442 3930 erit
462 3871 495 3928 iu
518 3870 615 3941 radio,
639 3873 709 3950 puio
731 3869 816 3931 solus
840 3883 884 3932 est
900 3873 1006 3934 radius
1029 3891 1083 3934 uec
1098 3883 1263 3950 emeretur
1278 3873 1461 3942 srshstcnts'c,

167 4023 173 4032 ,
235 3957 288 4018 sed
309 3954 499 4015 ectenditur:
522 3957 566 4014 ito
588 3963 616 4014 et
640 3955 674 4015 de
696 3951 816 4032 Spiritu
833 3954 972 4034 &piretus
996 3968 1025 4018 et
1048 3956 1083 4018 de
1104 3956 1166 4018 Deo
1189 3955 1279 4027 llesu,
1302 3965 1337 4017 nt
1360 3956 1463 4018 laomen

235 4041 271 4101 de
298 4038 410 4100 temese
437 4056 604 4100 accensum.
649 4036 753 4098 Manet
780 4043 899 4118 r'ntcprc
926 4050 955 4102 et
984 4041 1134 4119 indefecte
1161 4044 1305 4102 neoterica
1331 4044 1461 4112 merch,

234 4125 294 4184 etsi
310 4117 417 4201 plures
440 4124 508 4185 inde
530 4123 670 4184 traduces
694 4121 874 4200 qualitatum
895 4130 1059 4187 mutareris:
1082 4130 1126 4188 s'te
1148 4126 1226 4206 puod
1247 4126 1281 4186 de
1296 4125 1360 4187 Deo
1380 4144 1463 4206 prc-

232 4207 421 4287 secutarem,
444 4207 525 4270 Deus
548 4217 593 4270 est
614 4217 644 4267 et
665 4206 729 4267 llei'
743 4205 838 4269 Filius
860 4218 889 4270 et
908 4229 989 4272 uuus
1011 4211 1114 4272 ambo:
1136 4214 1181 4274 itu
1203 4209 1237 4270 de
1258 4215 1371 4290 spiritu
1394 4213 1463 4290 spi-

233 4295 314 4354 ritus
342 4301 371 4352 et
401 4293 436 4353 de
458 4291 521 4354 Deo
543 4293 625 4354 deus
651 4290 774 4352 medule
797 4292 950 4356 alternum
971 4313 1131 4372 semron
1151 4295 1258 4374 prode,
1288 4313 1352 4356 uon
1375 4305 1461 4356 statu

231 4373 306 4455 [ecit
327 4384 356 4436 et
377 4395 396 4436 c
417 4381 543 4443 metrice
565 4379 702 4447 accessit,
725 4393 787 4438 uon
808 4382 933 4439 recessit
955 4379 1040 4452 (lhid.
1064 4399 1127 4459 cap.
1151 4381 1226 4456 tt).
1262 4378 1306 4439 lta
1328 4397 1402 4440 sane
1418 4377 1459 4438 ihi

232 4457 391 4538 gentilibus
416 4459 589 4538 simpliciter
610 4479 644 4522 ac
666 4459 782 4522 sincere
804 4461 933 4523 declarat
947 4463 1188 4542 qnidChristiani
1202 4463 1240 4525 de
1256 4462 1347 4524 divini
1369 4462 1458 4524 Verbi

232 4562 267 4606 ac
293 4543 420 4624 proinde
447 4543 512 4605 Filii
539 4545 592 4606 Dei
623 4553 727 4608 natura
754 4563 789 4607 ac
809 4547 999 4626 generatione
1022 4545 1178 4612 sentirent.
1223 4549 1318 4620 Quam
1341 4548 1458 4611 sincera
