3114 5240
175 395 180 408 ,
252 337 313 402 138
345 350 536 398 nrssearsrrc
550 351 581 395 ns
596 350 643 402 en.
657 349 743 396 anan.
756 349 842 394 reon.
856 349 1050 394 astruentur
1062 345 1287 393 monoosrsoou
1301 315 1385 391 enar.

249 515 349 569 ratore
370 504 555 576 defecissent,
577 500 626 565 ille
646 501 677 562 in
698 500 791 581 Syria,
823 501 872 564 hic
891 501 922 563 in
945 501 1036 563 Galba
1066 518 1132 563 cum
1153 497 1215 562 suis
1238 497 1330 578 capiis
1352 497 1463 578 prohi-
1549 559 1550 564 ,

222 608 223 611 ’
252 593 310 672 gad
331 590 466 668 caesique
486 589 613 652 luemnt
641 586 728 666 htqoi
749 587 830 662 haec,
852 605 926 666 quae
948 585 979 648 in
1001 585 1132 652 eiusdem
1153 582 1324 646 Tertulliani
1345 582 1463 664 Apola-

251 677 345 756 gctico
378 680 587 746 memorantur,
615 671 800 750 contigerunt
821 689 897 734 anno
920 669 1039 734 CXCIV.
1071 669 1118 731 vel
1139 668 1254 741 CXCV„
1287 674 1338 729 aut
1358 670 1463 748 potius

251 779 329 822 anno
351 757 494 832 exeun,
516 757 608 819 sicuti·
624 773 712 835 snpra
733 755 828 817 husius
851 755 1056 836 explicavimus
1079 755 1178 834 (Supr.
1200 771 1263 833 cap.
1279 753 1466 839 33332).

250 845 342 908 Paulo
374 843 462 924 igitur
492 849 562 921 post
592 841 672 903 hune
700 858 807 902 annum
835 842 891 903 hos
912 839 1107 902 Tertullianus
1129 839 1165 900 ad
1186 837 1325 900 Nationes
1353 838 1465 915 libros,

251 931 328 992 sicut
347 927 567 1008 Apologeticum
588 925 752 1004 divulgasse
773 925 913 987 dicendus
935 933 990 986 est.
1342 944 1345 962 ¹

336 1011 462 1087 Quidam
482 1030 552 1073 vero
575 1028 611 1071 ex
632 1010 878 1089 subsequentibus
899 1009 977 1071 illius
992 1009 1106 1072 verbis:
1131 1006 1308 1089 Temperare
1329 1007 1466 1088 qualitas

251 1101 330 1162 reda
352 1142 361 1159 .
385 1143 394 1159 .
417 1143 425 1159 .
450 1141 457 1158 .
480 1099 526 1158 ria
548 1097 736 1176 antiquitatis
758 1099 890 1174 caeperit
910 1099 1029 1174 iaqeaia
1050 1096 1193 1158 duriora:
1215 1105 1248 1155 at
1269 1111 1350 1154 aeae
1373 1105 1467 1156 traa-

251 1183 388 1267 qaillitoe
412 1183 497 1263 pacis
526 1189 554 1242 et
575 1181 694 1260 tapecia
713 1183 835 1242 mitiora
862 1178 947 1253 (ibid.
969 1197 1031 1259 cap.
1056 1179 1129 1255 18.)‚
1158 1175 1337 1238 arbitrantur
1358 1178 1465 1240 cantici

250 1285 341 1348 posse
369 1268 442 1329 haec
467 1265 503 1326 ab
529 1263 579 1326 illo
606 1263 720 1336 tradita,
748 1281 812 1326 mm
840 1263 996 1326 Christiani
1022 1262 1077 1326 sub
1105 1261 1188 1323 initio
1216 1260 1331 1340 imperii
1360 1262 1466 1326 Severi

252 1360 351 1432 optata
372 1350 453 1431 pacis
475 1357 505 1410 et
526 1347 579 1410 otii
600 1348 809 1427 tranquillitate
829 1349 1006 1411 fruerentur.
1047 1347 1086 1410 At
1106 1345 1234 1411 Severus
1256 1345 1304 1406 ille
1319 1364 1465 1426 persecu-

250 1437 362 1498 tionem
384 1436 415 1498 in
437 1453 489 1497 eos
512 1433 644 1496 excitavit
664 1433 739 1495 datis
761 1451 840 1494 anun
862 1433 943 1494 cctt.
966 1432 1078 1495 edictis.
1120 1431 1213 1492 Antea
1233 1430 1321 1510 igitur
1342 1431 1465 1494 Tertul-

251 1521 346 1583 lianus
368 1521 436 1594 hos,
458 1518 600 1598 inquiunt,
622 1516 713 1579 libros
735 1519 909 1581 coniecerat.

337 1604 395 1665 Sed
428 1602 717 1665 animadvertendum
748 1610 794 1664 est
824 1602 906 1665 illum
937 1602 985 1664 his
1016 1599 1115 1663 verbis
1143 1598 1294 1662 induxisse
1316 1600 1463 1672 ethnicos,

252 1707 407 1769 perperam
440 1687 613 1748 obiicientes
636 1687 754 1748 duriora
776 1687 869 1750 luisse
891 1705 1012 1750 suorum
1032 1683 1148 1766 ingenia
1169 1685 1321 1758 maiorum,
1350 1685 1400 1764 qui
1422 1688 1461 1748 ad

252 1772 401 1852 quoslibet
431 1771 518 1833 etiam
550 1771 757 1833 acerbissimos
789 1772 933 1834 cruciatus
965 1771 1108 1852 patienter
1138 1769 1276 1860 ferendos
1303 1771 1463 1850 comparati

251 1857 345 1936 magis
374 1863 467 1926 erant,
496 1874 583 1934 quam
610 1855 659 1916 alii
686 1855 789 1918 aetatis
816 1874 887 1919 suae
915 1856 1061 1929 homines,
1089 1873 1214 1934 quorum
1239 1853 1358 1934 ingenia
1376 1864 1464 1916 han-

252 1941 378 2022 quillitas
399 1940 480 2020 pacis
502 1947 533 2001 ct
554 1938 606 2000 otii
626 1939 750 2006 mitiora.
765 1940 939 2002 reddiderat.
983 1940 1014 2002 si
1036 1948 1134 2002 umen
1155 1938 1228 2002 haec
1248 1939 1311 2018 ipsa
1325 1939 1466 2002 ductoris

251 2025 348 2088 noshi
377 2024 465 2086 verba
486 2019 524 2085 de
544 2041 613 2086 rora
634 2023 808 2086 christianae
828 2024 975 2086 Ecclesiae
996 2042 1067 2104 pace
1089 2023 1274 2102 intchiqenda
1296 2042 1366 2086 esse
1387 2043 1465 2086 con-

252 2112 356 2173 tendas
388 2129 422 2172 ac
447 2107 629 2189 probareris,
658 2108 737 2171 ultro
766 2108 819 2170 tibi
847 2109 1052 2171 assentiemur.
1106 2107 1221 2170 lnhciaa
1246 2126 1335 2170 nemo
1364 2117 1465 2172 tamen

253 2195 309 2257 ibit
329 2212 365 2256 ex
386 2195 522 2273 superius
545 2192 630 2256 dictis
653 2193 760 2255 certius
782 2192 878 2272 colligi
899 2194 954 2255 hos
976 2191 1171 2255 labiaaenea
1193 2191 1285 2254 libros
1307 2202 1336 2255 et
1349 2195 1466 2274 dpolo-

253 2281 378 2360 geticum
405 2297 465 2340 non
493 2278 584 2339 multo
611 2286 682 2357 post
709 2295 817 2340 annum
848 2277 979 2340 CXCVII.
1001 2277 1146 2358 publicam
1168 2277 1283 2340 venisse
1305 2277 1336 2338 in
1357 2278 1467 2342 lucem.

254 2365 381 2439 Qudnam
408 2373 503 2425 autem
532 2381 566 2424 ex
587 2362 625 2424 iis
646 2363 773 2442 primum
794 2363 967 2442 prodierint,
992 2363 1047 2424 alia
1069 2371 1115 2424 est
1136 2362 1213 2424 inter
1235 2361 1367 2426 eruditos
1389 2383 1467 2426 con—

253 2448 408 2522 troversia,
430 2448 487 2509 iam
509 2465 526 2509 a
546 2446 635 2510 nobis
657 2447 837 2510 excutienda.

773 2649 940 2702 anticanus
957 2649 982 2699 t.

296 2743 371 2798 linum
390 2753 411 2798 bi
429 2753 472 2798 duo
492 2753 519 2798 ad
536 2751 640 2798 Nationes
658 2753 707 2797 libri
723 2760 773 2797 ante
791 2753 825 2797 rel
843 2749 892 2810 poe‘t
910 2751 1039 2798 Tertulliani
1056 2751 1223 2810 lpolcqetieum
1241 2754 1314 2810 scripti
1332 2753 1424 2798 maner.

337 2868 396 2941 Qui
423 2868 498 2930 dnos
526 2868 562 2929 ad
583 2867 725 2948 Nationes
754 2867 846 2930 libros
874 2876 945 2948 post
970 2867 1190 2948 Apologeticum
1218 2869 1344 2948 scriptos
1370 2869 1467 2933 luisse

252 2959 413 3026 autumant,
435 2953 465 3014 hi
486 2953 601 3014 rationo
622 2953 729 3033 triplici
751 2953 920 3032 opinionem
942 2971 1025 3014 enam
1047 2952 1175 3015 stabilire
1189 2953 1340 3015 conantur.
1361 2953 1467 3016 Primo

252 3039 331 3100 enim
352 3037 573 3117 apologeticum
600 3056 679 3099 anno
710 3037 827 3100 circiter
847 3037 1048 3100 ducentesimo
1078 3045 1163 3117 atque
1194 3037 1277 3101 initio
1300 3047 1466 3100 commotae

252 3123 288 3184 ab
310 3123 487 3200 imperatore
510 3123 621 3183 Serere
643 3121 782 3202 adversus
805 3122 987 3203 Christianos
1008 3122 1222 3201 persecutionis
1251 3123 1359 3185 editum
1389 3141 1466 3186 sus-

252 3205 403 3286 picantur,
426 3204 519 3267 libros
541 3213 638 3267 autem
660 3205 696 3267 ad
717 3205 856 3268 Nationes
878 3207 935 3269 iam
956 3213 1095 3287 provecto
1111 3206 1273 3270 Caracallae
1293 3207 1419 3286 imperio
1435 3217 1469 3270 et

251 3297 406 3370 postquam
418 3289 476 3358 ¹hic
497 3290 657 3370 imperator
667 3290 793 3353 Parthici
805 3290 1027 3370 Germanicique
1040 3289 1148 3353 nomen
1163 3293 1332 3373 accepisset
1354 3293 1467 3354 Verum

252 3373 311 3435 hm
333 3373 515 3436 ostendimus
537 3381 641 3436 numae
662 3375 781 3454 penitus
803 3376 927 3438 huiusce
947 3375 1122 3456 posterioris
1144 3377 1181 3438 de
1196 3377 1339 3440 Caracalla
1361 3395 1467 3440 asser-

252 3457 343 3519 tionis
364 3457 594 3520 iuudamentum.
953 3521 955 3525 ,

337 3542 469 3605 Secunda
491 3542 608 3604 illorum
630 3542 705 3605 ratio
720 3551 775 3618 est,
798 3543 1031 3607 Christianorum
1047 3544 1258 3620 defensionem,
1280 3563 1355 3626 quae
1368 3554 1469 3609 totum

252 3637 282 3691 et
301 3625 482 3709 Apologetici
504 3635 535 3690 et
554 3621 698 3690 librorum
720 3627 755 3689 ad
776 3627 916 3690 Nationes
939 3628 1138 3710 complectitur
1163 3637 1375 3710 argumentum,
1397 3632 1468 3711 pla-

96 3717 100 3728 '
196 3707 202 3720 “
250 3713 318 3776 nius
340 3713 371 3776 in
392 3712 440 3774 his
468 3731 555 3792 quarn
576 3712 605 3772 in
629 3713 679 3774 illo
701 3714 879 3792 pertractari.
923 3714 981 3776 Sed
1003 3733 1020 3776 a
1041 3714 1128 3778 nobis
1148 3725 1253 3794 postea
1274 3715 1467 3780 demonstra-

249 3797 339 3873 bitur,
362 3816 450 3877 quam
469 3815 540 3859 vero
561 3815 664 3876 parum
686 3797 789 3860 similis
811 3798 850 3860 sit
870 3798 943 3860 haec
963 3799 1139 3860 coniectura.

336 3883 464 3945 Tertiam
487 3882 629 3943 mhonem
650 3889 770 3944 sumunt
790 3901 826 3945 ex
846 3882 945 3945 verbis
968 3891 998 3945 et
1018 3883 1159 3963 periodis,
1187 3883 1237 3964 qui
1263 3884 1328 3947 aliis
1355 3903 1468 3948 occur-

250 3976 322 4028 runt
341 3968 372 4028 in
393 3966 488 4040 libris,
511 3985 585 4047 quos
601 3967 797 4028 Tertullianus
819 3975 890 4048 post
909 3985 993 4028 suam
1015 3968 1050 4028 ad
1064 3967 1256 4032 habenisue
1271 3969 1468 4032 delectionem

252 4051 418 4130 diuulgauit
463 4051 554 4133 Quasi
574 4070 644 4114 vero
667 4069 724 4113 nec
743 4051 798 4114 alia
819 4053 866 4114 his
888 4069 1005 4131 quaque
1028 4053 1135 4115 similia
1155 4053 1383 4134 reperianturin
1398 4053 1470 4117 aliis

252 4133 316 4196 eius
338 4134 432 4209 libris,
456 4155 489 4198 ac
510 4135 683 4218 praesertim
697 4136 897 4217 Apologetico,
919 4136 969 4198 ubi
986 4137 1073 4217 longe
1094 4137 1178 4219 plura
1200 4139 1301 4200 cadam
1324 4147 1413 4220 atque
1433 4139 1468 4202 in

250 4218 335 4281 libris
357 4221 393 4281 ad
415 4219 554 4284 Nationes
578 4239 733 4284 occurrere
753 4224 889 4284 latentur.

338 4303 433 4377 Quam
460 4305 574 4368 infirma
601 4313 698 4368 autem
725 4305 798 4368 baec
823 4305 970 4368 redonam
991 4313 1149 4382 momenta,
1169 4314 1239 4370 'tam
1259 4307 1353 4370 ualida
1373 4307 1467 4372 nobis

251 4387 388 4450 ridentur
415 4388 479 4464 alia,
508 4409 582 4470 quae
611 4408 646 4454 ex
674 4390 722 4453 his
743 4390 818 4471 ipsis
839 4391 876 4452 ad
896 4390 1036 4453 Nationes
1056 4392 1140 4454 libris
1162 4392 1226 4453 erui
1246 4400 1385 4472 possunt.
1429 4393 1466 4454 ln

252 4472 300 4535 his
324 4473 468 4553 siquidem
495 4493 556 4536 non
578 4475 670 4538 semel
691 4475 888 4538 Tertullianus
909 4475 1056 4562 promittit
1075 4475 1166 4538 multa
1188 4495 1222 4538 se
1243 4475 1312 4539 alihi
1333 4476 1467 4558 explica-

192 4613 196 4624 .
250 4561 359 4622 turum.
402 4557 446 4622 Ne
473 4577 543 4656 raro
570 4559 678 4641 aliquid
712 4559 793 4624 dubii
821 4568 851 4624 et
878 4559 981 4624 incerti
1007 4561 1134 4643 prolerri
1155 4561 1273 4642 quidam
1294 4569 1468 4638 causentur,
