3122 5250
440 387 576 432 sucronr
597 387 657 432 nrc.
678 387 716 430 aa
737 387 865 432 souma.
1202 373 1264 438 369

63 538 295 604 damnassem
316 538 462 613 cousu‘os,
484 539 552 619 quia
573 539 605 601 in
626 539 689 602 suis
712 539 870 620 synaxibus
892 547 922 601 et
943 538 1021 602 inter
1035 539 1195 603 samatiora
1209 559 1264 605 sua

62 625 186 706 mysteria
213 623 433 686 nefandissimis
460 623 621 686 sceleribus
650 641 717 686 sese
739 623 995 704 impudentissimo
1017 625 1263 690 contaminabant

63 711 124 773 llam
144 708 323 781 dicebantur,
345 707 441 788 iuquit
461 707 670 783 Tertullianus,
698 709 927 772 sceleratissimi
946 711 981 772 dc
1001 722 1190 774 sccrmnento
1212 715 1262 774 in-

62 795 200 875 [emindii
219 793 305 867 (lbid.
320 811 384 876 cap.
401 797 453 870 7.),
476 793 539 856 sive
560 793 680 855 inlantis
702 812 791 875 quem
813 793 853 854 ibi
876 794 1007 856 coebum
1028 793 1169 858 devorare
1182 797 1261 858 lere-

63 879 164 942 bautur.
206 878 279 940 lude
306 885 425 959 etpost
452 881 621 942 conuicium
647 877 720 942 illud
746 878 940 940 execrandum
971 877 1145 960 turpissimo
1172 879 1264 960 pollui

63 969 177 1038 mento,
206 963 288 1046 pund
308 981 468 1026 eversores
490 961 650 1036 luminum,
682 963 771 1025 rerba
792 963 887 1025 adbuc
908 973 980 1026 sunt
998 963 1134 1026 Auctoris
1157 965 1263 1038 nostri,

62 1063 145 1120 mina,
174 1048 297 1112 lenonm
319 1047 441 1124 scilieet,
469 1050 621 1125 tenebras,
648 1060 713 1112 tum
733 1060 762 1112 et
784 1048 939 1111 libidinum
959 1052 1123 1130 impiarum
1142 1053 1264 1112 moerc-

62 1135 186 1196 cundiom
204 1145 376 1214 procurent
397 1131 505 1211 (ibid).
549 1131 583 1194 ln
604 1133 812 1213 manuscriptis
840 1133 952 1195 nostris
974 1132 1123 1196 codicibus
1146 1144 1176 1196 et
1198 1133 1262 1195 edi-

60 1217 179 1279 tionibus
208 1215 337 1296 antiquis
364 1217 449 1279 deest
469 1235 526 1278 vox
554 1229 626 1289 tum,
661 1236 718 1279 nec
738 1217 778 1279 ibi
800 1218 925 1280 multum
947 1217 1114 1280 necessaria
1134 1218 1259 1281 ridetur.

61 1302 162 1364 Sensus
183 1310 282 1364 autem
304 1301 487 1376 Tertulliani,
515 1302 630 1365 isthaec
649 1302 767 1364 brevius
789 1302 846 1365 alio
869 1303 900 1364 in
920 1302 996 1365 libro
1018 1303 1192 1378 sumentis,
1213 1303 1263 1365 bic

61 1399 113 1449 cst:
142 1387 214 1449 Post
240 1386 352 1448 lumina
373 1404 390 1447 a
412 1385 532 1449 canibus
554 1406 656 1450 euersa
678 1395 707 1449 et
729 1387 855 1449 extincta
876 1387 1015 1449 tenebrae
1036 1387 1260 1467 impurissimo-

59 1490 115 1534 rum
133 1471 273 1534 lennnum
293 1487 402 1532 munus
425 1471 570 1536 obeuntes
591 1471 829 1534 inverecundiam
850 1471 1006 1552 impiarum
1019 1472 1173 1535 libidinum
1187 1492 1260 1554 pro-

60 1566 150 1618 curant
180 1557 275 1632 (Idem
301 1555 352 1618 lib.
375 1556 398 1617 1.
421 1555 459 1618 ad
483 1556 549 1618 Nat.
572 1575 635 1636 cap.
659 1561 709 1620 15.
733 1566 761 1618 et
785 1560 857 1633 16.)
909 1557 1070 1637 Praecipua
1102 1566 1200 1620 autem
1231 1565 1263 1620 et

61 1641 177 1720 capitalia
198 1641 274 1703 haec
294 1639 417 1702 cumina
438 1650 535 1715 erant,
569 1660 644 1722 quae
670 1641 795 1715 ethuici,
828 1641 1075 1722 quemadmodum
1107 1642 1175 1704 alibi
1205 1661 1264 1704 nec

59 1726 139 1786 semel
159 1725 364 1788 annotavimus
387 1725 523 1799 (Dissert.
545 1727 577 1788 in
596 1725 704 1787 blinuc.
728 1726 829 1788 Octar.
852 1745 915 1806 cap.
931 1727 960 1792 8.
983 1727 1045 1788 nrt
1069 1731 1097 1789 l.
1121 1736 1151 1788 et
1172 1731 1259 1807 seq.),

60 1811 156 1872 tamdiu
175 1819 316 1890 tantaque
337 1809 517 1889 impudentia
533 1810 709 1872 Christianis
730 1810 917 1884 obiiciebant,
939 1820 1046 1891 quanta
1066 1811 1203 1874 facilitate
1224 1811 1260 1874 ab

60 1894 173 1974 solimis
194 1895 347 1958 Ecclesiae
367 1895 505 1956 Patribus
527 1895 618 1958 diluta
640 1897 845 1975 conlutataque
866 1903 945 1958 sunt

133 1979 223 2043 Variis
253 1997 325 2042 vero
347 1979 545 2042 Tertullianus
573 1988 675 2042 noster
701 1979 849 2042 rationum
876 1981 1035 2042 momentis
1061 1979 1164 2044 falsam
1185 1980 1262 2043 banc

61 2062 281 2127 criminationem
313 2064 444 2128 funditus
476 2065 591 2128 evertit.
633 2064 765 2127 Primum
793 2065 871 2126 enim
897 2064 1033 2126 ethnicos
1065 2065 1150 2144 ipsos
1181 2065 1262 2128 bunc

60 2145 200 2228 alloquitur
221 2149 253 2211 in
276 2150 412 2211 modum:
435 2149 572 2212 Dr'cr'mnr
594 2167 712 2231 semper
734 2167 750 2210 a
771 2149 855 2212 vobis
877 2158 1026 2212 tantorum
1040 2149 1185 2212 scelerum
1200 2149 1261 2226 τοὶς

60 2249 104 2294 nec
123 2252 183 2305 ons,
204 2235 287 2316 pnod
308 2235 421 2298 tamdiu
445 2235 580 2307 dicimur,
603 2253 721 2306 eruere,
744 2233 921 2315 investigare
943 2242 973 2296 et
993 2243 1128 2314 retegere
1142 2239 1260 2297 curctis

61 2315 228 2388 (Tertrdlian.
250 2318 405 2400 Apologet.
426 2338 489 2398 cap.
506 2321 560 2396 7.).
602 2318 705 2381 Nrdlus
726 2327 824 2381 tamen
846 2319 1035 2382 condemnari
1056 2319 1140 2398 prius
1162 2318 1259 2394 debet,

61 2417 134 2477 mam
153 2403 274 2466 sceleris
295 2401 498 2466 convincatur:
531 2404 612 2484 Brpo
634 2415 689 2468 out
709 2409 819 2475 eruite,
849 2403 944 2484 iuquit
971 2402 1036 2478 illc,
1069 2407 1100 2465 si
1126 2405 1259 2476 creditis,

61 2491 85 2544 et
103 2485 281 2550 Christianos
307 2487 413 2550 borum
441 2488 586 2551 scelerum
615 2487 790 2562 convincite,
823 2500 877 2552 cut
902 2489 996 2551 nolite
1024 2487 1159 2561 credere,
1191 2493 1261 2570 puio

60 2585 111 2631 non
139 2577 262 2637 eruistis
297 2573 405 2650 (ibid).
464 2573 622 2635 Enimvero
652 2574 708 2634 bac
737 2575 871 2634 affectata
903 2572 1142 2636 dssbnnlotionc
1173 2581 1261 2654 atque

62 2655 220 2736 negligentia
251 2659 477 2739 praescribitur
509 2657 607 2734 (ibid.)
645 2657 885 2737 praeiudicioquc
922 2656 1087 2718 certissimo
1118 2657 1261 2736 probatur

63 2735 284 2804 Christianorum
305 2741 471 2803 innocentia
493 2750 521 2804 ct
543 2759 658 2804 summa
679 2759 797 2803 morum
823 2741 994 2820 integritas,
1026 2741 1106 2821 pund
1126 2759 1179 2803 nec
1200 2745 1263 2822 ipsi

63 2825 161 2889 rotem
181 2845 292 2890 mucre
312 2826 412 2904 (lbid.)
440 2845 474 2888 ea
495 2826 626 2898 crimina,
660 2844 787 2905 quorum
814 2825 881 2888 illos
915 2833 974 2887 tam
1001 2824 1076 2886 lalso
1103 2843 1190 2903 quam
1212 2833 1258 2886 te-

63 2923 129 2970 nere
148 2911 295 2974 accusatis
316 2930 372 2973 nco
392 2929 479 2974 eausa
500 2928 644 2990 uuquam,
678 2919 711 2972 ut
742 2909 884 2984 vidimus,
917 2909 1015 2971 audita
1047 2908 1259 2984 condemnatis,

65 2996 191 3073 torquetis
213 3005 243 3058 et
265 2995 410 3058 occiditis.
884 3062 891 3074 ,

132 3079 288 3143 Praeterea
309 3099 345 3142 eo
367 3081 462 3142 maior
483 3087 546 3140 erat
566 3078 639 3140 baec
667 3078 852 3140 ethnicorum
878 3077 1072 3157 perversitas,
1105 3095 1164 3156 quo
1186 3079 1258 3140 laci-

66 3157 110 3222 lius
124 3165 344 3245 promptiusque
359 3172 496 3245 poterant
519 3163 696 3242 investigare
718 3170 804 3242 atque
826 3181 986 3244 agnoscere
1007 3181 1044 3224 an
1066 3179 1135 3224 vera
1157 3171 1262 3225 esseut

66 3241 102 3306 illa
121 3247 351 3312 Christianorum
373 3249 494 3312 scelera.
537 3247 609 3310 Nam
633 3267 737 3311 cenam
758 3251 849 3312 iatius
872 3246 1055 3328 disciplinae,
1077 3247 1118 3309 ait
1138 3246 1258 3310 Tertul-

65 3325 157 3406 lianus,
186 3335 245 3396 hoc
274 3342 320 3396 est
346 3335 433 3397 buius
462 3333 670 3395 disseminatae
697 3334 727 3394 iu
749 3333 860 3394 mundo
883 3331 1066 3395 Christianae
1088 3331 1260 3412 disciplinae

67 3409 172 3490 initium,
187 3438 205 3480 a
222 3419 341 3482 Tiberio
354 3430 399 3482 est
414 3418 522 3494 (ibid),
543 3426 593 3480 aut
615 3418 656 3480 uti
679 3416 850 3497 explicatius
872 3417 929 3479 alio
950 3417 982 3479 in
1003 3417 1095 3479 libro:
1118 3416 1260 3499 Principe
1322 3447 1332 3468 ·

67 3497 180 3578 depasto
201 3523 311 3566 nomen
333 3504 386 3566 boc
411 3502 642 3565 Christianorum
665 3515 765 3566 ortum
787 3512 842 3579 est,
870 3501 987 3566 Tiberio
1008 3501 1168 3583 discipline
1195 3507 1258 3564 eius

67 3579 161 3650 discit.
203 3590 239 3649 dt
261 3597 342 3650 certe
364 3587 503 3667 quoniam
525 3586 683 3649 christiana
710 3587 814 3667 religio
836 3605 906 3648 vera
928 3595 988 3662 est,
1024 3606 1089 3648 cum
1116 3588 1182 3648 odio
1210 3591 1262 3648 rui

68 3675 153 3747 opit,
174 3671 252 3735 illius
274 3671 370 3734 adhuc
391 3672 512 3734 totidem
534 3681 605 3734 sunt
624 3671 722 3744 verba,
752 3672 844 3736 annul
864 3682 952 3754 otpnc
973 3675 1118 3752 apparuit
1137 3673 1260 3731 a'nr'nn'co

68 3765 127 3840 trae.
165 3755 285 3834 Nostris
307 3775 378 3818 vero
401 3757 430 3817 in
452 3756 659 3835 manuscriptis
681 3756 831 3819 codicibus
852 3761 972 3820 inimico
993 3767 1047 3826 est,
1075 3754 1131 3815 boc
1152 3761 1200 3814 est
1221 3770 1257 3813 eo

68 3849 119 3926 ¹9⁵⁰
139 3859 192 3918 quo
214 3841 315 3923 coepit
335 3849 468 3922 tempore
490 3850 520 3904 et
540 3841 650 3903 mundo
672 3840 821 3920 apparuit,
854 3840 991 3904 omnibus
1019 3838 1135 3900 inimica
1158 3845 1188 3897 et
1209 3837 1256 3896 in-

69 3932 117 3980 usa
136 3925 201 3997 luit,
238 3945 273 3988 ac
302 3927 467 3990 tollentes
490 3931 553 3990 cius
575 3927 693 3988 luemut
720 3938 795 4007 quot
821 3929 962 3989 antrensi
990 3923 1082 3998 (idem
1102 3921 1153 3982 lib.
1176 3920 1199 3981 l.
1220 3920 1258 3982 ad

70 3995 120 4065 lat
139 4027 197 4088 (ap.
221 4014 276 4090 7.),
306 4012 336 4073 id
365 4019 411 4073 est
431 4028 536 4073 omnes
558 4011 679 4072 omnino
706 4008 844 4072 homines
870 4016 988 4089 praeter
1010 4006 1092 4067 solos
1113 4005 1260 4085 ipsosmet

71 4083 241 4158 Christianos.
285 4095 368 4170 Nem,
398 4103 432 4158 ut
452 4097 492 4158 ait
512 4095 607 4157 adbuc
627 4094 835 4168 Tertullianus,
863 4094 965 4155 hostes
986 4091 1102 4152 illorum
1125 4099 1208 4152 erant
1228 4100 1258 4152 et

70 4171 148 4245 Timo
167 4181 282 4274 paidom
300 4185 432 4262 proprio
446 4199 484 4243 en
503 4180 701 4243 aemulatione
709 4178 828 4275 ‘ludaei
849 4197 903 4239 seu
924 4195 979 4240 sua
999 4175 1030 4236 in
1050 4173 1118 4270 illos
1139 4175 1257 4249 invidia,

71 4263 408 4425 tultlttlttltt
426 4263 1258 4425 tuitiititubabitltdttttllts

72 4416 116 4486 hcc
133 4438 192 4506 est,
212 4433 291 4496 sicut
315 4434 465 4496 nonnullis
486 4434 617 4510 videtur,
650 4429 772 4494 subdola
801 4429 959 4493 furentium
979 4428 1180 4505 accusatione,
1203 4431 1257 4492 sed

72 4507 166 4588 melus,
187 4518 298 4583 cmdeli
311 4520 482 4582 vexatione:
505 4537 544 4581 mr
563 4529 679 4583 nntnrn
701 4517 820 4580 tandem
841 4533 898 4579 mn
917 4517 979 4596 ipsi
998 4516 1086 4578 enam
1107 4517 1261 4578 domestici

73 4585 284 4666 Chmdsnorum
312 4605 419 4684 (ibid),
453 4611 556 4685 utpote
584 4604 634 4684 qui
662 4601 838 4666 mnditionis
867 4617 939 4664 suae
965 4598 1150 4682 impatientes
1171 4617 1256 4662 more

98 4694 353 4756 Tasruusmnrormn.
369 4721 467 4756 onasus.
493 4707 607 4755 Tennlll.
1020 4699 1054 4752 24
