3126 5250
478 377 613 422 rucanas
633 377 692 422 nnc.
714 379 752 422 us
773 379 902 475 nonnpr.
1233 363 1296 428 ibi
1412 354 1424 386 ⁸

161 527 256 590 Suam
278 535 377 589 annm
398 529 679 608 argumentationem
693 537 798 592 noster
811 529 1009 592 Tertullianus
1026 531 1073 592 bis
1087 517 1215 593 absolrii
1227 549 1297 594 rar-

86 613 127 673 bis
145 611 333 684 (Tertullian.
355 612 507 692 bpologet.
531 631 592 694 cap.
615 617 696 691 48.):
736 614 777 677 Tu
800 615 895 688 bomo,
923 627 1044 680 tantam
1063 633 1179 686 mnan,
1202 620 1231 678 st
1250 620 1300 678 ria·

88 695 206 778 telleyos
229 708 266 766 te,
289 705 415 776 quantus
436 697 576 760 nimirum
598 699 653 773 sis,
681 699 732 762 cel
752 701 788 763 dc
809 699 898 764 titolo
921 700 1047 780 Pythice
1068 702 1194 774 da'sesns,
1219 701 1298 780 quod

85 783 121 844 sis
148 783 291 844 dominus
321 787 452 844 omninno
478 789 669 848 morientium
697 797 725 848 et
746 789 977 866 resurgentium,
1008 787 1048 848 od
1069 785 1124 848 hoc
1144 790 1296 860 morieris,

84 880 113 929 st
135 865 279 947 perans?
321 865 397 928 Dicit
434 867 531 947 itaque
561 885 621 930 non
649 870 783 948 peiorem
811 887 878 932 essa
906 869 1037 932 hominis
1063 888 1150 949 quam
1177 870 1299 932 aliarum

80 969 188 1024 rerum,
214 968 337 1028 quarum
360 951 496 1013 dominus
519 960 574 1024 est,
597 953 786 1016 morientium
808 963 839 1017 st
858 955 1077 1033 resurgentium
1087 954 1298 1016 conditionem.

79 1036 173 1098 llomo
199 1053 271 1114 ergo
294 1034 380 1115 longe
402 1037 512 1115 potiori
533 1037 608 1110 iure,
631 1057 717 1117 quam
739 1038 815 1112 illae,
838 1038 924 1100 debet
946 1047 975 1100 et
995 1039 1071 1100 mori
1087 1049 1117 1102 et
1130 1057 1296 1118 resurgere.

160 1119 225 1182 Sed
251 1119 367 1198 rogabit
394 1120 499 1200 aliquis
527 1122 674 1201 quodnam
704 1122 743 1184 sit
770 1123 920 1186 oraculum
946 1123 1015 1199 illud
1038 1123 1169 1204 Pythias,
1197 1121 1234 1185 ab
1262 1141 1298 1185 eo

79 1202 224 1268 citatum?
267 1204 459 1284 Respondent
480 1205 609 1268 nonnulli
632 1207 690 1269 boc
711 1225 789 1282 esse,
811 1208 891 1288 quod
911 1208 948 1270 ab
970 1209 1019 1270 illo
1041 1207 1151 1270 ibidem
1172 1207 1297 1270 relatum

79 1301 134 1352 est:
157 1291 311 1353 Dominus
335 1294 466 1352 omniunt
487 1296 682 1355 morientium
703 1303 732 1354 et
753 1298 985 1374 resurgentium.
1017 1294 1122 1356 Verum
1145 1293 1223 1354 nulla
1245 1311 1295 1354 ra-

77 1376 155 1437 tione
180 1374 213 1436 id
234 1374 366 1452 aPythia
388 1375 608 1454 pronuntiatum
630 1377 802 1455 probavere
846 1377 957 1439 Deinde
978 1396 1050 1439 vern
1072 1377 1120 1440 ille
1142 1394 1202 1438 non
1225 1376 1299 1439 dixit

78 1461 122 1522 bis
150 1458 255 1520 verbis
285 1459 446 1520 renuntiari
468 1458 587 1540 Pythiae
615 1461 781 1535 oraculum,
811 1464 864 1524 sed
892 1461 971 1541 quod
1000 1462 1090 1524 homo
1120 1481 1155 1524 ex
1176 1461 1297 1542 Pythiae

78 1543 197 1606 omnnio
226 1543 341 1604 discere
368 1550 484 1623 poterat
512 1563 545 1606 se
575 1564 642 1606 esse
669 1546 798 1608 omnium
821 1546 1010 1608 morientium
1033 1555 1063 1608 et
1083 1551 1299 1627 resurgentium

78 1629 230 1690 dominum
253 1631 337 1701 (tour.
359 1629 381 1689 l.
404 1629 540 1708 Apparat.
562 1646 591 1709 p.
618 1633 732 1704 tlte).
762 1629 854 1690 Nobis
876 1631 973 1708 itaque
994 1631 1064 1692 illud
1087 1632 1206 1710 Pythiae
1229 1648 1298 1692 ora·

78 1715 174 1775 culum
197 1729 259 1773 non
281 1713 359 1786 aliud
380 1712 505 1787 videtur,
528 1713 586 1775 nisi
609 1713 723 1775 celebre
744 1715 803 1774 hoc
823 1713 966 1794 bpohinis
988 1716 1123 1776 allatum:
1153 1715 1249 1776 Nosce
1271 1726 1299 1776 te

76 1803 195 1878 passm:
219 1797 335 1876 dequo
357 1797 425 1858 alibi
448 1798 671 1877 disputavimus.
716 1797 858 1860 Consulto
880 1806 977 1860 autem
996 1797 1193 1860 Teruullianns
1214 1798 1297 1860 adie-

77 1884 159 1944 cisse
182 1881 309 1942 ridetur:
333 1882 380 1943 nel
402 1883 437 1944 ds
459 1883 548 1946 titolo
571 1883 704 1963 Pythice,
733 1883 800 1962 quia
821 1883 932 1962 templo
955 1883 1097 1962 Apollinis
1119 1882 1215 1962 Pythii
1237 1882 1298 1944 sire

76 1965 223 2045 Delphici,
246 1966 321 2027 sicut
342 1966 450 2028 ibidem
473 1968 686 2040 annotavimus,
719 1967 892 2047 inscriptum
913 1969 1016 2029 luerat.
1061 1968 1121 2029 Cur
1142 1986 1223 2047 ergo,
1246 1967 1295 2028 in·

78 2052 173 2132 quies,
199 2049 393 2112 TertuDianus
408 2051 529 2131 scripsit
539 2052 658 2132 Pythiae
669 2061 699 2114 et
709 2071 770 2114 non
784 2053 890 2132 Pythii,
912 2071 972 2132 quo
984 2053 1049 2114 solo
1062 2053 1181 2115 nomine
1192 2051 1296 2131 Apollo

79 2153 288 2214 nonnunquam
311 2133 491 2197 uocabatur?
534 2136 570 2198 bt
592 2137 616 2196 si
640 2137 670 2198 in
692 2136 756 2199 eius
778 2145 857 2199 tertu
879 2137 1012 2217 Pythice,
1035 2145 1215 2199 nouantem
1238 2137 1295 2216 Py-

81 2221 128 2281 thii
156 2220 315 2299 legendum
344 2221 393 2294 sit,
423 2221 667 2300 respondebimus
696 2223 762 2284 ideo
784 2222 924 2302 appehari
946 2222 1080 2302 Pythice,
1108 2221 1176 2301 quia
1197 2221 1300 2302 Pythia

84 2315 156 2366 rates
181 2304 298 2366 solebat
319 2305 396 2366 illius
419 2305 448 2365 in
471 2306 580 2384 templo
602 2307 762 2368 radoinari.
794 2307 890 2386 ,Nam
913 2315 947 2368 nt
966 2307 1040 2368 alios
1063 2299 1242 2381 omittamus,¹
1267 2306 1297 2367 id

86 2389 136 2452 hoc
154 2389 289 2452 Lucretii
311 2390 439 2450 carmine
461 2389 633 2467 exprimitur
654 2389 783 2464 (Luca-et.
806 2391 856 2452 lib.
879 2393 911 2452 ll.
934 2411 961 2453 v.
988 2395 1087 2466 113.);

231 2473 341 2553 Pythio
362 2493 436 2555 quoe
459 2477 576 2554 tripode
598 2494 617 2536 o
638 2475 750 2538 Phoebi
770 2477 916 2558 tauroque
934 2476 1095 2557 profatur.

162 2559 357 2638 Prosequitur
378 2559 576 2620 Tertullianus
598 2568 684 2640 atque
706 2560 741 2622 ad
764 2561 952 2637 frangendam
973 2578 1008 2622 ac
1029 2560 1121 2639 magis
1146 2559 1297 2638 magisque

95 2643 285 2705 reducendam
307 2643 458 2722 gentilium
481 2643 709 2706 obstinationem
731 2645 798 2706 illos
821 2646 878 2706 hoc
898 2645 936 2707 ad
956 2645 1117 2712 hominem.
1152 2653 1184 2704 ut
1205 2644 1297 2717 aiunt,

91 2738 251 2807 argnnnnto
275 2729 319 2788 sic
340 2735 431 2806 urget.
462 2728 581 2790 Certum
603 2737 658 2803 est,
682 2729 785 2808 inquit,
808 2729 875 2790 illos
901 2728 994 2790 cuivis
1016 2728 1194 2808 philosopho
1209 2727 1296 2788 fidem

89 2811 231 2886 babuisse,
264 2812 314 2891 qui
335 2813 639 2894 argumentationibus
662 2813 837 2892 quibusdam
870 2821 928 2874 tana
950 2813 1103 2892 ingeniose
1125 2831 1211 2891 quarn
1234 2811 1296 2872 ele-

87 2907 180 2975 ganter
201 2897 368 2976 propositis
389 2915 491 2960 vanam
506 2897 687 2977 Pythagorae
709 2899 745 2958 de
768 2898 931 2959 animarum
953 2897 1211 2976 transmigratione
1227 2895 1295 2974 opi-

85 2983 199 3043 nionem
228 2999 417 3060 propugnare
444 2981 633 3042 conabantur.
679 2982 757 3054 Quin
785 2982 872 3044 etiam
894 2981 992 3044 nullus
1015 3001 1050 3042 ex
1071 2981 1129 3041 illis
1150 2981 1297 3041 mordacis

86 3065 198 3127 Laberii
228 3083 292 3126 eam
320 3065 473 3127 irridentis
502 3066 622 3127 dicteria
659 3067 771 3126 veritus
810 3067 846 3127 ab
882 3065 1008 3126 edenda*
1023 3064 1103 3125 omni
1131 3063 1298 3125 animalium

85 3169 167 3214 tarne
190 3149 368 3222 abstinebat,
396 3169 433 3211 ne
453 3152 537 3230 sorte
559 3149 707 3220 bubulum,
730 3151 772 3211 ait
793 3149 888 3211 adbuc
909 3149 1117 3223 Tertullianus,
1141 3151 1175 3212 de
1197 3149 1297 3231 ulique

84 3253 197 3314 pronon
220 3254 275 3297 sno
301 3235 471 3307 obsonaret,
506 3234 535 3294 id
561 3239 609 3294 est
629 3253 666 3295 ne
688 3229 825 3296 bubulam
848 3253 965 3296 carnem
992 3235 1173 3296 comedendo
1195 3233 1298 3295 cuius-

83 3320 146 3380 dam
174 3320 276 3399 proayi
305 3318 350 3380 sui
378 3320 546 3380 comederet
572 3319 708 3393 animam,
737 3338 823 3398 quam
851 3319 880 3380 in
909 3318 993 3380 bovis
1021 3337 1128 3398 corpus
1153 3319 1299 3398 migrasse

83 3403 265 3466 existimabat
285 3402 468 3478 (Tertullian.
491 3403 642 3483 Apologet
664 3424 727 3485 cap.
750 3407 825 3480 dii).
870 3405 941 3465 Tam
963 3403 1114 3466 ridiculam
1136 3422 1206 3464 vero
1230 3403 1297 3483 opi-

83 3488 198 3550 nionem
222 3488 271 3549 hic
291 3487 480 3549 refellendam
502 3488 549 3548 ille
571 3507 632 3550 non
653 3489 735 3550 duxit
756 3489 869 3565 tibica:
903 3489 980 3550 Num
1001 3489 1104 3552 multis
1127 3494 1224 3558 etiam,
1248 3487 1297 3548 in-

81 3573 150 3651 quit,
183 3579 258 3636 incia
290 3583 320 3634 st
350 3578 410 3636 ctio
441 3591 515 3652 opus
543 3578 611 3644 erit,
646 3578 675 3635 si
699 3573 824 3635 octonos
847 3575 886 3636 cd
909 3575 984 3636 bone
1003 3585 1124 3655 portem
1146 3573 1296 3644 lascivire,

81 3663 143 3738 prsis
171 3663 203 3719 in
232 3676 322 3740 mons
349 3659 471 3721 bestium
500 3659 669 3736 reformari
701 3660 867 3720 uideretur.
911 3658 954 3718 lta
987 3658 1105 3736 quidem
1138 3655 1296 3734 Rigaltius:

83 3743 132 3802 sed
154 3742 182 3803 in
203 3742 318 3802 nostris
340 3741 491 3802 codicibus
512 3741 719 3820 manuscriptis
741 3750 772 3802 et
793 3742 880 3803 editis
902 3741 952 3802 illo
972 3740 1181 3804 vetustioribus
1202 3739 1296 3799 babe-

83 3833 143 3886 tur:
166 3827 272 3890 Mnltis
294 3831 384 3888 etiarn
406 3825 489 3902 locis,
521 3825 684 3904 exquibus
706 3835 876 3905 argumenta
898 3826 933 3888 ad
956 3826 1034 3887 bunc
1054 3841 1185 3887 errorem
1206 3822 1295 3883 resel-

82 3909 195 3972 lendum
222 3911 357 3990 depromi
383 3917 520 3988 possunt,
548 3929 587 3972 em
615 3915 675 3972 ctio
707 3911 769 3972 sire
799 3917 868 3981 otio,
897 3909 1144 3990 quemadmodum
1177 3906 1297 3986 scripsit

83 3993 190 4056 Plinius
211 4013 252 4057 em
272 3995 368 4075 sacili,
390 4012 445 4073 pro
467 3995 559 4074 focile
581 3994 658 4068 (libr.
681 3993 730 4055 lll.
753 3995 846 4074 Epist
863 3995 917 4069 3.),
951 4012 1027 4074 opus
1050 3997 1117 4056 erit.
1160 3991 1296 4053 Pluribus

84 4087 177 4142 tamen
197 4080 353 4159 legendnm
376 4079 453 4140 haud
476 4079 564 4140 dubie
585 4079 732 4140 videbitur
746 4085 829 4152 ineis,
853 4079 960 4158 quibus
974 4077 1073 4158 potins
1095 4094 1181 4156 quarn
1207 4093 1294 4154 argu-

25 4177 29 4184 ·
82 4163 186 4225 ruentis
212 4163 404 4226 validioribus
433 4163 614 4243 explodenda
643 4173 707 4226 erat
733 4166 806 4226 haec
825 4182 950 4243 prorsus
973 4161 1094 4224 ridicula
1115 4161 1296 4241 Pythagorae

83 4257 316 4328 secuturumque
344 4248 408 4311 eius
437 4248 548 4329 opinio.
592 4248 705 4310 Nomen
736 4249 813 4310 enim
844 4248 918 4310 iocis
947 4266 1013 4309 oum
1040 4246 1131 4307 verbo
1156 4246 1297 4308 toserin're

84 4331 173 4410 magis
204 4353 291 4414 quana
319 4351 385 4395 carm
414 4334 486 4396 locis
514 4351 677 4414 congruere
708 4333 785 4394 haud
807 4332 954 4394 immerito
975 4331 1090 4393 ridetur
1112 4329 1294 4406 (Tertullian.

83 4415 229 4496 Apologet.
253 4437 316 4499 cap.
332 4421 407 4495 ts).
453 4419 657 4480 Verumtamen
678 4417 766 4497 paulo
787 4426 855 4479 ante
876 4417 990 4478 dixerat
1010 4433 1211 4495 quemcunque
1226 4415 1295 4495 phi-

85 4499 238 4580 losophum
260 4504 406 4566 immenso
429 4511 668 4581 argumentorum
689 4503 821 4583 pondere
842 4519 933 4582 posse
966 4501 1049 4563 obrui
1078 4501 1127 4581 qui
1149 4501 1294 4581 affirmet,

85 4595 118 4646 st
151 4591 191 4649 ca't
221 4588 376 4660 labemus,
411 4589 446 4650 de
479 4593 626 4652 sentcatio
658 4587 846 4670 Pythagorae
875 4587 1021 4650 tamnen
1047 4588 1120 4667 fieri
1144 4605 1183 4650 sm
1203 4584 1294 4657 mulo,

124 4689 275 4738 Turranium
288 4705 340 4739 arr.
356 4704 394 4738 rn.
410 4703 508 4740 ornan.
534 4693 599 4738 Tem.
615 4691 653 4738 lll.
1063 4687 1093 4738 ll

1546 3353 1549 3412 l
