3078 5248
394 345 566 390 snrassaorr
588 345 714 390 sonora.
736 343 916 388 amaremus.
1109 399 1113 406 ,
1177 395 1181 402 ,
1203 328 1266 392 539

37 493 202 573 Numquid
224 511 293 556 vero
314 494 412 557 minus
432 496 490 558 hoo
511 496 542 558 in
562 495 627 558 aliis
641 494 757 568 libellis,
779 511 855 574 qrros
868 493 1104 556 inhlontanismo
1119 495 1267 576 prodiisse*

39 584 137 640 extra
165 579 396 642 oonuorersiam
422 581 550 661 positum
578 588 633 652 est,
662 577 830 660 reperitur?
872 579 915 640 Ne
942 579 1007 659 ipse
1033 579 1150 658 quidem
1172 582 1263 644 'lille-

40 662 186 726 montius
209 665 381 742 opuseulum
403 665 439 726 de
460 664 596 728 Velandis
607 664 774 743 Virginibus
796 664 874 726 inter
895 662 1058 725 orthodoxa
1079 665 1214 740 vindicat,
1237 676 1268 728 et

40 758 154 810 tamen
180 748 211 809 in
240 767 275 809 eo
297 749 375 810 inter
394 749 585 811 blontanistas
608 757 638 811 et
657 758 772 810 eeteros
801 748 981 828 apostolicos
1005 756 1105 810 noetus
1127 750 1267 813 eeclesiae

38 834 199 896 unitatem
222 851 289 894 esse
311 833 506 895 Tertullianus
528 833 707 895 contendit&
749 831 814 896 Non
841 841 886 894 est
906 832 975 894 huie
994 833 1057 894 riro
1079 842 1216 896 constans
1238 843 1269 897 et

40 918 105 980 sihi
146 935 266 997 semper
292 917 387 980 simile
417 919 454 979 de
476 917 632 980 Catholicis
664 917 780 978 dicendi
807 935 909 998 genus,
942 935 1017 996 quos
1039 917 1185 980 interdum
1207 927 1266 982 tarn

39 1003 146 1064 amice
169 1001 267 1074 hahet,
289 1021 375 1081 quam
398 1002 501 1064 acerbe
523 1003 593 1065 alias
615 1002 646 1063 in
667 1001 915 1082 (lisputationibus
936 1000 999 1062 suis
1023 1003 1143 1065 eosdem
1166 1005 1265 1084 exagi-

43 1095 177 1149 taverat
221 1087 258 1148 Et
285 1085 415 1158 ostendit
442 1087 529 1148 etiam
555 1087 616 1148 los.
638 1086 710 1166 Aug.
735 1086 819 1148 Orsi·
856 1085 1064 1160 llontanistas,
1093 1097 1267 1167 quamquain

40 1173 80 1234 ah
106 1171 237 1234 eeclesia
258 1179 421 1249 separatos,
449 1171 489 1232 in¹
508 1172 611 1234 ceteris
633 1179 731 1232 umen
752 1171 893 1244 articulis,
921 1170 1086 1250 dequibus
1108 1169 1166 1232 illis
1188 1173 1266 1234 nulla

43 1276 116 1320 eum
140 1263 223 1318 reete
245 1254 439 1318 sentientibus
460 1255 498 1316 lis
521 1255 727 1329 intercedebat,
755 1256 896 1318 unitatem
918 1255 1057 1317 ecclesiae
1078 1274 1194 1336 semper
1216 1259 1262 1319 al-

42 1345 190 1404 lectasse.
231 1340 333 1420 ltaque
361 1339 433 1402 nihil
461 1348 639 1421 superesset,
672 1359 708 1401 ex
729 1359 787 1420 quo
809 1340 876 1402 libri
898 1339 935 1401 de
955 1340 1191 1420 Praescriptione
1213 1361 1265 1404 or-

44 1425 224 1487 thodoxiam
245 1443 312 1486 eum
329 1419 526 1486 'l'illemontio'
539 1433 704 1498 tueremur3
725 1443 820 1504 neque
840 1425 964 1486 multum
986 1423 1176 1487 laborandum
1199 1427 1265 1496 erit,
1343 1423 1348 1432 ¹

44 1521 79 1573 ut
92 1510 201 1571 libros
233 1509 269 1570 de
291 1509 385 1570 Carne
407 1509 514 1570 Christi
536 1517 566 1571 et
586 1509 623 1571 (le
643 1510 871 1572 Resurrectione
892 1509 994 1570 Carnis
1016 1509 1047 1570 in
1068 1509 1265 1572 blontanismo

45 1596 182 1675 scriptos
211 1611 280 1654 esso
299 1594 509 1656 'ostendamus
554 1594 628 1656 Sunt
655 1595 733 1659 enim
760 1593 817 1656 illis
845 1595 882 1655 de
908 1593 1144 1672 Praesoriptione
1171 1602 1201 1656 et
1228 1595 1265 1657 de

48 1681 155 1742 Anima
176 1677 385 1752 recentiores‘,
407 1679 486 1758 qnod
507 1697 598 1740 unum
620 1679 722 1741 aetatis
737 1686 949 1758 argumentum,
971 1678 1103 1757 quamvis
1119 1677 1174 1740 alia
1188 1698 1264 1758 quo-

51 1785 109 1844 que
136 1763 238 1842 promi
263 1773 398 1841 possent,
426 1763 457 1824 in
485 1763 540 1826 hae
566 1763 691 1825 instituti
718 1763 861 1824 brevitate
883 1762 1016 1824 sufficiat
1060 1763 1102 1824 En
1124 1763 1171 1823 his
1193 1781 1264 1826 roro

54 1850 151 1911 nausis
174 1865 280 1908 omnes
304 1855 333 1908 et
354 1848 486 1926 singulos
502 1848 673 1909 'lerhtlliani
693 1847 785 1908 libros
807 1856 877 1909 tune
898 1847 1027 1919 deinum,
1049 1847 1166 1926 quando
1181 1847 1265 1909 ‹lete-

54 1942 134 1994 oerat
164 1932 199 1993 ad
221 1931 425 2005 hlontanistas,
457 1933 583 2011 scriptos
611 1951 680 1993 esse
707 1941 861 2011 putamus;
894 1950 979 2010 quam
1001 1939 1092 2005 reete,
1126 1939 1265 2004 statuant,

56 2018 160 2097 quihus
188 2016 218 2078 in
246 2015 292 2076 his
320 2017 408 2078 rebus
437 2016 570 2096 sullragii
597 2017 644 2077 ius
673 2011 727 2078 etse
776 2015 928 2078 Invenient
953 2015 984 2076 hi
1012 2023 1090 2078 oerte
1123 2017 1265 2095 quaedam

53 2109 234 2181 argmenta,
256 2101 388 2162 nondum
411 2101 446 2162 ab
468 2101 532 2163 aliis
555 2101 688 2174 adducta,
711 2119 784 2179 qtae
806 2102 908 2162 forsan
931 2099 1058 2162 officium
1074 2119 1160 2162 suum
1175 2095 1263 2180 prab-

55 2187 179 2249 stabunt.
226 2185 347 2246 Ceteros
369 2186 419 2264 qui
440 2204 519 2247 nune
539 2185 673 2264 inseripti
693 2185 813 2246 nomine
827 2184 998 2246 Tertulliani
1013 2185 1266 2258 circumferuntur,

54 2272 143 2332 libros
171 2287 236 2330 non
258 2289 418 2342 moramur,
447 2271 554 2351 quippe
584 2289 659 2350 quos
687 2269 750 2331 eins
777 2287 838 2330 non
866 2287 933 2330 esse
961 2268 1039 2330 inter
1060 2268 1140 2330 viros
1161 2269 1266 2332 doctos

59 2355 198 2417 convenit.

89 2507 107 2542 r.
124 2491 181 2540 lbid.
200 2491 231 2541 de
247 2489 334 2550 virgin.
351 2489 448 2540 leland.
466 2506 486 2540 e.
505 2489 529 2540 2.
715 2497 731 2539 t
751 2489 891 2540 tertullian.
911 2489 941 2539 de
959 2489 1036 2540 Carne
1046 2489 1134 2540 Christi
1152 2505 1172 2540 e
1183 2488 1217 2550 2.,
1235 2489 1265 2539 de

94 2575 113 2608 s.
129 2558 182 2609 Orsi
201 2560 225 2608 in
244 2557 345 2608 hisssrt.
365 2558 394 2608 de
412 2557 557 2609 orthodoxia
576 2557 600 2607 S.
608 2557 632 2608 S.
655 2575 659 2586 ·
686 2557 822 2608 Resurrect.
842 2557 926 2609 Cernis
944 2572 964 2607 e.
983 2555 1007 2607 2.

64 2627 150 2690 Perpet.
167 2636 189 2676 et
206 2625 299 2676 Follelt.
