3196 5250
325 385 393 449 m
424 400 614 445 hissaararto
629 399 660 442 lii
676 397 823 449 queam.
838 397 1136 442 recusationum!
1149 397 1371 440 bracbantico!
1383 387 1457 440 cari.

478 549 601 621 Tomos,
625 567 731 630 caupo,
753 554 873 628 coquus,
898 547 996 610 barus
1019 567 1077 609 aaa
1098 547 1203 610 burna
1224 558 1362 620 seruant,

526 635 614 696 Nunc
634 634 729 697 ltcnsa
750 643 803 701 est.
825 651 924 713 maer
944 649 1053 712 mgna
1075 633 1209 696 tabuaa
1223 635 1293 712 [ait.

901 717 1033 790 (hamat.
1049 716 1099 778 lih.
1115 717 1174 779 Vll.
1190 717 1365 796 Epigramm.
1380 719 1437 790 60.)

325 803 384 867 Sed
405 802 452 864 alii
474 811 595 864 censent
614 801 751 863 tahernm
774 816 882 883 nomen
903 801 945 862 ibi
965 821 983 863 a
1003 801 1141 864 llarhale·
1155 801 1230 864 sumi
1253 820 1315 863 non
1335 800 1443 880 quibem
1459 817 1501 878 pro
1536 821 1539 838 ι

325 903 471 968 caupona,
500 887 553 948 sed
581 895 711 948 mercatu
744 885 788 946 rel
814 885 880 946 loca
901 885 952 947 uhi
974 905 1089 948 merem
1110 885 1281 948 venumdari
1309 885 1442 947 solebam
1475 885 1502 942 lt

325 988 443 1052 quom
463 971 552 1034 modo
574 970 740 1050 accipiatur,
763 978 879 1032 constat
899 978 1008 1032 tantam
1030 970 1126 1032 inisse
1145 970 1296 1050 gentilium
1318 971 1348 1033 in
1367 970 1412 1031 bis
1424 966 1501 1048 publi·

324 1057 366 1118 cis
388 1055 528 1118 conviviis
548 1055 817 1134 intemperantiam,
839 1055 1051 1134 impudentiam
1072 1063 1101 1116 et
1120 1055 1284 1129 lasciuum,
1313 1064 1346 1118 ct
1364 1054 1431 1116 cibis
1450 1070 1501 1112 sese

280 1147 283 1158 '
323 1159 383 1203 non
405 1140 501 1203 solum
522 1140 748 1220 ingurgitarent,
771 1139 824 1201 sed
844 1145 930 1212 esna,
953 1147 986 1200 ut
1006 1141 1047 1200 ait
1066 1140 1176 1201 hucmr
1196 1148 1315 1212 noster,
1344 1157 1395 1218 per
1414 1137 1502 1199 medias

324 1225 447 1287 aithalis
469 1226 529 1286 rias
552 1226 646 1286 effuso
668 1233 822 1303 terraeque
843 1224 972 1286 immisto
996 1222 1094 1288 lutum
1115 1236 1253 1304 coquent
1267 1221 1501 1301 (Tamallhpolag.

324 1329 386 1390 cap.
409 1312 483 1387 35.).
527 1310 602 1371 Tum
624 1318 720 1372 autern
741 1309 840 1370 ridere
862 1317 925 1370 erat
945 1309 1121 1370 temulentos
1143 1309 1301 1388 ebriosque
1321 1308 1447 1370 homines
1466 1323 1502 1366 ca·

192 1392 200 1410 ⁸
323 1399 464 1457 imaum
483 1398 635 1458 cursitare
655 1396 695 1457 aa
714 1397 853 1464 iniurias,
875 1395 916 1454 ati
935 1395 1143 1473 impudentias,
1165 1393 1336 1457 adiibiiinis
1364 1392 1503 1462 illecebras,

323 1479 369 1540 rel
390 1480 465 1540 siau
484 1487 589 1559 postea
609 1479 739 1558 loquitur
761 1478 846 1554 (lbirl.
869 1496 931 1556 cap.
954 1480 1028 1554 39.),
1056 1483 1090 1539 ia
1111 1489 1249 1540 cateruas
1274 1483 1444 1551 caesionum,
1466 1471 1501 1551 qui

323 1564 396 1626 alios
418 1563 589 1625 verberibus
611 1574 641 1625 et
661 1564 758 1643 ilagris
780 1563 955 1635 madebant,
982 1567 1015 1624 in
1038 1561 1147 1625 classes
1170 1564 1433 1638 discursationum,
1456 1559 1501 1620 sin

322 1648 476 1710 hominum
517 1648 566 1726 qui
601 1648 802 1710 bacchantium
838 1665 922 1708 more
963 1664 1017 1726 per
1052 1655 1141 1707 totam
1178 1647 1380 1708 discurrebant
1412 1645 1501 1707 urben.

324 1734 439 1806 Quanto
460 1751 554 1813 porra
573 1732 603 1792 in
624 1733 705 1794 hisae
725 1732 850 1811 publicis
872 1731 1010 1793 conviviis
1032 1730 1118 1792 luerit
1146 1731 1386 1810 intemperantia,
1416 1748 1447 1790 ex
1468 1727 1502 1786 his

324 1818 444 1892 acniice,
466 1835 540 1896 quae
560 1817 597 1878 sle
618 1816 738 1897 privatis
760 1817 879 1894 scripsit
899 1817 1025 1878 Seneca:
1062 1815 1153 1886 Vides,
1181 1816 1284 1895 inquit,
1309 1817 1360 1879 bas
1381 1816 1504 1877 cusiene

239 1955 243 1960 .
323 1901 493 1965 latuscula
515 1905 845 1982 menanteapapiaans
866 1918 966 1971 anans,
996 1918 1086 1962 aures
1109 1919 1214 1962 nomen
1237 1919 1327 1972 sono,
1355 1895 1502 1982 spectaculis

324 1985 442 2058 aulas,
473 1985 634 2067 saporibus
662 1987 800 2066 palatum
831 2005 920 2047 cuum
953 1984 1141 2048 mactantes.
1186 1984 1329 2048 Mollibus
1361 1985 1502 2059 lenibusque

321 2073 461 2151 [amenus
482 2075 578 2132 rotun
600 2069 759 2132 lacescitur
780 2089 883 2131 sorum
906 2087 1015 2148 carpus
1038 2079 1074 2139 st,
1097 2089 1134 2130 ne
1153 2087 1243 2132 nares
1266 2075 1386 2133 interim
1407 2075 1502 2130 cessent,
1538 2063 1539 2156 l

323 2157 466 2218 ababa
498 2160 594 2217 uariis
627 2155 764 2235 inficitur
796 2153 880 2215 locus
913 2159 977 2233 ipse
1018 2157 1051 2215 in
1089 2171 1146 2233 quo
1180 2153 1324 2218 lincurius
1347 2160 1502 2236 parentatu
1538 2171 1539 2248 p

323 2239 405 2316 (San.
427 2239 480 2300 lib.
501 2239 538 2299 de
559 2239 622 2300 Vita
647 2239 735 2300 Beata
763 2256 826 2317 cap.
851 2241 898 2300 11.
921 2256 986 2317 pag.
1015 2240 1110 2314 624).
1162 2238 1236 2300 Nam
1281 2239 1307 2301 si
1345 2239 1409 2300 talia
1442 2238 1503 2296 eraut

322 2325 433 2404 privata
460 2322 576 2384 illamam
606 2321 751 2394 convivia,
783 2331 890 2400 quanto
917 2321 1010 2400 magis
1039 2321 1154 2400 publica
1182 2323 1212 2383 in
1233 2323 1378 2386 honorem
1398 2322 1500 2402 impera·

321 2417 422 2470 tarum
442 2416 519 2477 acta,
552 2407 658 2487 quibus
681 2407 778 2467 omnia
801 2407 886 2468 etiam
908 2407 1052 2467 atrociora
1074 2416 1104 2468 et
1126 2407 1256 2487 turpiora
1288 2409 1345 2470 sibi
1365 2407 1436 2468 linita
1453 2418 1502 2464 esse

323 2492 488 2556 credebant.
1449 2546 1451 2553 ,
1537 2543 1539 2560 ,

406 2577 475 2638 ltue
495 2593 564 2655 ergo
587 2575 692 2636 merito
715 2573 871 2635 Christiani
900 2574 1129 2646 bonohomine,
1162 2575 1209 2637 cui
1235 2575 1359 2655 pudoris
1386 2585 1501 2646 t'eracqtt

321 2661 473 2741 raimonis
499 2661 545 2721 rel
567 2659 636 2738 quid
664 2659 820 2720 minimum
838 2659 943 2738 reliqui
966 2660 1070 2733 luerit,
1102 2660 1220 2738 indigna
1247 2679 1372 2739 prorsus
1399 2659 1501 2719 deusn-

321 2747 438 2810 batttur.
468 2745 547 2806 Casti
568 2745 665 2822 itaque
687 2753 716 2805 ct
738 2743 831 2805 sobrii
852 2743 946 2804 festos
970 2743 1176 2823 solemnesque
1198 2744 1265 2806 illos
1289 2745 1437 2807 Caesarum
1455 2737 1502 2799 tia

321 2829 476 2912 agitabant.
519 2829 626 2891 Procul
653 2829 742 2908 igitur
769 2848 786 2889 a
813 2829 960 2908 corruptis
989 2827 1138 2907 gentilium
1171 2829 1304 2892 moribus
1333 2827 1431 2891 remoti
1457 2839 1502 2884 soa

323 2917 448 2986 buren,
476 2914 572 2994 inquit
591 2915 701 2974 Auctor
721 2920 834 2984 noster,
854 2926 958 2994 postes
983 2913 1193 2976 obumbramus
1222 2933 1277 2976 nec
1301 2916 1427 2978 lucensis
1447 2910 1502 2970 tren

319 3003 516 3082 infringimus
544 2997 723 3072 (Tertullian.
745 2997 897 3078 Apologet.
921 3016 983 3076 cap.
1006 3000 1079 3074 35.).
1122 2997 1196 3059 Nam
1223 3000 1329 3061 occulti
1354 2991 1501 3077 perduelles

320 3094 355 3147 tn
382 3101 469 3147 suumn
495 3083 634 3144 adversus
663 3083 872 3162 imperatorem
894 3083 993 3143 odium
1028 3091 1057 3142 et
1088 3081 1264 3144 simultatem
1290 3083 1417 3145 securius
1439 3087 1501 3152 teg·

321 3178 397 3241 rent,
419 3174 490 3229 banc
509 3170 719 3230 saumatam
742 3178 769 3230 et
791 3170 1005 3250 ramosissimis
1030 3167 1142 3230 laureis
1163 3177 1264 3246 postes
1286 3164 1500 3248 praestruebant

322 3254 493 3317 elatissimis
522 3264 550 3313 ct
579 3251 754 3313 clarissimis
784 3250 915 3312 lucernis
937 3251 1085 3313 uestibulo
1107 3251 1291 3314 ustulabant
1319 3251 1421 3325 (ibib).
1458 3243 1502 3303 Cis

321 3350 418 3400 autem
439 3337 498 3397 hoc
519 3335 620 3397 ultimo
642 3335 731 3396 verbo
753 3343 867 3406 utatur,
899 3335 1019 3413 intelligi
1042 3344 1142 3414 potest
1167 3336 1214 3396 his
1236 3336 1332 3398 Persii
1354 3336 1389 3396 de
1409 3324 1501 3394 heroic

198 3453 204 3460 ·
320 3422 472 3485 uersibus:

333 3527 340 3545 ι
472 3503 601 3566 Herodis
623 3521 731 3565 uenere
753 3504 813 3565 <lies
837 3513 999 3582 mariaque
1020 3505 1164 3582 inustas,

471 3588 643 3668 Dispositae
659 3592 800 3668 pinguem
819 3585 958 3648 nebulam
978 3605 1119 3651 vomuere
1142 3589 1294 3652 lucernae.

1035 3673 1131 3746 (Pers.
1147 3672 1234 3735 Satir.
1250 3673 1283 3736 b'.
1301 3674 1365 3735 sub.
1379 3671 1435 3746 lint

319 3759 363 3823 ll'e
381 3759 487 3823 iisdem
509 3764 605 3818 autem
626 3754 754 3817 lucernis
776 3763 806 3816 et
825 3755 918 3829 hura,
947 3757 1054 3836 quihus
1076 3756 1231 3820 domorum
1253 3765 1356 3838 postes
1377 3750 1499 3816 ornabat·

319 3855 378 3920 tur,
399 3846 471 3907 haec
492 3850 561 3902 sunt
580 3840 724 3902 luvenalis
746 3839 890 3902 carmina:
1166 3855 1168 3866 ·

472 3927 584 3990 stacta
605 3929 710 3996 nitent,
733 3925 837 4004 longas
860 3929 958 3988 creuit
972 3923 1073 4001 jeriau
1096 3925 1210 3998 lauros,

471 4013 510 4075 Bt
528 4013 685 4075 matutinis
708 4020 853 4089 operatur
873 4010 954 4089 [esta
976 4009 1118 4072 lucernis.

866 4092 1003 4170 (luvenal.
1019 4092 1107 4156 Satir.
1123 4093 1185 4156 llll.
1202 4113 1228 4155 r.
1243 4096 1285 4158 96
1300 4101 1330 4154 et
1345 4093 1434 4170 seqq)

321 4181 380 4243 Gur
401 4197 471 4260 crgo
486 4178 642 4242 Christiani
664 4177 718 4238 has
740 4178 967 4258 superstitiones
988 4179 1107 4256 penitus
1128 4178 1330 4258 reprobarent,
1351 4177 1422 4238 hauc
1439 4167 1497 4229 Til·

320 4265 457 4326 tullianus
490 4264 584 4326 reddit
615 4261 773 4324 ratimem:
810 4265 982 4325 terminat
1009 4264 1138 4342 psotidie
1164 4263 1304 4326 lucernas
1335 4261 1433 4342 qualus
1456 4250 1499 4312 iti

319 4347 407 4413 mila
428 4359 481 4420 est,
503 4349 641 4411 nimirum
661 4365 747 4409 verae
769 4346 931 4426 religionis,
953 4347 1085 4428 affigunt
1101 4349 1240 4428 postibus
1262 4347 1366 4410 lauros
1383 4348 1494 4430 paster

319 4435 390 4498 arn
410 4449 555 4504 mures,
587 4433 693 4513 quibas
720 4436 802 4512 ignes
828 4435 997 4494 imminent:
1030 4431 1092 4494 illis
1115 4441 1331 4513 conmemorat
1352 4429 1497 4492 suanm

320 4519 512 4582 tenebrarum
532 4527 562 4578 st
582 4521 716 4597 amplam
733 4531 902 4596 poenarum
922 4515 1102 4590 (Tertulian.
1124 4515 1175 4576 lib.
1198 4517 1235 4578 de
1256 4513 1382 4577 idololat
1403 4529 1426 4572 a
1438 4504 1498 4592 1le

319 4602 396 4686 ignis
418 4599 550 4664 videficet
570 4601 698 4674 aeterni,
730 4617 788 4679 qao
816 4601 898 4679 impii
924 4601 1059 4664 homines
1085 4609 1155 4680 past
1181 4601 1257 4664 hanc
1274 4599 1357 4662 nuta
1377 4581 1496 4675 paruisti¹¹
