3144 5236
486 353 621 398 lucrosa
643 353 702 396 uic.
725 351 764 397 ss
785 353 913 403 sooner.
1149 347 1154 358 ’
1256 339 1313 402 tat

99 509 180 566 sulcm
206 502 247 565 sit
267 503 343 564 haec
365 502 532 582 explicatio,
561 501 630 566 inde
652 503 753 583 liquet,
783 503 863 581 quod
885 504 912 564 si
935 502 1029 566 celare
1051 511 1102 565 aut
1123 503 1313 568 dissimulare

98 587 189 666 siquid
212 587 376 667 potuisset,
398 587 469 650 idud
493 595 572 649 certe
594 605 655 650 non
677 597 740 650 erat
762 587 894 649 dicturus
917 587 948 648 in
969 587 1046 648 libro
1069 587 1197 668 publico,
1224 607 1313 668 quem
1366 595 1371 600 '

97 672 208 733 ethnicis
240 672 380 734 omnibus
403 690 437 733 ac
458 672 584 734 Romani
613 672 701 732 ctiam
729 671 845 750 imperii
874 671 1056 732 antistitibus
1080 673 1233 736 ollercbat.
1277 675 1315 735 nt

97 774 143 834 quo
162 756 259 834 magis
282 763 352 817 iera
374 764 512 836 certaque
535 764 581 818 est
603 756 660 818 ista
682 756 842 836 expositio,
866 775 902 818 co
925 755 1017 835 magis
1042 757 1177 818 studiose
1192 778 1208 818 a
1224 758 1312 820 nobis

96 841 244 902 examinari
267 840 366 902 debet.
765 843 767 850 ’

164 925 245 986 Dicit
266 925 364 1004 itaque
386 923 498 1003 primo:
521 923 610 987 Hunc
633 943 673 986 ec
694 925 756 986 lieo
776 925 937 1005 prolatum
950 925 1117 987 didicimus.
1148 925 1207 986 Sed
1223 927 1319 1000 unde,¹

95 1027 206 1087 quaeso,
236 1009 286 1070 ille
314 1009 423 1087 aliique
445 1008 604 1070 Christiani
632 1009 663 1070 id
691 1007 879 1070 didicerant?
922 1009 989 1069 Non
1017 1009 1134 1070 aliunde
1164 1013 1310 1088 prolecto,

94 1093 142 1154 nisi
170 1113 209 1154 ex
233 1093 332 1155 Sacris
354 1091 513 1172 Scripturis
541 1111 576 1154 ac
603 1101 682 1154 certa
703 1093 909 1172 constantique
932 1093 968 1154 ab
989 1093 1142 1172 Apostolis
1164 1094 1201 1153 ad
1224 1113 1312 1156 suum

94 1197 173 1256 usque
197 1188 317 1258 tempus
340 1177 507 1238 traditione.
537 1177 626 1238 Plura
647 1186 745 1239 autem
767 1177 835 1240 alibi
858 1178 927 1239 citat
948 1177 1024 1239 banc
1046 1177 1076 1238 in
1098 1196 1162 1238 rem
1179 1178 1313 1240 eiusdem

94 1262 188 1324 Sacrae
219 1263 390 1342 Scripturas
417 1262 479 1324 loca
515 1269 602 1340 atquc
637 1262 774 1341 inprimis
818 1262 849 1322 in
883 1262 959 1324 libro
996 1262 1139 1323 adversus
1167 1261 1310 1338 Praxean,

19 1417 20 1424 ἵ
93 1347 252 1409 hereseos
276 1346 569 1426 l‘stripassianorum
592 1348 747 1408 fautorem.
790 1347 828 1407 At
849 1346 890 1406 ibi
912 1365 1030 1426 quoque
1053 1345 1203 1425 praeclare
1225 1347 1313 1408 docet

93 1431 156 1492 banc
177 1451 250 1493 esse
273 1431 341 1493 fidei
363 1439 483 1490 nostrae
502 1429 647 1509 regulam,
670 1449 744 1510 quac
767 1431 803 1492 ab
822 1430 964 1510 evangelii
986 1430 1070 1492 initio
1093 1431 1260 1492 decucurrit
1281 1439 1312 1493 et

94 1515 264 1594 quibuslibet
285 1515 442 1576 haereticis
466 1523 513 1576 cst
534 1515 698 1595 antiquior:
738 1516 864 1578 Constat
885 1527 984 1577 nutem
1006 1515 1047 1591 id,
1076 1515 1181 1594 iuquit,
1205 1533 1312 1578 ustum

94 1620 147 1662 use
165 1601 364 1683 quodcunque
383 1605 525 1679 primum,
548 1601 579 1662 id
602 1620 666 1662 esse
687 1599 803 1680 salsum
825 1601 1018 1680 quodcunque
1036 1604 1192 1678 posterr'us
1220 1600 1311 1672 (Ter-

94 1684 144 1745 ud.
171 1685 224 1746 lib.
255 1685 321 1746 adr.
344 1684 429 1744 Pras.
460 1703 522 1762 cap.
545 1687 598 1758 2).
653 1684 814 1762 Perperam
846 1683 934 1762 igitur
967 1683 1084 1762 quidam
1117 1683 1311 1746 insulsissimi
1395 1693 1417 1722 ⁴

94 1767 220 1831 homines
243 1768 432 1830 venditarunt
453 1764 523 1828 illud
546 1763 644 1850 λόγου
667 1777 696 1830 ct
718 1768 754 1830 de
776 1767 851 1828 Filio
874 1768 927 1829 liei
950 1768 1056 1846 dogma
1072 1767 1223 1846 sposrotis
1245 1769 1309 1847 pri·

94 1853 196 1932 misque
226 1873 332 1914 corum
355 1853 507 1931 discipulis
530 1853 626 1914 luisse
657 1853 839 1931 incognitum
872 1871 906 1914 ac
926 1853 1057 1914 secundo
1080 1852 1230 1913 dumtaxat
1250 1853 1309 1914 Ec·

94 1936 187 1999 deciae
210 1939 332 2000 saeculo
355 1938 492 1999 baustum
515 1956 551 1998 cx
571 1938 819 2017 pbilosophorum
840 1936 1030 2016 opinionibus
1053 1945 1083 1998 ct
1103 1936 1310 1998 aCbristianis

94 2033 243 2102 receptum.
289 2022 322 2083 Si
351 2041 426 2100 quae
454 2022 534 2082 enim
561 2021 591 2082 in
619 2022 778 2101 praecipuo
806 2022 875 2083 lidci
903 2021 1080 2083 christianae
1108 2021 1203 2100 capite
1235 2022 1310 2084 lacta

95 2107 187 2168 luisset
208 2106 386 2179 immutatio,
408 2107 481 2168 baec
502 2106 635 2168 omnium
657 2125 691 2168 ac
711 2107 869 2187 praecipue
892 2105 1063 2167 Tertulliani
1085 2105 1215 2166 animum
1237 2124 1309 2184 per·

95 2191 187 2253 cellere
216 2191 353 2254 debebat
397 2191 464 2252 Non
492 2191 681 2252 mediocriter
709 2191 788 2252 cuim
817 2191 950 2252 eruditus
973 2190 1021 2252 ibe
1042 2189 1087 2250 vir
1109 2183 1166 2251 sub¹
1186 2190 1309 2252 secundi

96 2277 191 2338 saeculi
215 2284 244 2338 et
266 2276 345 2336 tertii
367 2274 483 2336 initium
505 2275 606 2336 lloruit
627 2295 683 2336 nec
704 2275 829 2354 proinde
851 2275 948 2354 potuit
973 2275 1109 2354 ignorare
1125 2293 1213 2352 quarn
1228 2283 1310 2336 certo

95 2359 157 2421 haec
176 2360 343 2421 communis
366 2360 497 2422 ominium
520 2359 654 2421 doctrina
676 2359 712 2421 ab
733 2359 884 2439 Apostolis
906 2359 943 2420 ad
964 2378 1052 2421 suum
1074 2377 1169 2437 usquc
1192 2367 1308 2438 tempus

96 2445 259 2506 transmissa
280 2445 329 2505 sit.
1060 2471 1063 2480 ν

169 2529 307 2590 Secundo
339 2528 387 2588 ille
418 2527 505 2589 docet
526 2527 656 2588 Verbum
684 2527 815 2588 divinum
848 2545 917 2588 esse
946 2529 980 2590 de
1003 2526 1122 2607 Spiritu
1146 2527 1307 2608 Spiritum,

95 2613 153 2690 qttia
172 2614 224 2674 net
248 2621 295 2675 est
315 2612 453 2684 Verbum,
475 2612 561 2673 llatio
585 2621 614 2673 ct
637 2612 742 2674 Sermo
765 2612 860 2688 (ldem
881 2612 1033 2692 Apologet
1050 2631 1113 2690 cap.
1130 2614 1204 2686 ab).
1235 2611 1310 2673 Nam

96 2697 163 2758 sicut
182 2698 250 2760 alibi
272 2698 326 2760 ait:
349 2697 501 2778 Spiritum
523 2697 723 2776 iutellepunus
745 2701 778 2760 iu
800 2701 919 2758 uomitu
942 2700 1101 2766 sermonis,
1123 2700 1167 2756 ito
1189 2706 1218 2756 et
1241 2714 1310 2756 ser-

96 2800 200 2844 nouem
221 2801 336 2864 quoque
358 2785 546 2860 opuosca'mus
569 2787 601 2843 in
623 2786 744 2844 uomitu
765 2784 904 2860 spiritus.
935 2779 1013 2842 Nom
1035 2790 1063 2840 ct
1084 2781 1212 2858 spiritus
1235 2779 1309 2840 sub-

96 2871 198 2930 stoutt'c
225 2878 271 2929 est
298 2869 446 2928 sermouis
476 2878 506 2928 ct
533 2885 632 2927 sermo
660 2871 798 2945 operatio
829 2868 957 2944 spiritus
987 2873 1015 2925 ct
1039 2863 1097 2924 duo
1119 2880 1214 2923 uuum
1236 2871 1310 2924 sunt

98 2949 178 3022 (idem
204 2951 254 3012 bb.
278 2952 344 3012 adv.
366 2949 450 3010 Prax.
481 2969 545 3029 cap.
568 2953 644 3023 26.).
698 2948 884 3010 Existimavit
914 2947 1013 3026 itaque
1046 2947 1221 3007 Sermonem
1255 2964 1310 3006 sen

97 3033 212 3097 l'erbum
234 3035 384 3097 etlilium
399 3034 452 3096 Dei
474 3053 541 3096 essc
565 3033 703 3114 spiritum
725 3051 847 3111 remque
867 3031 953 3110 plane
976 3029 1169 3109 spiriuralem,
1192 3049 1208 3090 a
1233 3049 1309 3109 qua-

99 3137 199 3198 cunque
224 3120 348 3182 materia
377 3127 407 3180 et
435 3119 515 3179 omni
544 3137 577 3180 re
604 3135 748 3196 corporea
770 3115 939 3178 discretam.
984 3116 1067 3187 Quae
1089 3113 1207 3192 quidem
1231 3114 1309 3179 illius

98 3205 230 3266 secunda
257 3205 326 3266 inde
354 3203 554 3276 conlirntatur,
589 3201 667 3281 quod
700 3201 765 3280 ipsc
798 3200 907 3262 ibidem
939 3199 1111 3280 pronuntiat
1137 3198 1218 3259 idum
1241 3217 1309 3260 esse

99 3292 227 3367 spiritum
257 3291 292 3352 dc
319 3293 443 3370 spiritu,
472 3288 502 3348 id
530 3294 576 3348 est
603 3286 710 3365 spiritu
737 3305 771 3348 ac
799 3285 975 3364 cogitatione
1004 3284 1117 3346 aeterni
1138 3283 1233 3345 Patris
1262 3283 1310 3345 sui

101 3373 231 3448 prolatum
254 3393 288 3435 ac
309 3372 556 3453 genitum-(Idem
576 3372 729 3451 Apologet.
753 3389 817 3452 cap.
839 3374 914 3446 ab).
944 3369 1064 3431 [livinae
1087 3368 1234 3447 siquidem
1256 3387 1310 3428 co·

102 3455 234 3532 giutionis
263 3458 392 3538 prolatio
419 3474 480 3517 non
509 3455 606 3518 solum
633 3455 705 3518 nibil
734 3455 871 3535 corporei
899 3453 1034 3528 admittit,
1063 3453 1117 3514 sed
1143 3473 1219 3516 unns
1242 3471 1309 3514 cum

103 3557 146 3600 sco
164 3543 257 3616 Patre,
287 3561 304 3604 a
333 3561 392 3621 quo
415 3542 576 3620 prolertur,
605 3541 685 3602 llcus
709 3548 765 3602 est.
808 3541 845 3600 At
866 3538 938 3618 quid
960 3557 1037 3618 opus
1059 3537 1158 3598 estid
1180 3557 1197 3598 a
1218 3537 1308 3598 nobis

103 3625 212 3701 probari,
241 3628 322 3706 quod
352 3627 389 3688 ab
417 3625 468 3687 illo
498 3625 693 3687 disertissime
722 3625 826 3704 hisque
855 3624 993 3703 ipsismet
1019 3622 1118 3684 verbis
1147 3621 1308 3681 asseritur:

105 3707 179 3780 Quod
199 3715 232 3775 de
253 3712 318 3774 [leo
339 3713 515 3792 profectum
546 3721 599 3783 est,
633 3709 714 3772 Duas
737 3708 912 3771 satellici
932 3707 1028 3770 Filius
1058 3717 1086 3768 et
1107 3723 1187 3766 unus
1210 3703 1309 3778 umbo,

104 3797 172 3858 etde
190 3798 253 3860 Deo
275 3797 360 3859 Drus
383 3794 530 3871 (ibidem).

172 3881 270 3942 Tertio
293 3880 493 3942 Tertrdlianus
514 3879 640 3940 affirmat
660 3877 742 3938 illum
768 3895 835 3938 cum
849 3875 911 3938 Deo
925 3875 1012 3937 Patre
1027 3891 1119 3935 mum
1135 3888 1204 3932 csse
1215 3869 1310 3932 neum

105 3979 134 4022 cc
155 3971 266 4029 unitate
293 3965 491 4036 substantioe,
520 3983 554 4024 ac
582 3961 707 4042 proinde
734 3979 824 4024 mam
850 3968 880 4021 et
907 3959 1029 4021 eandem
1058 3975 1126 4018 esse
1153 3954 1310 4034 utriusque
1388 4031 1391 4036 Ι
1435 4027 1440 4034 ,

104 4045 277 4112 substantiam
308 4049 418 4124 (ibid).
460 4047 593 4109 APatrc
620 4045 699 4108 enim
728 4065 783 4108 suo
806 4049 869 4108 nou
890 4055 1066 4124 separatur,
1098 4039 1203 4119 iuquit,
1235 4041 1311 4102 sub-

105 4138 209 4210 stratio,
232 4137 286 4197 scd
310 4134 500 4205 ectmdiror,
523 4131 664 4211 quoniam
686 4131 765 4194 bunc
787 4147 826 4192 ec
841 4129 912 4202 Deo,
936 4127 978 4190 uti
994 4125 1089 4188 adbuc
1105 4124 1153 4186 illc
1169 4124 1309 4204 loquitur,

101 4215 237 4292 protorum
268 4219 427 4280 didiciruus
457 4228 485 4278 et
509 4216 686 4298 prolatione
712 4223 890 4296 praeratum
917 4212 1026 4286 (ibid).
1071 4209 1147 4283 Quia
1173 4227 1244 4271 roro
1272 4209 1309 4271 ab

103 4295 144 4359 illo
163 4301 197 4364 ita
217 4302 330 4382 prodiit
353 4309 383 4362 et
404 4301 519 4380 genitus
542 4309 601 4375 est,
625 4299 746 4373 idcirco,
768 4295 1016 4377 quemadmodum
1031 4315 1047 4354 a
1060 4294 1149 4356 Patre
1176 4312 1309 4358 sunnon

104 4395 239 4461 separatur
260 4385 436 4458 substantia,
459 4386 502 4448 sic
524 4387 561 4448 ab
582 4384 633 4446 illo
654 4401 785 4464 persona
800 4379 1001 4460 distinguitur.
1030 4378 1097 4440 Non
1112 4379 1190 4440 cuim
1206 4379 1310 4440 eadem

102 4482 158 4530 csse
176 4481 276 4551 potest
296 4470 395 4532 Patris
419 4479 448 4531 et
468 4470 533 4532 Filii
553 4469 608 4531 [lei
633 4487 772 4549 persona.
815 4467 853 4526 At
880 4465 982 4526 eadem
1005 4473 1103 4528 umen
1125 4472 1172 4525 est
1194 4463 1308 4526 uuius-
1332 4546 1337 4552 Ι

101 4565 147 4628 qne
171 4556 353 4643 substantia,
380 4554 618 4635 quandoquidem
645 4571 723 4616 unus
753 4559 801 4614 cst
828 4567 895 4614 cum
916 4549 1003 4612 Patre
1024 4549 1104 4613 Deus
1134 4568 1172 4612 ec
1192 4553 1310 4611 uuitotc
