3144 5236
250 365 313 428 206
346 381 539 426 orsssnrnrro
555 380 585 424 m
601 381 649 430 uu.
665 377 850 460 steresios.
868 377 1064 422 rennuentem
1074 377 1306 448 prosoosrrcurr
1322 378 1409 422 corr.

251 529 359 602 minor,
382 530 435 592 sed
456 536 579 602 tantum,
602 527 646 588 uti
667 528 707 590 ait
729 527 937 602 Tertullianus,
963 536 1096 608 propter
1118 529 1304 590 oeconoinioe
1326 529 1478 590 observo-

252 618 370 683 tionem,
400 613 440 674 ito
467 619 500 673 ut
527 629 587 672 non
614 611 730 684 divisio,
759 611 813 673 sod
835 611 993 690 dispositio
1014 611 1206 690 significetur.
1249 612 1345 692 neque
1375 613 1431 674 ita·
1447 623 1480 674 et

251 697 360 777 duplici
387 697 436 758 illo
463 695 588 758 ratione·
606 695 696 758 Filius
723 695 759 758 ab
789 715 825 758 eo
853 695 911 758 dici
937 695 1155 774 potuitminor
1176 696 1265 757 Petro
1287 697 1411 780 elalius
1434 696 1473 759 ab

250 781 312 857 illo,
334 789 437 860 utpote
458 780 508 860 qui
531 779 567 841 ab
590 780 655 858 ipso
679 780 795 859 genitus
817 780 881 841 luit.
1364 817 1369 827 ·

334 865 436 945 Neque
457 864 554 938 nobis,
578 883 700 943 quaeso,
722 881 851 942 reponas
873 863 949 924 hanc
963 863 1188 942 explicationem
1203 883 1266 925 non
1281 883 1347 926 osse
1362 865 1472 925 ortho-

206 1023 209 1032 ¹
249 951 366 1012 doxam.
407 949 526 1027 Antiqui
554 948 632 1008 enim
659 949 761 1010 Patres
790 947 937 1010 Ecclesiae
965 947 1022 1009 boc
1048 946 1116 1026 ipso
1144 967 1252 1023 sensu,
1287 945 1373 1009 cunm
1400 958 1475 1026 post

164 1029 168 1038 '
250 1033 406 1096 concilium
427 1032 596 1106 Nicaenunr,
618 1031 666 1093 illa
688 1031 796 1093 Christi
817 1031 919 1093 verba:
944 1031 1037 1093 Peter
1056 1036 1157 1096 moior
1177 1051 1222 1094 nte
1245 1044 1298 1104 est,
1322 1033 1474 1112 interpre-

251 1117 302 1180 tati
324 1126 403 1179 sunt.
447 1116 575 1178 Hilarius
605 1115 749 1195 siquidem
784 1116 962 1188 acerrime,
996 1115 1023 1177 si
1050 1116 1116 1195 quis
1144 1133 1282 1194 unquam,
1311 1115 1475 1178 catholicae

249 1203 401 1264 doctrinae
424 1201 573 1272 delensor,
596 1201 669 1261 baec
695 1199 815 1262 minime
838 1200 987 1262 haesitans
1011 1200 1143 1279 scripsit:
1180 1201 1236 1263 Est
1258 1201 1351 1264 Potor
1371 1207 1475 1263 maior

249 1285 336 1358 Filio,
364 1287 417 1348 sed
442 1297 478 1348 ut
500 1284 592 1348 Peter
614 1283 700 1355 lb'lio,
728 1290 922 1364 ueneratione
949 1303 1013 1346 non
1039 1280 1157 1365 petiere.
1202 1284 1298 1346 Fidias
1327 1289 1405 1347 endu
1428 1296 1476 1347 est

251 1384 281 1434 et
302 1389 339 1432 erc
362 1389 395 1434 eo
418 1373 513 1432 caluit
535 1367 640 1442 (llilnr.
664 1369 761 1430 Tract.
784 1368 814 1429 in
836 1368 943 1430 Psalm.
969 1371 1039 1433 118.
1062 1373 1091 1446 ξ.
1111 1373 1182 1444 17.).
1212 1369 1329 1430 Scimus
1352 1369 1476 1448 quidem

151 1451 156 1464 “
251 1455 353 1516 eadem
375 1453 494 1516 loannis
516 1451 606 1514 verba
629 1453 666 1513 ab
688 1451 739 1514 illo
761 1453 829 1514 alibi
852 1452 956 1527 (ldem.
977 1452 1029 1514 lib.
1051 1452 1102 1515 lX.
1125 1453 1162 1514 de
1185 1454 1267 1514 Trin.
1290 1457 1320 1530 ᾗ.
1343 1458 1420 1530 51.),
1443 1461 1476 1515 οι

250 1538 287 1600 ab
314 1539 379 1600 aliis
406 1555 522 1618 quoque
550 1537 587 1598 de
609 1545 761 1616 assumpta
782 1537 819 1598 ab
840 1537 906 1616 ipso
930 1537 980 1597 Dei
1004 1537 1078 1598 Filio
1100 1537 1227 1599 bumana
1248 1545 1355 1599 natura
1375 1538 1474 1617 expli-

251 1623 320 1685 cari.
366 1621 424 1684 Sed
451 1621 538 1682 nobis
560 1622 668 1683 sufficit
690 1639 724 1682 ea
746 1622 834 1682 etiarn
855 1620 891 1682 ab
914 1620 1025 1682 Hilario
1046 1621 1237 1701 pluribusque
1259 1621 1322 1683 aliis
1343 1621 1477 1684 Nicaene

251 1707 365 1786 synodo
386 1705 612 1784 posterioribus,
635 1713 666 1766 ut
687 1705 755 1766 alibi
777 1706 991 1778 annotavimus,
1014 1705 1051 1766 de
1066 1705 1164 1766 divina
1179 1705 1300 1785 intelligi
1314 1706 1475 1784 ipsiusmet

250 1791 315 1852 Filii
338 1790 392 1851 Ilei
422 1789 623 1868 generatione,
652 1807 708 1868 qua
736 1790 839 1851 ordine
867 1789 1016 1851 secundus
1043 1790 1168 1852 aPabe
1189 1808 1245 1852 sno
1269 1799 1315 1851 est
1335 1789 1415 1862 (Not
1439 1791 1473 1851 in

250 1873 301 1935 lib.
317 1873 354 1935 11.
374 1873 512 1934 ambros.
536 1872 573 1932 de
595 1871 666 1933 Fide
688 1891 718 1952 p.
741 1876 813 1938 483.
830 1878 917 1953 sqq),
961 1873 1086 1936 Constat
1105 1874 1213 1953 quippe
1235 1874 1308 1936 nihil
1329 1873 1399 1935 inde
1422 1875 1473 1936 in·

250 1958 321 2020 lerri
347 1976 438 2038 posse
466 1965 568 2018 conus
590 1955 801 2018 Tertullianum
828 1963 973 2030 noslmm,
1003 1959 1053 2037 qui
1081 1958 1209 2037 quidem,
1240 1977 1307 2019 eum
1334 1957 1473 2037 sibiipsi

251 2061 312 2105 non
334 2041 551 2112 contradixerit,
574 2039 622 2100 illa
644 2039 837 2120 evangelistae
859 2039 948 2103 rerba
969 2043 1028 2104 boc
1048 2043 1191 2104 catholico
1214 2059 1306 2104 sensu
1320 2043 1475 2121 accepisse

251 2127 329 2189 haud
351 2125 498 2186 immerito
519 2125 644 2186 videtur.
687 2125 725 2185 Et
745 2135 825 2187 certe
847 2145 882 2187 eo
904 2127 997 2206 tnagis
1019 2127 1068 2188 illa
1090 2127 1133 2188 sic
1154 2126 1342 2206 interpretari
1364 2127 1473 2205 potnit,

251 2229 310 2290 quo
339 2209 465 2289 insulsas
486 2209 660 2270 Arianornm
683 2209 881 2272 cavillationes
903 2211 1000 2273 minus
1021 2212 1192 2291 praevidere
1214 2219 1330 2291 poterat
1353 2221 1383 2272 et
1405 2212 1473 2272 effi-

251 2294 348 2357 cacius
369 2294 516 2356 insulsum
535 2292 686 2354 refellebat
705 2294 834 2355 Praxeae
856 2313 999 2358 errorem.

337 2379 445 2443 Contra
472 2384 570 2438 minen
592 2377 678 2440 nobis
700 2396 805 2440 rursus
828 2377 970 2440 obiiciunt
992 2379 1203 2441 Tertullianum
1225 2379 1256 2440 in
1278 2379 1342 2441 suis
1365 2379 1475 2441 adver-

252 2481 304 2526 sus
325 2462 504 2524 Marcionem
526 2461 608 2522 libris
630 2479 753 2540 negasse
776 2463 897 2524 eundem
921 2479 989 2532 esse
1010 2463 1107 2526 Patris
1129 2463 1239 2531 aeterni
1261 2473 1291 2524 et
1308 2463 1374 2546 Filii
1397 2464 1475 2526 sub-

252 2546 389 2609 stantium
413 2547 523 2619 (Peter.
547 2557 618 2606 tom.
633 2546 670 2606 ll.
694 2546 834 2627 Theolog.
859 2547 992 2626 Doqrnat.
1014 2548 1064 2609 lib.
1087 2547 1110 2608 l.
1133 2566 1196 2626 cap.
1212 2548 1265 2624 5.).
1308 2547 1353 2608 lbi
1375 2548 1476 2627 siqui-

252 2632 319 2694 dem
342 2631 428 2692 docet
442 2630 547 2691 Filium
570 2649 638 2691 esse
658 2631 766 2692 lactum
787 2631 997 2704 sensibilem,
1018 2632 1136 2693 Patrem
1158 2650 1228 2692 vero
1250 2650 1305 2692 nec
1326 2631 1477 2694 risibilem

252 2734 308 2778 nec
328 2716 445 2776 lactum.
491 2714 640 2775 Diversam
661 2714 750 2793 igilur
771 2715 889 2777 illomm
911 2716 1106 2778 substantiam
1126 2735 1196 2778 esse
1217 2716 1339 2794 putarit.
1376 2717 1420 2778 Ad
1444 2717 1476 2778 id

251 2809 349 2863 autem
371 2799 555 2879 probandum
577 2798 650 2860 haec
671 2799 759 2860 nobis
781 2799 930 2862 obiectent
950 2801 1027 2863 illius
1050 2800 1153 2862 verba:
1176 2801 1365 2880 Profitemar
1382 2801 1476 2863 θῆτε·-

226 2943 229 2948 ,
251 2896 333 2947 steten
354 2901 474 2964 semper
494 2887 588 2962 spiere
609 2888 641 2944 iu
664 2883 722 2944 bei
741 2883 843 2945 Petris
866 2889 994 2957 nomine,
1016 2891 1116 2964 ipsunt
1137 2887 1174 2947 ob
1196 2888 1284 2948 initio
1308 2903 1476 2948 conuerso·

252 2981 324 3041 tunt,
346 2973 445 3048 ipsum
468 2985 660 3046 conpressum
682 2968 956 3048 compatriarchis
978 2980 1007 3031 et
1026 2969 1196 3049 prophetie,
1219 2967 1330 3030 lb'lium
1352 2982 1476 3033 creato-

252 3059 308 3124 ris,
330 3053 507 3115 Sermoaem
533 3056 608 3122 eiras,
637 3069 721 3132 quem
748 3067 789 3113 aar
814 3057 971 3132 semetipso
997 3055 1185 3132 proferendo
1208 3051 1318 3115 Filium
1349 3055 1425 3142 [ecit
1447 3063 1476 3116 et

252 3138 359 3199 caindo
380 3140 463 3197 omne·
484 3137 678 3216 dispositioni
697 3154 770 3198 suot
791 3135 997 3218 voluntatique
1015 3139 1176 3217 praefecit,
1200 3139 1369 3200 diminuens
1384 3137 1477 3200 illum

251 3220 367 3281 modico
391 3223 469 3281 citro
490 3217 622 3299 onpelos,
646 3223 724 3280 sicut
745 3222 827 3299 opud
840 3221 939 3284 Dauid
954 3225 1102 3301 scriptum
1117 3235 1180 3298 est,-
1202 3241 1260 3301 quo
1276 3223 1476 3284 deioinutiona

251 3307 285 3364 in
308 3303 378 3364 boec
399 3320 513 3382 quoque
535 3304 699 3383 dispositus
722 3316 767 3366 est
788 3323 807 3366 a
826 3304 925 3375 Putre,
948 3323 1023 3386 quoa
1045 3316 1080 3366 ut
1095 3305 1225 3368 humone
1240 3304 1473 3386 reprehenditis,

252 3387 385 3448 ediscens
406 3390 467 3447 iam
488 3387 557 3448 inde
578 3405 597 3447 a
615 3388 796 3466 primordio,
820 3393 879 3450 iom
900 3389 968 3450 inde
991 3389 1145 3461 bominem,
1168 3391 1247 3470 quod
1261 3399 1329 3452 erut
1342 3390 1475 3468 [stoma

251 3475 285 3532 in
311 3471 383 3550 fine.
428 3468 485 3532 ltu
506 3483 559 3540 est,
583 3474 636 3548 qui
654 3471 814 3544 descendit,
842 3472 895 3535 ille
917 3484 970 3544 eat,
998 3477 1052 3556 qui
1070 3477 1248 3552 i'uterropot,
1272 3473 1322 3535 itte
1344 3485 1399 3544 est,
1422 3478 1478 3556 qni

252 3559 346 3618 turot-
379 3554 517 3616 Geinum
537 3554 660 3618 Putrem
681 3561 795 3618 nemini
813 3562 911 3619 etrum
925 3563 1013 3620 etiem
1029 3575 1181 3620 emmone
1194 3557 1476 3620 testabiturlloon-

250 3639 362 3719 peluem
389 3683 429 3701 ..
453 3683 460 3698 .
490 3637 611 3703 Patrem
633 3641 813 3703 invisibilem
836 3643 1047 3714 determinans,
1070 3648 1103 3704 r'n
1131 3647 1216 3704 cuius
1238 3645 1423 3704 auctoritate
1445 3653 1476 3704 et

251 3728 371 3788 nomine
393 3727 457 3803 ipse
477 3731 546 3784 erat
566 3723 658 3793 Dore,
681 3729 733 3805 qui
753 3726 911 3788 uidebatur
932 3724 1028 3788 ld'lr'us
1050 3725 1109 3789 Dei
1127 3725 1261 3801 (Tertull.
1283 3725 1333 3786 lib.
1356 3725 1394 3788 ll.
1418 3726 1474 3788 ad-

251 3827 330 3872 vers.
352 3807 492 3870 Marcion.
515 3825 578 3885 cap.
602 3809 677 3883 Tb).

336 3892 394 3954 Sed
417 3891 708 3953 animadvertendum
731 3900 777 3954 est
799 3893 1010 3956 Tertullianum
1032 3894 1074 3956 ibi
1094 3894 1245 3973 disputsre
1267 3899 1369 3955 conus
1391 3893 1473 3955 blar-

251 3977 377 4047 oionem,
405 3975 465 4054 qui,
495 3983 528 4036 ut
555 3975 602 4036 ille
630 3975 739 4037 ibidem
765 3978 814 4048 ait,
841 3995 997 4058 perperene
1018 3978 1204 4059 praedicabat
1225 3987 1389 4040 creatorem
1411 3995 1475 4040 non

251 4077 322 4120 esse
343 4059 436 4119 Deum
463 4058 584 4131 bonum,
614 4061 851 4139 quondoquidem
878 4063 963 4140 plura
991 4062 1028 4124 de
1055 4063 1106 4124 illo
1133 4062 1249 4141 pusilla,
1275 4060 1423 4123 imbecilla
1445 4071 1475 4124 et

250 4142 313 4204 Deo
346 4141 464 4221 indigne
497 4143 741 4222 praedicebantur
774 4145 882 4221 (Ibidp
926 4148 963 4208 nt
991 4145 1188 4208 Tertullianus
1220 4146 1290 4207 huic
1321 4146 1473 4208 haeretico

249 4225 703 4389 ltttlttlntttltttt
725 4227 897 4377 {lsffilll
917 4230 1140 4376 ‘bilbili
1154 4230 1474 4393 distentet

250 4393 319 4473 quio
340 4409 459 4472 semper
480 4395 539 4474 egit
559 4395 591 4457 in
608 4397 705 4460 Patris
728 4397 858 4471 nomine,
887 4398 955 4477 qnia
977 4415 1043 4460 curn
1064 4399 1241 4478 patriarchis
1264 4407 1294 4460 et
1314 4399 1473 4477 prophetis

250 4475 434 4556 loquebatur,
456 4478 525 4557 quia
546 4479 599 4542 Dei
621 4490 668 4544 est
687 4483 794 4544 Sermo
816 4491 847 4544 et
866 4483 1008 4544 moetoris
1023 4483 1125 4546 Filius.
1153 4483 1241 4563 niqui
1263 4484 1290 4545 is
1311 4483 1377 4562 ipse
1393 4483 1473 4544 Ter·

249 4559 388 4625 tullianus
412 4563 657 4638 constantissime
679 4567 807 4630 asseruit
826 4566 932 4630 Filium
954 4575 984 4630 et
1005 4567 1182 4632 Sermonem
1202 4567 1257 4631 liei
1276 4584 1380 4630 verrom
1403 4585 1474 4630 esse
