3144 5236
471 399 604 444 aocrona
626 399 684 446 nro.
707 401 744 446 or
765 399 899 448 sonus,
1062 409 1065 417 ·
1224 383 1293 450 ²43

103 547 179 610 laris
204 547 326 612 deorum
363 549 409 612 vel
437 549 574 614 Bellonae
610 552 705 615 moris
732 551 863 615 mambra
891 569 945 616 soa
970 569 1071 616 secam
1096 562 1295 618 mondaverat

104 631 210 704 imant
238 633 269 696 in
297 634 399 698 llinut
427 653 489 715 cao.
519 639 571 701 tt).
599 637 662 700 Art.
689 639 719 701 l.
748 646 777 698 et
797 637 923 700 lliseort.
944 636 976 700 in
996 637 1128 702 bastani.
1150 657 1213 718 cap.
1235 641 1288 704 34.

101 717 143 778 lm
163 722 209 794 1.).
252 717 295 782 ue
317 719 375 782 boo
394 729 491 784 autem
519 721 677 800 arobigallo
698 721 747 784 illo
769 721 856 801 pardo
878 729 963 802 post,
995 740 1030 783 ao
1050 741 1109 784 nos
1128 723 1165 784 de
1186 723 1236 786 illo
1259 733 1292 788 ot

99 801 145 864 aliis
163 803 241 881 gallis
263 803 331 868 alibi
353 804 568 868 disseruimus:
596 811 688 889 Atqara'
707 825 830 888 conpar
851 819 904 880 sat,
926 806 1030 886 inquit,
1053 812 1152 870 smitam
1166 810 1290 888 suroris

97 899 119 948 st
133 906 187 950 sas
207 893 288 952 ratio
310 901 357 952 ost
376 894 580 969 instigationis
602 891 633 954 in
655 891 713 954 illis
734 901 821 970 atquc
842 892 872 954 io
894 911 940 964 eo,
963 891 1012 970 qui
1028 893 1087 954 sili
1098 890 1290 974 erchenbre-

95 983 171 1044 acri,
190 973 219 1034 id
241 982 290 1036 est
316 992 349 1035 se
371 974 482 1054 iugulat
508 983 558 1037 adt
586 975 712 1054 ψιίιιιιιι
741 995 827 1039 saum
854 975 982 1038 demittit
1014 976 1046 1037 in
1074 976 1170 1055 gadam
1198 979 1289 1052 t'l'ar·

95 1057 184 1120 tullian
206 1057 301 1134 ibid).
344 1059 379 1122 lu
406 1059 518 1146 nocuis
546 1069 642 1122 autem
670 1061 820 1124 codicibus
849 1060 1057 1140 manuscriptis
1078 1079 1133 1140 pro
1157 1081 1290 1142 omar,

93 1139 196 1204 ldelm
227 1161 387 1224 comparo,
423 1143 504 1223 qaod
534 1145 591 1206 etsi
620 1151 790 1226 oornrptuol
817 1146 902 1226 olane
929 1145 1078 1218 ridentur,
1114 1165 1169 1208 suo
1192 1150 1290 1210 lamen

93 1243 196 1302 prorsus
216 1245 276 1289 non
298 1237 379 1290 caret
398 1247 500 1292 sensu.
542 1229 580 1290 lt
599 1229 745 1293 llinuoins
765 1230 853 1304 Felix,
876 1230 1123 1310 quemadmodum
1145 1249 1200 1292 suo
1222 1232 1289 1293 loco

92 1311 289 1383 annotavimus,
322 1313 409 1392 paulo
437 1313 537 1386 aliter,
568 1315 621 1376 sed
648 1315 774 1378 eundem
801 1315 832 1377 in
862 1315 950 1379 baem
977 1315 1049 1376 dixit
1070 1315 1234 1388 (dissertat
1257 1315 1289 1378 in

92 1393 175 1458 boos
196 1415 257 1476 mp.
280 1401 332 1462 20.
355 1399 417 1460 Art.
439 1401 498 1474 3.):
526 1399 590 1460 Por
611 1405 644 1462 aia
664 1400 727 1463 a'llir
749 1405 903 1482 instigatio
924 1402 1086 1471 domanio,
1110 1402 1161 1462 aed
1182 1402 1291 1482 disper

91 1493 279 1557 crumentum
293 1485 427 1561 suroris.
456 1483 531 1546 Nam
552 1484 654 1546 cadem
676 1493 723 1546 est
744 1485 896 1564 nudosque
918 1485 949 1546 in
970 1485 1106 1546 ethnicos
1127 1503 1288 1563 argumen-

92 1563 163 1637 tatio,
192 1585 248 1645 qua
268 1568 388 1630 illorum
410 1586 542 1630 errorem
562 1569 703 1632 radicitus
724 1569 859 1632 evellunt.
903 1569 1014 1630 Videtis
1036 1569 1140 1632 citatos
1161 1590 1179 1631 a
1200 1570 1288 1632 nobis

91 1646 113 1708 io
137 1649 180 1712 ills
205 1651 411 1716 dissertatione
433 1652 583 1716 Ciceronis
612 1654 649 1716 de
675 1653 854 1717 divinatione
882 1661 912 1715 ct
931 1654 1085 1733 Augustini
1107 1654 1229 1716 lotidem
1250 1656 1290 1718 de

89 1731 246 1796 divinatione
266 1737 444 1800 daemonum
465 1737 569 1800 libros.
614 1779 621 1790 ι

162 1819 201 1879 lix
220 1821 360 1884 hactenus
381 1841 471 1902 porro
499 1823 654 1901 disputatis
676 1823 741 1901 quis
769 1841 830 1886 non
857 1823 936 1886 videt
967 1823 1042 1884 banc
1069 1831 1149 1886 recte
1170 1843 1188 1885 a
1210 1825 1287 1886 'ler-

89 1901 198 1964 tulliano
218 1905 277 1968 elici
299 1906 544 1970 conclusionem?
588 1908 619 1970 Si
641 1908 774 1987 malignis
797 1908 974 1970 daemonum
1001 1907 1128 1982 artibus,
1167 1909 1287 1972 fallaciis

88 2005 119 2046 ac
136 1990 290 2069 praestigiis
314 2011 349 2054 ea
371 2000 451 2054 extra
473 1991 594 2054 solinum
613 2001 735 2054 murrae
756 1994 891 2055 ordinem
913 1995 986 2056 lacta
1009 2001 1088 2066 suot,
1117 2011 1191 2072 quae
1212 2013 1287 2073 gen-

90 2071 144 2132 tilos
174 2073 225 2136 diis
250 2077 315 2138 sois
347 2076 529 2150 tribuebant,
563 2095 632 2155 ergo
661 2077 727 2140 lalsi
754 2086 823 2140 sunt
850 2077 881 2138 bi
909 2095 1013 2138 omnes
1036 2076 1075 2138 dii
1098 2086 1128 2138 et
1149 2079 1221 2138 lalsa
1243 2086 1291 2140 est

91 2157 229 2222 eorundem
256 2161 410 2240 gentilium
438 2180 473 2224 ao
498 2181 566 2224 vera
595 2161 827 2224 Christianorum
861 2162 975 2241 religio.
1028 2159 1065 2222 lli
1087 2163 1166 2223 enirn
1188 2163 1290 2224 colunt

93 2241 189 2304 unimm
209 2253 238 2306 et
259 2246 495 2324 omnipotentem
518 2247 627 2318 neum,
649 2247 732 2309 cuins
754 2248 816 2309 sola
835 2255 999 2327 potestate,
1022 2247 1128 2308 ceteris
1150 2247 1288 2310 omnibus

94 2327 230 2404 amerinae,
253 2349 327 2394 vera
348 2333 486 2394 miracula
509 2331 572 2393 lieri
593 2342 730 2412 possunt.

567 2517 735 2568 tuttcuttls
752 2518 787 2567 Vl.

443 2589 451 2610 Ι

105 2613 138 2662 dl!
155 2617 221 2664 ulons
246 2620 401 2664 Tertullianus
428 2623 564 2665 demonstret
581 2633 632 2674 eos,
659 2623 695 2676 qul
714 2621 741 2665 dn
760 2621 802 2664 deo
820 2621 863 2676 pati
881 2619 1037 2673 aestimantur,
1063 2621 1100 2675 qul
1119 2621 1163 2663 aris
1180 2619 1287 2672 lnbnlant,

100 2680 129 2733 Ν
140 2695 200 2732 mss
218 2689 246 2733 ds
266 2690 348 2734 nldors
367 2689 498 2744 concludunt,
516 2689 625 2734 ructando
643 2697 758 2740 conantur,
776 2689 890 2744 prodantur
907 2689 1045 2738 annotandae
1064 2699 1106 2732 nac
1124 2687 1288 2742 nonvlrglnsm

99 2748 197 2808 &distein
214 2759 343 2812 pluviarum
362 2757 544 2812 pollicitatrioom,
562 2765 585 2801 nt
606 2757 770 2812 Aesculapium,
789 2757 832 2800 alta
850 2755 885 2800 dle
903 2756 1024 2807 Socordio,
1048 2755 1155 2800 Theonda
1173 2762 1195 2799 et
1210 2756 1288 2800 Ascle·

119 2819 189 2874 pindaro
206 2825 262 2869 ritae
281 2825 507 2879 subministratorem,
525 2837 602 2870 cuma
623 2824 751 2868 Christiania
768 2823 934 2880 ¹adiuuabantur,
952 2831 1004 2870 tuno
1020 2825 1095 2880 palam
1112 2823 1253 2880 respondisse

458 2905 483 2936 se
502 2905 545 2936 non
563 2905 615 2938 osse
633 2893 695 2944 daos,
713 2891 752 2935 sad
769 2892 898 2934 daemones.

154 3003 239 3068 llulto
268 3023 345 3070 sane
373 3006 489 3086 longius
516 3005 704 3088 progreditur
732 3005 927 3068 Tertullianus
953 3013 983 3066 et
1008 3011 1179 3083 argumento
1200 3003 1288 3083 longo

91 3083 220 3152 eldradmi
242 3111 282 3154 ac·
299 3100 403 3154 contm
424 3091 503 3170 quod
526 3111 563 3153 oc
584 3091 691 3153 mutire
713 3091 830 3168 quidem
858 3089 967 3152 etbnici
992 3089 1138 3150 audebant
1166 3088 1288 3150 eviden-

91 3167 181 3234 tissime
201 3177 389 3238 demonstrat
410 3177 507 3237 omnia
530 3176 577 3237 illa
599 3175 748 3246 miracula,
777 3175 893 3235 oracula
916 3182 945 3235 et
965 3174 1030 3245 alia,
1051 3193 1126 3252 quae
1146 3174 1177 3234 bi
1199 3191 1289 3252 supra

90 3252 151 3316 vires
171 3257 311 3324 humanas
333 3281 351 3322 a
373 3260 429 3322 diis
453 3262 515 3323 suis
536 3270 599 3322 aeta
620 3279 686 3322 esse
709 3259 911 3332 venditabant,
939 3258 975 3321 ab
996 3258 1071 3337 ipsis
1094 3257 1288 3320 daemonibus

89 3355 142 3400 eoae
171 3344 240 3408 lacta
277 3365 314 3410 ac
349 3346 475 3424 proinde
506 3365 581 3424 quos
615 3341 751 3406 dicabant
777 3345 851 3406 deos
888 3361 955 3406 esse
981 3361 1081 3404 revera
1116 3343 1287 3404 daemones.

89 3419 170 3502 denne
189 3432 267 3494 onim
290 3431 402 3510 privata
424 3430 554 3492 bominis
576 3431 698 3495 alicuius
720 3429 893 3492 auctoritate
927 3436 977 3490 aut
1004 3427 1117 3489 ratione
1146 3429 1206 3489 ullo
1228 3428 1288 3489 bn·

90 3523 159 3570 mmo
184 3512 304 3594 ingenio
339 3515 499 3594 excogitata
527 3515 557 3576 id
584 3515 705 3595 prohat,
728 3515 781 3577 sed
802 3514 919 3593 publico
953 3513 1076 3575 nodato
1099 3531 1198 3574 eoram
1219 3511 1288 3590 qai-

89 3587 196 3658 budibet
215 3600 377 3679 gentilibus
398 3601 595 3679 ipsorummet
617 3599 786 3662 testimonio
808 3599 940 3662 deorum.

156 3681 256 3746 'lolius
279 3693 377 3748 antem
400 3685 488 3748 boios
510 3684 772 3763 argumentationis
801 3701 914 3746 summa
942 3681 1015 3743 baec
1036 3689 1084 3742 est
1104 3677 1289 3750 (Tertiallian.

89 3757 218 3844 loningen,
241 3788 307 3848 cap.
329 3772 410 3846 ild:
444 3769 627 3848 Quocunque
655 3768 800 3830 daemone
827 3776 877 3829 aut
910 3765 1062 3846 quibusvis
1096 3759 1288 3856 daemonibus

89 3841 161 3910 bono
180 3862 280 3931 agatur
304 3854 366 3916 sive
387 3854 464 3916 malo
487 3873 588 3916 eorum
611 3852 734 3930 agitetur
755 3852 871 3930 spiritu,
894 3851 1050 3912 cuiuslibet
1075 3847 1162 3909 etiarn
1188 3845 1288 3906 bomi-

90 3929 125 3989 ssis
148 3953 250 4016 eorpus
279 3937 317 4000 ab
344 3939 382 4000 iis
412 3938 597 4012 obsideatur,
629 3937 718 3998 iidem
747 3937 906 3998 dumonss
927 3935 965 3998 ab
986 3935 1043 3996 illis
1066 3929 1203 3992 omnibus
1225 3927 1289 3990 soln

90 4011 305 4084 Christianorum
327 4023 509 4084 adiuratione
531 4032 561 4084 et
582 4021 771 4094 exorcismis,
804 4030 854 4083 aut
882 4020 947 4082 solo
982 4019 1096 4079 adtactu
1134 4022 1187 4111 aut
1217 4014 1289 4110 data

90 4103 223 4189 adeon
245 4107 441 4188 expelluntur.
483 4108 569 4187 Atqui
598 4115 683 4178 tunc,
715 4106 832 4168 tametsi
865 4103 947 4166 inviti
979 4121 1035 4163 noc
1064 4117 1190 4160 maxima
1223 4117 1289 4160 sune

90 4189 229 4258 montoir
263 4192 455 4266 eiicereotur,
488 4193 583 4271 palam
614 4210 649 4254 ao
679 4209 778 4252 coram
811 4189 948 4252 omnibus
979 4184 1105 4248 ethnicis
1139 4182 1287 4263 cogeban-

91 4273 128 4330 llt
154 4274 238 4338 trun
267 4295 301 4337 so
335 4293 395 4338 non
427 4277 515 4352 deos,
544 4277 594 4339 ‘uti
628 4275 750 4355 gentiles
783 4273 970 4345 alludebant,
1007 4269 1060 4330 sed
1087 4287 1190 4330 meros
1216 4285 1289 4364 essa

90 4348 246 4504 moen,
279 4361 399 4424 unicum
425 4379 495 4424 nero
522 4381 589 4424 esse
617 4361 728 4434 Deum,
760 4376 848 4439 quem
880 4355 1038 4420 obristiana
1064 4353 1138 4418 fides
1167 4353 1237 4414 colrt
1258 4359 1296 4414 at·

145 4525 228 4594 ¹Cum
249 4549 300 4594 res
321 4549 393 4610 ergo
414 4531 454 4594 ita
476 4530 531 4604 sit,
563 4530 632 4592 inde
652 4530 763 4592 Auctor
787 4534 891 4589 nostor
910 4531 990 4586 recte
1011 4523 1171 4586 concludit:
1207 4522 1290 4595 Quid·

92 4604 137 4668 iota
156 4629 242 4694 opere
262 4615 478 4697 monticulos?
524 4616 604 4689 Quid
632 4615 685 4678 boc
708 4615 889 4696 prolatione
916 4607 1063 4692 fidelius?
1106 4606 1300 4690 Simplicitas.

1033 4708 1086 4763 ld*
