3132 5238
180 419 182 424 ’
280 401 323 464 50
499 409 690 456 ntssnurs'tm
713 409 752 452 DE
775 407 969 452 cenantium
989 407 1057 452 ilua
1078 407 1116 450 ET
1139 407 1270 451 stateris

281 565 372 648 Aphd
381 583 447 636 noa,
462 563 565 644 inquit,
580 573 616 624 ut
627 562 743 624 ethnico
752 579 822 644 por,
844 565 903 623 imo
916 572 944 623 et
956 559 1210 642 superationem
1228 555 1396 622 haereticus
1414 562 1508 621 etiam

173 659 176 666 '
280 669 340 734 per
362 652 508 730 baptismo
530 652 668 710 veritatis
684 657 813 726 utroque
829 646 945 708 homine
957 656 1110 726 purgatus
1127 646 1306 708 adnectitur.
1337 643 1418 704 Illinc
1432 663 1506 705 vero

283 735 370 814 longe
393 735 485 812 magis
507 730 659 812 probabile
681 739 728 792 est
740 730 938 809 Augustiunm
960 729 1061 792 oculos
1077 729 1286 792 intendissem
1302 727 1409 789 hhrum
1424 728 1506 789 Ter-

283 818 395 882 tulliani
417 818 454 879 de
475 816 673 890 Poenitentia,
702 833 790 894 quem
812 815 877 895 ipse
899 814 1031 876 excisum
1053 815 1155 875 volens
1178 821 1316 875 retractat
1337 812 1394 874 iam
1417 813 1507 875 lion-

283 905 392 968 tanista
419 901 486 963 libri
513 903 549 963 de
569 897 712 963 Pudicitia
741 918 804 980 cap.
829 905 857 963 l.
894 900 964 962 Erit
985 904 1087 980 igitur,
1110 899 1213 978 iuquit,
1236 910 1265 961 et
1288 899 1335 960 llic
1355 899 1508 960 aduersam

282 989 441 1069 Psycbieoa
464 986 581 1057 diulus,
604 987 751 1048 adversus
771 1003 853 1046 meuc
875 1003 989 1066 quoque
1010 988 1174 1047 sententiae
1203 995 1288 1046 retro
1317 1001 1410 1064 perrea
1431 983 1508 1045 iilos

282 1071 470 1145 societatem,
504 1089 561 1154 quo
582 1076 676 1150 mayn
699 1069 753 1132 boc
774 1070 848 1131 mili
868 1073 900 1130 in
927 1081 1030 1132 notem
1058 1069 1189 1131 leuitatis
1218 1069 1371 1130 obiectent.
1417 1067 1509 1139 erod

283 1157 387 1220 sedulo
410 1163 552 1217 annotare
574 1163 621 1215 est
642 1173 749 1234 operae
772 1154 915 1232 pretium,
938 1162 972 1215 ut
991 1153 1027 1215 ab
1050 1153 1161 1214 insulsa
1184 1152 1302 1231 Georgii
1323 1151 1507 1213 Ambianen-

283 1243 326 1304 sis
354 1241 473 1322 querela
499 1239 640 1300 liberetur
665 1238 863 1317 Augustinus,
896 1257 983 1318 quem
1009 1239 1046 1299 de
1074 1237 1253 1299 Tertulliano
1281 1255 1342 1298 non
1371 1253 1426 1297 suo
1451 1237 1507 1298 sed

282 1325 361 1406 vulgi
384 1343 475 1386 sensu
497 1324 628 1386 locutum
650 1323 807 1396 existimat,
831 1324 900 1385 dum
915 1323 1126 1384 Tertullianum
1148 1323 1185 1384 ad
1200 1321 1396 1402 Cataphrygas
1420 1329 1506 1382 tran-

283 1411 384 1484 siisse,
406 1428 482 1489 quos
505 1416 589 1470 antea
611 1409 806 1482 destruxerat,
828 1407 1040 1487 pronunciavit.

367 1495 462 1556 Porro
484 1493 552 1555 licet
573 1493 608 1554 ab
631 1493 797 1554 orthodoxo
820 1492 962 1571 scriptum
983 1493 1020 1553 de
1033 1491 1184 1572 baptismo
1207 1491 1314 1552 librum
1336 1490 1508 1552 existiment

284 1580 427 1661 plerique,
449 1587 519 1640 sunt
540 1586 637 1639 tamen
652 1577 784 1640 nonnulli
800 1595 876 1656 quos
887 1576 964 1638 illins
980 1584 1067 1656 eaput
1081 1576 1298 1656 quindecimum
1314 1577 1352 1636 ita
1366 1593 1504 1636 comnm-

283 1674 347 1738 vet,
378 1681 413 1725 eo
443 1662 554 1724 scilicet
582 1661 675 1740 capite
697 1661 913 1724 haereticorum
933 1661 1112 1741 baptismum
1135 1661 1273 1723 exsufflat
1293 1659 1502 1732 Tertullianus,

284 1757 319 1810 ut
339 1765 399 1808 nou
421 1745 571 1808 minimam
594 1746 809 1808 ecclesiasticae
831 1746 862 1807 in
878 1766 913 1808 eo
929 1746 1049 1826 negotio
1065 1745 1215 1807 traditioni
1230 1747 1342 1827 plagam
1356 1742 1502 1804 indixisse

284 1833 376 1905 illurn,
400 1838 430 1891 et
450 1830 601 1910 Agrippiui
624 1830 763 1904 concilio,
786 1850 844 1910 quo
861 1832 993 1892 'luxatam
1014 1831 1117 1892 volunt
1136 1830 1285 1892 Ecclesiae
1308 1831 1336 1892 in
1358 1847 1391 1890 ea
1411 1846 1504 1889 causa

285 1915 484 1995 disciplinam,
514 1914 677 1994 praeivisse
706 1915 874 1976 existiment
902 1923 931 1976 et
958 1923 1183 1995 conquerantur.
1237 1916 1279 1977 lta
1299 1913 1443 1976 Beronius
1467 1913 1506 1974 ad

284 2019 393 2064 annum
403 1998 519 2061 Domini
542 1998 674 2061 CCXVII.
697 2003 748 2077 56.
771 2005 801 2065 5.
825 2003 854 2065 6.
879 2003 919 2073 7.,
946 1999 1014 2060 licet
1034 2009 1105 2080 post
1126 2001 1220 2061 varias
1243 1999 1377 2080 querelas
1400 1999 1505 2058 desul-

244 2133 245 2147 ,
283 2085 360 2148 toria
381 2084 497 2146 levitate
518 2093 658 2162 tantoque
678 2084 741 2144 viro
768 2084 886 2164 indigna
908 2083 937 2144 in
959 2084 1071 2146 incerto
1093 2085 1239 2164 relinquat
1259 2089 1288 2162 ς.
1302 2087 1342 2158 8.,
1366 2101 1403 2144 au
1426 2082 1506 2142 Ter-

284 2169 422 2237 tullianus
444 2168 604 2248 Agrippino
626 2167 794 2247 praeiverit,
816 2189 853 2230 an
874 2177 976 2230 contra
998 2168 1175 2249 Agrippinas
1189 2169 1378 2232 Tertulliano.
1402 2165 1508 2241 Quint

284 2254 365 2334 qnod
385 2253 461 2314 hauc
482 2260 604 2314 censent
625 2251 672 2314 alii
694 2271 812 2314 oausam
835 2254 929 2316 ruisse
950 2253 989 2316 oh
1011 2271 1099 2333 quam
1121 2254 1265 2316 aelericis
1280 2253 1429 2316 Ecclesiae
1441 2253 1507 2314 llo·

283 2357 405 2410 manae,
428 2338 532 2398 avitam
554 2337 798 2399 consuetudinem
820 2357 836 2398 a
859 2337 1038 2400 Tertulliano
1060 2357 1147 2417 aegre
1170 2339 1290 2400 convelli
1312 2338 1507 2417 patientibus,

286 2422 376 2484 inerit
391 2422 494 2483 durius
506 2430 657 2501 exceptus,
680 2441 723 2496 ae,
747 2430 780 2482 ut
789 2422 919 2501 loquitur
930 2422 1137 2502 Hieronymus,
1153 2423 1338 2486 coutumeliis
1350 2431 1506 2483 oneratus.

368 2508 478 2568 Verenn
497 2514 531 2567 ut
552 2507 583 2590 hi
604 2505 755 2586 indulgent
776 2507 843 2586 plus
865 2525 959 2584 aequo
982 2507 1213 2586 suspicionibus,
1237 2507 1281 2568 sic
1301 2507 1341 2567 illi
1365 2516 1435 2568 sunt
1449 2508 1506 2568 ad-

285 2609 399 2662 versus,
413 2591 623 2652 Tertullianum
645 2591 742 2652 minus
766 2591 860 2670 aequi.
890 2591 936 2652 Nil
958 2592 1089 2653 enimin
1111 2612 1146 2654 eo
1169 2593 1263 2672 capite
1285 2592 1506 2652 delenditTer-

264 2675 422 2736 .tulhanus
451 2694 538 2754 quam
559 2676 636 2754 quod
659 2683 726 2736 ante
748 2675 843 2750 illum,
871 2693 942 2736 num
965 2675 995 2737 id
1016 2675 1052 2736 ab
1081 2677 1224 2756 apostolis
1247 2677 1364 2738 tinxerit
1401 2695 1508 2749 necne,

284 2759 411 2820 viderint
438 2759 485 2820 alii
508 2759 673 2822 traditionis
696 2761 768 2821 tanti
790 2761 1061 2842 depraedicatores,
1091 2760 1386 2824 solemni·consensu
1409 2763 1509 2823 iuerat

283 2862 352 2907 rece
374 2851 446 2904 tum.

353 2863 477 2990 pFateor
498 2928 670 3002 Eusebium,
693 2945 759 2989 curu
781 2928 831 2989 lib.
844 2929 905 2990 Vll.
927 2947 990 3009 cap.
1007 2932 1036 2994 3.
1060 2931 1097 2991 de
1118 2930 1319 2991 controversia
1340 2929 1419 2990 inter
1433 2929 1509 2991 Ste-

284 3012 414 3092 phanum
443 3013 642 3074 Romanorum
672 3012 844 3092 episeopmn
872 3021 902 3074 et
924 3014 1099 3094 Cyprianum
1126 3014 1394 3092 Carthaginiensem
1421 3025 1510 3077 mota

283 3097 430 3175 loquitur,
453 3098 526 3158 hacc
552 3097 660 3158 hahere
682 3097 712 3157 in
736 3097 878 3177 Stephani
900 3099 1036 3177 gratiam:
1060 3099 1231 3180 Stephanus
1254 3099 1333 3161 ru'hil
1352 3103 1425 3161 noui
1445 3113 1507 3162 unt

285 3180 379 3242 alieni
399 3199 418 3240 o
439 3183 603 3243 traditione
624 3182 886 3262 coapostolorum
902 3184 1084 3263 temporibus
1101 3185 1238 3260 derr'yotc
1250 3184 1432 3246 moliendum
1448 3203 1509 3245 or-

288 3263 419 3326 ditrotus
449 3264 503 3326 boc
532 3266 566 3327 de
595 3271 751 3342 renniaco
773 3267 962 3352 cebernenter
984 3278 1146 3330 commotus
1169 3270 1240 3349 (uit.
1284 3270 1393 3330 Verum
1414 3277 1510 3331 ntea

286 3347 427 3410 adversus
450 3348 611 3410 Eusebium
636 3369 697 3410 non
725 3369 858 3429 regeram
880 3370 954 3430 quae
976 3353 1062 3413 aliert
1084 3351 1244 3432 Cyprianus
1268 3353 1298 3413 in
1320 3352 1448 3433 epistola
1473 3355 1510 3416 ad

285 3430 476 3510 Pompeium,
502 3440 535 3498 ut
555 3433 695 3512 Stephani
717 3435 867 3496 decretmn
888 3435 925 3496 ad
947 3437 1137 3517 apostolicam
1160 3437 1362 3500 auctoritatem
1383 3437 1510 3500 minime

286 3533 380 3596 posse
406 3516 509 3577 reterri
536 3517 725 3597 comprobet,
748 3519 813 3597 quis
842 3521 945 3595 nescit,
974 3541 1040 3583 cum
1067 3522 1165 3583 nullus
1188 3522 1337 3601 Stephano
1361 3523 1509 3584 adversus

288 3599 464 3680 cyprianum
486 3600 517 3660 in
539 3601 667 3663 occiduis
690 3603 822 3682 partibus
844 3611 894 3665 ant
916 3606 944 3665 in
962 3605 1082 3667 Oriente
1103 3607 1216 3667 venerit
1238 3607 1401 3686 suppetias,
1427 3607 1510 3688 Cap-

286 3684 436 3766 padociae,
460 3683 600 3759 Orientis,
621 3687 752 3768 Aegypti,
773 3687 860 3750 Asiae
886 3689 1043 3769 episcopos
1065 3691 1181 3771 publice
1202 3709 1289 3752 suum
1304 3691 1511 3771 rebaptizandi

286 3769 452 3834 haereticos
474 3787 587 3832 morem
609 3790 662 3849 pro
684 3772 845 3851 apostolica
867 3773 1023 3852 traditione
1044 3773 1236 3837 venditasse?

373 3854 447 3927 Quis
476 3871 567 3933 porro
594 3855 689 3916 nescit
715 3876 772 3936 qua
798 3856 912 3919 ratione
940 3867 1001 3920 tota
1029 3859 1102 3922 haec
1136 3860 1166 3920 in
1196 3860 1315 3940 Synodo
1341 3861 1512 3924 Arelatensi

287 3938 357 4002 anni
389 3938 532 4000 CCCXlV.
564 3940 726 4018 composita
757 3942 846 4004 luerit
878 3943 1099 4020 controversia?
1157 3944 1304 4008 Censebat
1335 3945 1511 4026 Stephanus

287 4021 469 4101 baptismum
500 4023 740 4103 qualemcumque
772 4035 802 4086 et
829 4047 845 4088 a
873 4027 1105 4109 quibuscumque
1137 4029 1293 4093 haereticis
1321 4031 1423 4093 datum
1452 4051 1511 4111 pro

288 4104 418 4184 legitimo
440 4125 509 4168 esse
531 4107 707 4169 habendum.
737 4108 882 4172 Cenaehat
903 4121 1004 4174 contra
1020 4113 1181 4194 Cyprianus
1202 4115 1381 4196 baptismum
1397 4129 1509 4195 quem-

290 4207 414 4268 cumque
441 4198 471 4252 et
497 4211 514 4252 a
541 4191 693 4271 quibusvis
721 4193 875 4258 haereticis
898 4196 1034 4260 collatum
1056 4218 1124 4262 esse
1146 4219 1200 4280 pro
1223 4201 1303 4262 nullo
1324 4200 1511 4264 habendum.

289 4273 340 4336 Sic
360 4291 451 4352 super
472 4294 506 4338 ea
528 4275 629 4338 statuit
650 4277 821 4355 quaestione
843 4282 982 4360 synodus,
1009 4301 1095 4362 quam
1116 4285 1276 4364 plenariam
1297 4285 1412 4366 passim
1435 4285 1514 4348 dixit

287 4357 487 4437 Augustinus,
515 4368 602 4440 atque
630 4361 765 4440 equidem
787 4363 858 4424 nulli
880 4366 1047 4429 celebritate
1069 4369 1217 4431 concedit:
1251 4370 1295 4442 De
1317 4369 1404 4448 Afris
1427 4372 1512 4452 quod

285 4446 419 4524 proprio
434 4443 496 4523 lege
508 4455 640 4510 utuntur
650 4458 685 4509 avt
695 4447 891 4528 rebaptizent,
904 4451 1021 4530 placuit
1030 4463 1073 4525 ut,
1087 4458 1116 4515 ai
1125 4453 1334 4517 odlicolericm
1345 4453 1460 4537 aliquis
1474 4457 1513 4517 de

289 4527 410 4592 haeresi
428 4533 554 4601 henorii,
575 4534 763 4613 interrogent
785 4552 851 4596 eum
872 4535 1051 4613 symbolum,
1074 4549 1104 4601 ei
1125 4543 1154 4602 ri
1169 4541 1360 4619 perviderint
1382 4559 1452 4602 eum
1475 4545 1511 4602 in

288 4612 391 4690 Putre,
413 4618 446 4677 in
467 4611 606 4687 retrone
628 4615 747 4696 Spiritu
769 4616 880 4682 Sancto
898 4620 1183 4712 'esae'boptizutum
1205 4643 1313 4688 monuo
1335 4628 1365 4688 ei
1384 4635 1514 4688 tontum
