3166 5250
255 363 323 434 468
358 381 551 428 nrssuttrtrto
566 381 597 424 lu
613 379 662 432 QU·
677 377 762 424 SEPT·
776 377 863 424 reon.
879 379 1074 424 restituunt
1088 375 1314 422 arctoosmcmt
1325 377 1413 424 ΕΒΗ.

256 533 333 598 uum
354 534 426 596 deos
448 531 590 596 colebant
634 530 671 592 bt
692 531 824 611 quinus
845 549 894 592 res
915 531 955 594 iln
978 529 1026 598 sit.
1048 528 1116 592 illos
1138 536 1236 590 umen
1258 547 1360 603 omnes
1384 545 1486 606 geue-

256 619 344 681 ratim
366 625 487 692 tantum,
509 635 569 678 non
590 634 660 678 vero
682 615 854 678 nominatim
875 613 1098 677 venerabantur.
1140 613 1213 676 Nam
1235 632 1290 676 eos
1311 631 1348 676 ue
1368 631 1485 675 nume-

259 722 326 766 rare
353 702 481 782 quidem,
511 709 620 780 quanto
648 701 747 762 minus
774 703 921 764 honorare
950 706 979 761 et
1006 699 1142 760 iuvocare
1164 695 1313 779 poterant!
1356 697 1484 760 Tertul-

259 789 355 850 banus
370 857 371 864 q
384 787 483 848 autem
510 786 546 847 de
568 785 673 866 topicis
696 792 727 847 et
749 784 944 866 singularibus
966 783 1022 845 diis
1045 782 1183 864 disputat,
1213 801 1288 864 quos
1308 781 1427 844 urbium
1452 791 1487 844 et

258 871 477 953 provInciarum
498 869 612 932 incolae
634 869 770 932 solebant
790 878 927 950 tanquam
949 868 1112 952 municipes
1135 887 1206 930 suos
1239 867 1336 930 colere
1357 886 1393 930 ac
1414 867 1485 929 suis

262 957 398 1018 invocare
420 954 601 1016 nominibus.
973 1017 977 1022 ,

344 1039 422 1113 Quid
454 1039 543 1120 Igitur
572 1039 688 1110 nurum,
711 1037 748 1100 'si
779 1037 820 1101 illi
848 1038 982 1118 plerique
1004 1036 1142 1099 omnibus
1164 1037 1222 1098 iam
1244 1036 1385 1116 incogniti
1407 1037 1484 1109 sint,

259 1125 345 1188 sicuti
366 1125 565 1187 Delumtiuus
593 1131 623 1184 et
646 1123 815 1186 Visida'oous
841 1123 873 1184 in
895 1122 1083 1202 llpologetico
1111 1121 1264 1195 nominati,
1294 1140 1328 1182 ac
1348 1121 1379 1182 iu
1402 1121 1484 1182 libro

259 1210 296 1273 ad
317 1209 458 1272 Nationes
478 1209 712 1284 Atheniensium,
746 1209 808 1268 sive
829 1206 928 1287 potius
951 1207 1195 1270 Atberot'eoslum
1209 1205 1412 1270 Numantinus
1434 1207 1485 1266 vel

259 1295 457 1358 Numantinus
490 1292 672 1367 (Tertullian.
694 1290 847 1380 bpologeq
870 1311 932 1370 cap.
955 1289 1007 1355 24.
1037 1299 1066 1353 et
1086 1291 1135 1352 lib.
1157 1290 1194 1354 Il.
1217 1290 1391 1352 ad.Nation.
1415 1309 1484 1372 cap.

260 1383 314 1457 8.).
344 1377 457 1440 IIornm
479 1377 556 1440 enirn
578 1386 608 1438 et
628 1376 751 1438 aliorum
775 1377 939 1456 topicorum
961 1377 1094 1448 deorum,
1124 1393 1249 1455 quorum
1270 1375 1404 1437 Infinitus
1425 1375 1487 1438 tuit

258 1461 645 1536 numerusnumerous
669 1462 727 1522 iarn
749 1479 766 1523 a
787 1462 875 1540 longo
898 1468 1031 1540 tempore
1054 1467 1154 1540 erepta
1178 1469 1233 1522 est.
1264 1460 1330 1521 Non
1352 1459 1484 1520 minoris

259 1559 358 1611 umen
386 1546 504 1608 roboris
525 1547 635 1608 idcirco
658 1552 705 1608 est
724 1545 860 1608 Auctoris
882 1546 978 1607 nostri
1001 1553 1214 1624 argumentum,
1237 1563 1295 1624 quo
1318 1549 1354 1606 en
1374 1544 1484 1606 bacte-

259 1652 317 1696 nus
345 1631 431 1695 dietis
459 1631 651 1694 meritissimo
680 1631 744 1692 iure
773 1629 921 1692 concludit
941 1627 1141 1709 ianuis'simos
1164 1647 1232 1692 esse
1253 1629 1388 1708 gentiles,
1411 1629 1485 1708 qui-

259 1718 315 1780 bus
338 1736 403 1778 cum
424 1724 557 1794 potestas
579 1727 661 1776 esset
681 1733 736 1796 pro
758 1715 841 1777 libito
864 1733 898 1776 ac
918 1713 1038 1775 libidine
1061 1714 1167 1776 lalsnm
1189 1713 1400 1795 quemlibetet
1415 1713 1485 1774 aliis

259 1800 396 1882 gentibus
418 1800 550 1879 ignotum
573 1799 660 1862 deum
682 1799 808 1875 colendi,
829 1817 891 1861 non
913 1798 1048 1860 sInebant
1067 1817 1170 1860 verum
1184 1799 1279 1860 Deum
1300 1798 1487 1860 aCbristia-

260 1886 309 1948 nis
331 1885 457 1948 adorari.

737 2133 856 2197 CAPUT
879 2134 1005 2198 XXVIII.

319 2255 411 2314 Quanta
429 2253 562 2304 insulsitate
581 2253 680 2303 Romani
698 2255 868 2370 venditeqerirqt
885 2269 912 2304 se
927 2271 972 2332 sna
991 2256 1014 2305 in
1034 2254 1092 2304 deos
1111 2256 1198 2320 pletate
1216 2257 1332 2307 meruisse
1351 2257 1430 2307 totius

764 2335 792 2370 or
810 2337 830 2371 rs
848 2337 983 2386 imperium.

799 2448 938 2460 ——-.-..

769 2537 936 2592 terremus
955 2539 974 2590 I.

262 2643 332 2694 Quam
350 2642 431 2685 fulsum
449 2643 477 2686 eit
494 2641 605 2686 Romanos
623 2643 734 2686 memisse
750 2643 818 2686 totIue
836 2643 895 2688 orbls
914 2651 986 2688 terrae
1004 2645 1137 2690 dornInaturn
1155 2657 1196 2690 sun
1213 2646 1294 2702 pletate
1312 2645 1334 2688 ln
1352 2646 1409 2690 deos
1422 2646 1486 2691 Ster-

262 2709 345 2763 culum,
364 2709 476 2761 llutinum,
494 2709 632 2763 Lurconem,
651 2710 768 2764 cybelem,
785 2709 873 2764 Iouem.
897 2711 1004 2756 Iunonem
1022 2713 1136 2768 altosque,
1162 2713 1199 2768 qul
1216 2713 1307 2769 paulam
1326 2725 1390 2758 suoru
1409 2717 1486 2770 magle

429 2789 495 2832 quarn
512 2777 623 2821 Romanos
641 2777 697 2821 tueri
716 2777 833 2831 debebant,
851 2779 932 2834 quique
951 2791 1028 2823 omnes
1045 2781 1089 2824 luto
1108 2780 1193 2836 obnoxii
1211 2783 1307 2825 luentnt.

345 2891 405 2953 Tot
424 2892 571 2972 mollique
592 2893 742 2954 rationum
763 2881 921 2956 momentis
944 2895 983 2956 ita
1006 2913 1138 2958 eversam
1159 2914 1176 2956 a
1198 2895 1379 2957 Tertulliano
1402 2897 1485 2958 vicli-

154 3020 157 3026 ·
262 2993 329 3038 mus
352 2974 454 3048 falsam
486 2977 637 3056 gentilium
670 2977 743 3040 deos
764 2977 850 3057 plane
872 2980 1090 3046 commentitios
1113 2979 1270 3042 colentium
1292 2980 1483 3060 religionem,

54 3122 57 3132 ,
156 3133 160 3140 ¹
259 3068 294 3122 ut
315 3060 424 3134 nullus,
448 3062 474 3122 si
496 3061 559 3124 sani
582 3061 685 3141 capitis
708 3062 747 3125 sit
767 3063 868 3137 bomo,
900 3063 1096 3126 iisrcluctari
1118 3081 1210 3143 posse
1231 3065 1375 3127 videaurr,
1420 3066 1482 3127 Sed

24 4663 32 4984 l
156 5031 160 5038 ,

261 3144 400 3222 quoniam
422 3165 457 3206 ea
478 3155 524 3208 est
545 3146 704 3208 errantium
725 3146 934 3227 plerorumque
956 3148 1109 3214 bominum
1131 3149 1301 3228 pervicacia,
1330 3159 1363 3211 ut
1384 3150 1483 3212 victos

261 3246 295 3290 se
316 3229 400 3290 fateri
421 3230 690 3308 nunquomaelint,
719 3239 821 3302 contra
858 3232 964 3294 ethnici
987 3233 1083 3295 adbuc
1103 3233 1296 3314 insurgebant
1322 3234 1482 3314 nubisque,

195 3357 198 3364 .
260 3310 302 3372 uti
325 3311 366 3372 ait
386 3311 592 3384 Tertullianus.
621 3315 798 3376 obiiciehant
818 3315 970 3380 llomouos
988 3337 1050 3398 pro
1071 3323 1178 3382 merito
1201 3319 1409 3400 relt'pt'ositota's
1433 3322 1482 3382 di-

264 3393 474 3474 liquotieu'mue
501 3403 535 3460 t'u
564 3409 682 3462 tontum
709 3400 819 3472 elutos,
853 3413 888 3464 ut
918 3403 1019 3465 orbem
1046 3408 1260 3484 occupaverint
1292 3403 1483 3477 (Tertullian.

259 3477 413 3558 Apologet
436 3499 498 3560 cap.
522 3485 573 3546 25.
596 3493 626 3544 et
645 3483 696 3544 lib.
718 3483 755 3544 II.
785 3485 820 3546 ad
842 3484 959 3547 NatIon.
981 3505 1043 3568 cap.
1069 3491 1141 3562 ltu,
1173 3487 1202 3549 id
1234 3496 1281 3550 est
1309 3507 1417 3568 magna
1450 3489 1482 3549 in

261 3561 335 3626 deos
362 3583 434 3626 suos
463 3566 569 3646 pietate
599 3576 627 3628 et
647 3567 790 3646 religione
811 3570 972 3632 meruerint
992 3591 1026 3634 ac
1048 3573 1198 3634 consecuti
1219 3572 1279 3636 sint
1299 3573 1392 3634 totius
1415 3583 1479 3635 ter-

261 3666 360 3710 rarum
383 3649 463 3712 orbis
485 3650 651 3730 imperium.
695 3651 834 3717 Existunt
861 3672 943 3733 ergo,
972 3655 1152 3735 inquiebant,
1179 3657 1210 3718 bi
1243 3657 1283 3718 dii
1311 3657 1482 3738 debentque

260 3733 297 3794 ab
320 3733 456 3796 omnibus
478 3734 648 3798 bominibus
670 3735 820 3799 honorari.
851 3738 956 3802 Totam
977 3749 1074 3802 autern
1096 3741 1478 3822 bancargumentationem,

261 3835 348 3897 qtram
379 3819 448 3880 abbi
479 3818 574 3882 fusius
608 3821 800 3900 eprouimus
833 3823 999 3898 (Dissertat.
1028 3826 1058 3886 in
1080 3825 1187 3888 IIinuc.
1211 3825 1311 3888 Oetae.
1338 3844 1405 3907 cap.
1430 3831 1482 3892 16.

259 3903 321 3964 brt.
344 3906 363 3968 2
386 3912 416 3966 ct
434 3895 491 3980 3.),
520 3904 718 3980 Tertullianus
747 3916 851 3969 noster
877 3909 963 3988 plane
992 3909 1125 3972 lrirolam
1147 3911 1314 3991 nulliusque
1335 3911 1478 3974 momenti

262 4005 329 4049 esse
350 3988 428 4050 baud
450 3989 597 4052 immerito
620 3989 787 4053 arbitratur.
823 3993 970 4074 Nequam
990 4003 1089 4056 tamen
1109 3995 1156 4056 rel
1177 3996 1330 4058 minimum
1352 3996 1479 4058 etbniois

259 4071 417 4150 praeberet
446 4073 621 4136 mussitandi
647 4075 755 4149 locum,
779 4077 876 4140 ¹variis
907 4078 1156 4157 responsionibus
1189 4081 1246 4142 boo
1277 4080 1483 4162 qualecunque

156 4217 159 4223 ,
251 4154 301 4215 sit
322 4167 526 4234 argumentum
547 4159 654 4222 refellit
674 4179 709 4222 ac
724 4161 858 4226 desuuit
1423 4193 1424 4198 ¹

345 4237 392 4302 bii
423 4243 530 4325 quippe
550 4244 769 4344 Romanorum·
785 4245 834 4343 'ait
863 4246 923 4320 ille,
953 4255 1003 4344 alut
1034 4249 1190 4346 vernaculi·
1208 4249 1341 4330 Ipsisque
1362 4251 1481 4347 prqpqii

260 4331 595 4490 ‘llllglltlffifl
612 4329 1115 4482 tttltttcl'ttttttt
1135 4333 1481 4482 Ibllmlltlffi

256 4424 338 4554 Iane
359 4492 527 4572 opinionem
549 4497 698 4561 irridentis
719 4500 809 4562 verba
831 4463 910 4574 sunt,
931 4501 1077 4566 Romanis
1098 4523 1118 4566 o
1139 4505 1196 4566 da't's
1215 4466 1276 4585 pri
1298 4507 1400 4584 probo
1422 4523 1479 4566 ee-
1557 4515 1559 4540 ⁴

252 4593 356 4658 penso
385 4589 440 4641 est.
483 4577 640 4646 Sterculus
667 4594 697 4647 et
723 4583 860 4650 llutt'uus
891 4598 921 4650 et
953 4587 1119 4652 Loreutiun
1143 4593 1290 4670 prouenit
1315 4591 1482 4670 imperium
