3126 5250
267 343 330 410 258
364 361 555 407 otssttttrttlo
571 362 602 405 lli
617 362 765 414 QUABPT.
780 361 1315 408 FLOR..TERTULLM1APOLOGETTCU!
1330 362 1418 406 GET'l'·

695 433 708 461 a

269 511 425 576 colubram
451 531 490 576 so
515 513 641 577 muliere
667 513 760 590 (lolem
781 512 832 574 lib.
854 513 891 574 de
912 512 1003 574 Pallio
1026 531 1088 594 cap.
1113 515 1166 590 1.).
1208 511 1247 574 lit
1271 512 1345 577 baec
1365 511 1481 592 quidem

170 637 176 660 .
270 596 359 658 buius
381 597 575 678 mimographi
596 605 712 678 poetae,
736 597 818 662 euius
841 597 909 660 alibi
930 597 1064 660 meminit
1075 597 1241 671 (Dissertat.
1256 596 1287 658 in
1301 597 1402 660 bliaut.
1419 597 1481 660 Oct.

268 699 331 778 cap.
355 684 384 828 'p
406 681 465 742 Art
491 687 543 760 l.),
570 692 641 745 sunt
667 683 795 744 carnum
822 699 839 744 a
865 681 988 754 Crinito,
1017 690 1050 744 ut
1077 681 1145 744 alibi
1166 681 1347 757 monuimus,
1375 683 1481 762 publici

266 781 341 829 mm
374 774 460 929 Ἣ
479 886 561 930 aune
583 870 618 932 de
638 869 719 931 mulo
744 870 899 942 bominem,
923 813 1079 932 colubrum
1100 869 1135 930 de
1156 867 1283 930 mouere

418 951 546 1016 Faciunt
568 963 597 1015 et
618 970 657 1014 aa
679 955 806 1017 diuersis
829 955 952 1016 diuersa
973 953 1045 1014 alia.

266 1057 418 1138 Frequens
440 1069 536 1124 autem
552 1063 627 1142 apud
643 1063 740 1125 varios
756 1063 928 1144 scriptores,
951 1081 984 1124 ae
998 1062 1172 1142 praesertim
1187 1059 1360 1123 Ciceronem
1376 1061 1480 1142 (llpist.
1547 1095 1548 1098 =

265 1143 430 1224 v11,2.p.
456 1149 530 1225 tn),
566 1147 740 1209 Suetonium
763 1148 859 1221 (Caes.
884 1167 946 1228 cap.
970 1149 1045 1224 39.),
1078 1156 1234 1226 utramque
1256 1147 1398 1208 Senecam
1433 1147 1481 1223 (lle

266 1225 313 1290 lra
335 1247 398 1308 cap.
423 1234 471 1293 11.
495 1239 526 1292 et
546 1232 685 1294 Controv.
708 1251 737 1312 p.
760 1235 856 1309 213),
878 1232 982 1293 Aulam
1006 1230 1130 1294 Gellium
1152 1231 1198 1304 (N.
1213 1233 1246 1291 Α.
1262 1231 1285 1305 l,
1304 1235 1334 1294 7.
1358 1231 1434 1302 xvi,
1458 1235 1482 1295 7.

267 1321 297 1374 et
307 1314 350 1390 9.)
384 1332 417 1374 ae
438 1315 618 1377 llaerobium
640 1317 768 1391 (Satum.
792 1317 828 1391 ll,
851 1319 881 1381 3.
905 1325 934 1378 et
954 1317 1014 1390 vlt,
1037 1319 1080 1393 3.)
1113 1316 1201 1378 buius
1223 1315 1341 1377 Laberii
1363 1317 1481 1390 mentio,

267 1397 303 1458 de
326 1417 384 1477 quo
407 1410 525 1478 praeter
546 1411 660 1464 ceteros
683 1401 821 1484 Horatius
844 1402 916 1478 (Sat.
939 1401 963 1476 l,
988 1405 1037 1475 10,
1061 1403 1103 1477 6.)
1126 1401 1245 1462 cecinit:

419 1499 479 1564 Nec
501 1515 601 1566 tamen
622 1503 676 1566 lroc
698 1504 836 1566 tribuens
858 1503 987 1566 dederim
1009 1521 1122 1584 quoque
1144 1513 1251 1564 cetera.
1280 1501 1357 1564 Nom
1378 1507 1424 1564 sia
1548 1537 1549 1582 3

419 1584 457 1646 Bt
479 1586 588 1650 labari
607 1591 712 1650 mimos
735 1599 764 1649 et
782 1587 912 1666 pulchra
929 1592 1070 1668 poe'rnata
1091 1590 1194 1650 mirer.

350 1693 457 1754 Verum
483 1694 557 1756 baec
583 1707 645 1758 erat
676 1697 860 1758 ethnicorum
882 1696 995 1759 insania
1021 1697 1107 1776 isque
1135 1695 1278 1757 adversus
1301 1695 1483 1758 Christianos

167 1785 170 1792 ⁴
268 1776 367 1848 luror,
399 1783 432 1838 ut
459 1784 561 1859 opinio
590 1782 768 1858 christiana,
802 1782 878 1843 sicat
904 1789 983 1843 recte
1004 1779 1113 1844 luctor
1140 1789 1244 1842 noster
1271 1780 1325 1842 alio
1352 1780 1385 1840 in
1404 1780 1482 1842 libro

267 1859 322 1936 (lto
350 1859 433 1922 Test.
461 1863 582 1927 Animae
604 1885 666 1945 cap.
689 1870 732 1941 4.)
766 1866 980 1940 animadvertit,
1012 1870 1069 1930 etsi
1096 1867 1252 1928 honestior
1273 1865 1481 1944 Pythagorica,

268 1963 344 2024 guae
367 1955 395 2008 te
416 1950 448 2007 in
470 1948 580 2012 bestias
602 1952 770 2030 transfert,
800 1957 860 2014 etti
881 1951 1005 2031 plenior
1026 1949 1195 2026 Platonica,
1223 1969 1298 2030 quoe
1320 1952 1376 2012 rita·
1398 1955 1481 2016 enan

266 2031 365 2094 dotem
387 2038 526 2112 corporis
548 2036 661 2108 reddit,
686 2039 744 2099 etsi
762 2035 912 2115 Epicureo
932 2041 1066 2116 grauior,
1090 2053 1164 2116 quae
1187 2044 1215 2098 te
1237 2035 1274 2096 ab
1289 2037 1419 2097 interitu
1433 2037 1479 2096 de-

264 2115 379 2193 studit,
404 2127 502 2184 tamen
521 2131 654 2201 propter
674 2138 782 2183 namen
804 2119 903 2183 solum
918 2120 1163 2182 Christianorum
1177 2123 1307 2180 uanitate·
1320 2129 1349 2180 et
1364 2122 1479 2200 stupore·

266 2208 306 2274 et,
327 2208 364 2261 ut
388 2201 508 2275 dicitur,
530 2208 773 2286 praesumptioni
798 2207 972 2285 deputatur.
1016 2203 1092 2266 Satis
1121 2211 1217 2265 autem
1239 2202 1398 2283 gentilibus
1421 2221 1471 2264 noa

266 2281 321 2344 luit
350 2283 427 2345 banc
454 2285 688 2351 Cbmstiamrum
716 2290 822 2352 ceteris
851 2289 1004 2351 meliorem
1032 2289 1208 2350 sententiam
1235 2288 1361 2350 relicere
1401 2295 1472 2368 algae

267 2367 450 2446 adspernari,
484 2373 536 2434 sed
564 2373 600 2434 ab
628 2375 672 2437 eis
695 2375 880 2437 christianus
913 2375 991 2436 illius
1026 2373 1166 2434 defensor
1200 2372 1349 2452 lapidibus
1380 2377 1475 2454 magis,

266 2451 323 2513 alia
344 2452 515 2518 Tertulliani
537 2458 567 2518 in
590 2458 777 2538 apologetico
799 2459 886 2520 verba
909 2467 987 2532 sunt,
1015 2477 1067 2521 nec
1089 2458 1195 2520 saltem
1217 2457 1364 2522 caestibus
1389 2477 1479 2538 apo·

262 2535 338 2616 pulo
361 2543 499 2618 culpetur
520 2542 612 2617 (ldern
634 2543 784 2624 apologet
808 2561 871 2624 cap.
894 2547 967 2620 48.)
996 2543 1050 2604 Ast
1070 2561 1125 2621 pro
1148 2542 1296 2605 caestibus
1318 2541 1349 2602 in
1372 2543 1481 2604 nostris

267 2621 417 2684 codicibus
439 2623 544 2704 legitur
568 2629 706 2701 coetibus,
741 2629 771 2689 id
793 2638 841 2690 est
861 2627 1052 2691 conventibus
1074 2635 1104 2688 et
1125 2625 1415 2706 congregationibus,
1431 2647 1480 2688 ex-

266 2705 399 2784 pelletur.
443 2710 640 2775 Tertullianus
662 2714 806 2792 siquidem
828 2732 844 2774 a
865 2713 979 2784 maiori,
1001 2721 1034 2774 ut
1054 2710 1144 2785 aiunt,
1167 2711 1203 2772 ad
1218 2711 1316 2772 minus
1339 2729 1396 2774 nec
1410 2711 1483 2774 male

266 2789 385 2869 quidem
406 2805 635 2874 argumentatur.
680 2798 873 2871 Christianus,
895 2797 999 2878 inqtait,
1022 2796 1100 2858 illius
1123 2796 1159 2858 de
1170 2796 1280 2884 ‚laturo
1302 2795 1433 2857 bominis
1451 2796 1484 2858 ad

266 2874 354 2938 vitam
382 2879 479 2940 reditu
508 2881 653 2962 dogmatis
680 2891 811 2946 assertor
841 2901 902 2943 non
929 2882 1018 2943 modo
1046 2880 1208 2960 expelletur
1240 2880 1277 2941 ab
1299 2880 1485 2944 ethnicorum

266 2962 470 3036 conventibus,
500 2967 562 3041 sed,
591 2968 670 3046 quod
697 2968 781 3047 peius
804 2976 859 3040 est,
883 2966 1031 3049 lapidibus
1055 2966 1212 3028 obruetur.
1256 2963 1292 3025 ta
1313 2964 1340 3025 si
1361 2983 1422 3026 non
1448 2967 1486 3028 ita

266 3042 341 3105 bene
363 3045 394 3106 in
416 3047 531 3126 Rigaltii
547 3051 682 3114 editione
706 3054 860 3123 caestibus,
888 3052 980 3112 multo
1008 3059 1087 3113 certe
1109 3049 1194 3129 peius
1216 3048 1246 3110 in
1268 3049 1486 3127 antiquioribus

197 3143 201 3152 ’
267 3128 410 3206 scriptam
439 3135 585 3206 caedibus,
614 3155 688 3214 qnae
716 3135 892 3213 lapidatione
924 3134 1104 3196 crudeliores
1128 3142 1206 3196 suat.
1249 3133 1292 3194 lte
1313 3133 1370 3194 illis
1392 3155 1487 3214 porro

267 3212 377 3306 notatis
405 3215 441 3276 ab
462 3218 590 3279 Auctore
607 3228 712 3280 nostro
734 3220 925 3298 Pythagorae,
946 3219 1077 3280 Platonis
1099 3225 1129 3279 et
1149 3217 1267 3297 Epicuri
1290 3218 1486 3297 opinionibus

267 3313 380 3372 egimus
401 3297 432 3358 in
453 3303 566 3364 nostris
588 3304 625 3364 de
647 3303 761 3366 lllinutii
782 3303 886 3366 Telicis
909 3313 939 3366 et
958 3303 1099 3365 Lactantii
1121 3302 1203 3364 libris
1226 3302 1487 3366 dissertationibus

267 3379 424 3528 fflitssprtat
460 3383 490 3444 in
517 3388 619 3449 bliaut
650 3386 748 3449 Oetav.
778 3407 840 3468 cap
864 3392 893 3452 7.
922 3391 983 3449 nrt.
1009 3392 1036 3451 l.
1071 3395 1101 3450 et
1127 3387 1158 3449 in
1183 3386 1315 3449 Lactant.
1344 3406 1407 3467 cap.
1433 3393 1486 3454 34.

352 3549 497 3622 Quoniam
520 3574 589 3616 uero
612 3555 809 3618 Tertullianus
831 3557 959 3619 hominis
982 3557 1017 3618 ad
1039 3557 1126 3619 vitam
1148 3574 1319 3635 regressum
1341 3559 1487 3636 proposi-

267 3633 305 3696 tis
332 3633 407 3698 lucis
435 3646 464 3699 et
485 3639 682 3715 tenebrarum,
711 3640 842 3702 siderum
865 3651 894 3702 et
916 3649 1092 3722 temporum,
1118 3643 1265 3703 lructuum
1286 3647 1317 3702 et
1337 3643 1488 3706 seminum

268 3719 409 3800 exemplis
437 3725 631 3787 corroborare
663 3733 785 3788 conatus
814 3729 909 3788 luerat
940 3726 1122 3802 (Tertulliano.
1145 3726 1297 3805 Apologet.
1321 3745 1386 3805 cap.
1408 3731 1488 3806 ts),

267 3804 335 3866 inde
357 3811 518 3886 arguebant
533 3811 657 3873 ethnici:
680 3811 757 3890 Ergo
781 3830 898 3890 semper
919 3810 1104 3874 moriendum
1127 3812 1184 3872 erit
1198 3819 1228 3872 et
1241 3829 1362 3889 semper
1376 3829 1487 3874 resur·

266 3889 403 3968 gendum.
446 3895 533 3974 Atqui
557 3896 613 3957 hoc
633 3896 719 3976 plane
741 3896 900 3957 absurdum
924 3904 978 3958 est.
1023 3895 1083 3956 Sed
1104 3895 1199 3974 primo
1220 3896 1385 3974 respondet
1406 3897 1488 3958 Ter-

266 3973 416 4052 tullianus,
439 3983 469 4042 sr‘
487 3985 531 4063 ita
553 3999 659 4044 rerum
669 3981 815 4044 Dominus
838 3982 1027 4052 destinasset,
1049 3985 1179 4060 ingratis
1200 3983 1388 4061 asperitatis
1411 4001 1489 4044 con-

268 4058 390 4122 ditionis
417 4076 486 4127 tuoe
515 4065 604 4144 legem
631 4065 739 4142 (ibid),
769 4065 827 4126 boo
862 4073 908 4126 est
933 4066 1001 4144 qnia
1027 4083 1113 4126 verus
1142 4073 1171 4126 et
1193 4064 1381 4143 omnipotens
1403 4065 1488 4126 Deus

269 4142 400 4206 omnium
421 4167 521 4210 rerum
542 4169 577 4212 ac
597 4149 722 4231 proinde
743 4149 848 4212 mortis
871 4157 900 4210 et
920 4149 996 4211 vitae
1018 4149 1155 4210 dominus
1178 4157 1234 4222 est,
1257 4157 1360 4228 potest
1383 4150 1489 4230 utique

268 4242 329 4286 non
357 4233 448 4293 semel
476 4241 600 4307 mutum,
630 4234 684 4296 sed
711 4235 799 4296 toties
828 4233 977 4296 hominem
1006 4242 1154 4296 mortuum
1176 4236 1212 4295 ad
1234 4233 1322 4296 vitam
1345 4235 1489 4310 excimre,

267 4310 383 4388 quoties
416 4318 548 4380 voluerit.
593 4319 624 4381 Si
646 4337 716 4399 ergo
738 4319 850 4380 homini
873 4319 969 4380 varios
991 4319 1028 4380 ad
1049 4318 1137 4380 vitam
1158 4319 1270 4382 reditus
1292 4318 1489 4393 decrevisset,

267 4393 344 4490 bano
371 4399 418 4462 ille
445 4403 539 4481 legem
564 4409 693 4485 ingratis
721 4405 914 4484 experiretur.
968 4403 1046 4465 Dixit
1073 4411 1170 4466 autem
1198 4408 1345 4485 ingratis,
1379 4404 1410 4466 id
1437 4415 1489 4466 est

262 4488 357 4547 rante
384 4505 418 4547 ao
444 4495 546 4550 eontra
576 4491 763 4553 voluntatem.
806 4491 850 4552 Eo
873 4490 951 4552 enim
973 4509 1065 4554 sensu
1086 4489 1193 4569 Auctor
1214 4489 1280 4570 ipse
1301 4497 1406 4551 noster
1425 4489 1491 4550 boc

262 4565 359 4639 ¹verbo
381 4589 470 4654 saepe
491 4592 564 4637 usus
586 4584 641 4652 est,
664 4577 754 4639 immo
777 4583 807 4639 et
827 4576 891 4657 ipse
907 4575 1025 4640 Cicero:
1048 4577 1286 4658 extorquendum
1301 4585 1354 4648 est,
1376 4573 1488 4653 lupuit,
