3082 5238
264 383 329 446 stt
350 399 388 443 ne
406 397 479 440 vem
493 393 656 438 sensnm
671 391 820 437 oocrama
833 393 1019 438 emmone!
1034 393 1233 440 reomensem
1248 397 1442 444 nrsrnrsrro

266 549 380 628 ubsque
411 543 574 608 temeritate
603 551 654 606 aut
682 542 848 623 ignorantia
870 543 986 605 dixerit.
1040 543 1135 605 lmmo
1172 545 1331 626 siquiden
1361 548 1503 612 Pamelinr

266 653 356 696 ausus
378 640 424 692 est
444 629 510 691 aliis
532 627 692 690 obtrudere
713 645 823 688 annum
845 626 965 688 CCVIII.
988 627 1100 706 absque
1122 630 1205 691 omni
1235 633 1366 694 ratione
1394 633 1502 704 idonee,

267 717 354 780 nobis
375 713 507 776 vicissim
528 731 589 774 non
608 719 708 790 potest
726 711 799 772 vitio
821 711 906 785 verti,
929 711 955 772 si
978 729 1088 773 annum
1109 712 1180 774 CCl.
1203 715 1436 794 intelligamus:
1459 721 1503 780 ber

266 802 346 862 enim
367 817 445 859 anno
470 804 500 858 et
521 796 682 858 liberalitas
704 795 782 856 edita
804 802 859 868 est,
883 803 914 856 et
934 795 971 856 ab
992 796 1133 874 Augustis
1155 798 1257 860 etiem.
1305 803 1350 860 At
1374 805 1501 880 quamtis

265 884 388 946 omnino
412 881 538 960 turpiter
559 898 592 940 se
614 881 680 958 ipse
700 878 825 952 dederit,
849 886 947 940 tumen
969 879 1108 940 rlllixius·
1129 883 1318 944 secessit‘in
1345 885 1420 947 eius
1443 907 1500 948 sen-

265 968 406 1041 tentiam3
438 981 507 1026 nam
535 965 566 1024 in
588 964 664 1025 libro
687 965 724 1024 de
745 963 874 1035 Corona,
911 963 1018 1042 inquit,
1049 965 1194 1026 excitatem
1216 967 1346 1030 libellus
1372 970 1416 1031 de
1438 971 1501 1050 Spe

265 1050 397 1123 ctaenlie,
431 1050 481 1128 qni
509 1048 639 1127 scriptus
668 1055 715 1109 est
742 1067 768 1108 a.
798 1046 891 1108 CCIV.
944 1047 977 1108 ld
1009 1065 1080 1110 vero
1113 1048 1214 1129 inepte
1242 1051 1369 1114 dictarm
1402 1073 1501 1116 essee

264 1136 407 1206 Pamelio‚
429 1151 516 1212 quem
538 1150 631 1194 uuum
653 1131 796 1210 sequittu,
824 1131 908 1192 facile
935 1130 1071 1209 intelligit
1098 1133 1281 1212 qrrinrmque
1314 1155 1431 1199 secum
1463 1159 1501 1199 re.

265 1219 413 1301 putaverit
444 1235 488 1289 ea,
525 1235 600 1294 quae
628 1233 718 1294 supra
745 1216 782 1277 de
811 1215 869 1276 isto
900 1213 998 1276 libello
1020 1217 1310 1294 pronunciavimus;
1350 1225 1501 1301 neques'
1528 1289 1529 1292 Ἴ

265 1321 367 1365 verum
395 1302 454 1362 hoc
481 1307 564 1362 esset
584 1300 709 1360 maxime
731 1300 768 1360 de
790 1319 825 1360 eo
848 1317 938 1378 super
960 1299 1155 1378 Spectaculis,
1184 1321 1310 1364 causam
1344 1325 1422 1368 esse
1443 1327 1501 1386 per-
1528 1333 1529 1398 t

265 1383 807 1546 {tlmbirttl‘bltiltit
826 1382 1501 1553 ittttaictriivisitantis

265 1573 351 1616 rores
373 1553 618 1614 Montauisterum
640 1550 670 1611 in
692 1551 768 1612 libro
792 1551 829 1612 de
851 1549 968 1611 Corona
992 1561 1193 1614 occurrentes.
1239 1555 1334 1626 Quos
1369 1561 1500 1638 equiden

265 1639 315 1702 isti
328 1638 406 1700 libro
420 1655 483 1697 non
498 1653 574 1715 nego
597 1635 714 1708 inesse3
735 1635 788 1696 sed
811 1653 846 1696 eo
869 1643 1042 1712 argumento
1065 1637 1095 1696 id
1117 1655 1210 1716 posse
1233 1639 1328 1714 effici,
1342 1645 1444 1721 ¹quod
1459 1647 1501 1706 de-

265 1724 360 1795 bebat,
383 1722 441 1783 boc
461 1737 532 1781 vero
555 1737 704 1796 nunquam
727 1718 906 1798 percipietur
927 1718 986 1780 nisi
1008 1719 1045 1781 ab
1067 1720 1114 1794 iis,
1137 1721 1188 1800 qui
1211 1722 1341 1786 demum
1368 1745 1411 1788 eo
1435 1747 1499 1790 aueo

265 1807 476 1872 Tertullianum
497 1811 601 1884 putant
621 1803 658 1864 ad
679 1803 872 1866 montanistas
893 1803 1058 1864 transiisse.
1179 1815 1181 1820 ·

700 2057 705 2066 ,
794 1989 823 2062 §-
852 1985 955 2046 xxrn.

349 2105 409 2168 Sed
430 2105 502 2167 satis
525 2103 575 2166 diu
596 2122 653 2164 nos
676 2103 769 2164 tenuit
790 2104 827 2164 de
848 2103 923 2164 libro
947 2121 1037 2183 super
1060 2103 1178 2166 Corona
1199 2105 1382 2183 institutio;
1407 2113 1494 2192 itaque

265 2191 352 2254 nobis
375 2197 422 2251 est
442 2186 663 2269 properandum
685 2187 721 2247 ad
743 2186 817 2248 alios
840 2189 985 2268 quosdam
1007 2186 1112 2261 libros,
1135 2196 1164 2249 et
1186 2209 1239 2252 eos
1261 2191 1409 2270 quidem,
1434 2217 1496 2276 quos

264 2273 464 2336 Tertullianus
493 2273 529 2332 de
552 2269 637 2332 Cultu
658 2271 845 2332 Feminarum
873 2272 1050 2350 composuit.
1094 2271 1188 2352 rltque
1219 2273 1364 2338 hicnon
1391 2280 1497 2342 videtu

264 2355 489 2434 asuscipienda
518 2354 716 2434 disputatione
744 2355 871 2416 alienum
904 2357 1005 2435 paucis
1034 2375 1240 2435 praemonere,
1275 2361 1382 2438 qualis
1421 2365 1495 2425 luerit

265 2443 335 2504 olim
369 2442 479 2502 borum
512 2439 655 2500 librorum
689 2439 853 2518 inscriptio,
887 2448 973 2519 atque
1001 2439 1156 2520 dispicere,
1178 2443 1318 2522 &eritne
1344 2451 1494 2525 posterior

263 2526 379 2588 libellus
407 2543 472 2586 cum
500 2523 592 2586 altero
620 2543 636 2584 a
664 2523 845 2584 Tertulliano
874 2523 979 2585 eodem
1008 2536 1141 2603 tempore
1178 2526 1286 2587 editus
1360 2531 1494 2594 Videlicet

264 2611 313 2691 qui
347 2617 414 2671 ante
446 2607 509 2670 Nic.
531 2607 688 2686 Rigaltium
721 2606 813 2669 libros
842 2607 1014 2670 Tertulliani
1046 2607 1211 2683 ediderunt,
1241 2610 1273 2671 hi
1302 2613 1441 2678 altemm
1468 2617 1493 2678 dr

264 2694 372 2756 llabitu
407 2691 540 2754 Muliebri
576 2691 720 2765 dicebant,
751 2693 875 2752 altemm
911 2692 948 2754 de
976 2691 1061 2754 Cultu
1089 2693 1288 2774 Feminarum.
1351 2699 1416 2762 Sed
1450 2704 1492 2762 ista

263 2779 416 2858 Rigaltius,
438 2795 505 2838 cum
527 2777 640 2856 potitus
663 2784 745 2836 esset
763 2776 965 2837 vetustissimo
988 2777 1037 2838 illo
1061 2775 1162 2839 codiee
1184 2779 1357 2858 agobardi,
1382 2785 1491 2864 primm

262 2881 353 2925 ausus
385 2870 433 2924 est
454 2869 613 2940 utrumque
642 2860 678 2921 de
701 2859 995 2921 CultunFeminarum
1025 2861 1198 2922 inscribere.
1249 2863 1360 2944 ltaque
1392 2878 1425 2929 et
1447 2889 1492 2930 nos

263 2947 334 3009 nulli
356 2945 533 3018 dubitamus,
557 2945 613 3004 lros
635 2943 728 3005 libros
752 2962 813 3004 non
836 2943 1000 3006 disiunctos
1025 2947 1267 3024 unquamluisse,
1292 2951 1352 3012 sed
1379 2955 1494 3014 unium

262 3031 345 3111 quasi
368 3029 502 3091 elicuisse
523 3027 672 3098 volumen,
694 3046 755 3088 nou
777 3028 833 3088 ista
847 3028 954 3088 ‘solum
976 3029 1087 3089 codicis
1109 3029 1289 3109 Agebardini
1312 3041 1493 3100 auctoritate

262 3115 345 3188 moti,
368 3114 421 3176 eod
449 3113 536 3173 etiam
557 3120 725 3192 propterea,
749 3111 828 3191 quod
850 3112 915 3192 ipsa
937 3111 1043 3172 lrorum
1065 3112 1207 3175 librorum
1230 3117 1308 3176 ratio
1330 3139 1492 3198 argrrmen·

263 3207 383 3277 tumque
406 3197 537 3270 suadeat,
560 3196 756 3276 posteriorem
779 3214 839 3255 non
862 3196 901 3255 ita
923 3197 1016 3258 multo
1038 3205 1108 3275 post
1129 3199 1256 3276 priorem
1276 3201 1493 3267 aTertrrlliano

263 3281 374 3342 editum
396 3281 496 3345 luisse.
537 3281 629 3353 Quod
646 3280 725 3342 enim
746 3279 904 3350 Pamelius,
928 3281 978 3358 qui
1000 3281 1224 3360 inscriptionem
1245 3283 1318 3346 alias
1344 3301 1493 3370 receptam

262 3365 448 3443 sequebatur,
471 3363 519 3424 vix
540 3365 635 3442 potuit
663 3383 858 3442 concoquere,
886 3365 975 3442 quod,
1004 3383 1070 3426 cum
1093 3366 1293 3428 Tertullianus
1319 3371 1443 3436 cultum
1465 3377 1492 3434 ab

262 3457 367 3510 ornatu
390 3448 421 3508 in
449 3447 542 3527 priori
570 3449 646 3510 libro
675 3448 821 3510 subtiliter
843 3447 1034 3521 distinxisset,
1067 3457 1165 3511 tamen
1191 3452 1222 3512 in
1243 3457 1433 3530 posteriori,
1463 3461 1491 3520 de

262 3530 348 3593 Cultu
369 3531 555 3592 Feminarum
578 3531 732 3611 appellato,
761 3541 897 3593 ornatum
919 3532 1052 3594 mulieris
1074 3535 1269 3612 pertractarit,
1305 3556 1343 3600 ea
1373 3544 1492 3620 quiden

261 3616 426 3687 difficultas,
458 3614 570 3678 sublata
599 3616 792 3695 inscriptione
823 3617 976 3694 utriusque
1007 3617 1076 3678 libri
1110 3618 1227 3680 diversa
1254 3639 1289 3682 ae
1310 3640 1490 3702 argumente

261 3701 325 3764 eius
348 3700 483 3762 studiose
505 3701 633 3778 cognito,
663 3699 770 3761 mirum
799 3699 830 3760 in
858 3701 979 3762 modum
1002 3703 1159 3763 evanescit
1202 3704 1239 3765 Ut
1260 3705 1343 3766 enim
1368 3709 1488 3772 Tertul

259 3786 353 3848 lienam
376 3784 508 3846 habitum
530 3785 654 3845 feminae
676 3782 755 3846 cultu
777 3793 806 3846 et
828 3792 933 3844 ornatu
956 3785 1031 3847 ellici
1052 3785 1174 3861 dixerat,
1203 3789 1373 3867 superioris
1406 3795 1489 3856 istius

259 3869 375 3948 generis
399 3867 531 3947 exempla
553 3876 637 3948 putat
652 3869 794 3930 mundum
810 3869 994 3942 muliebrem,
1016 3873 1130 3942 aurum,
1153 3881 1317 3951 argentum,
1342 3894 1487 3954 gemmas

259 3961 357 4016 vestes
391 3960 421 4014 et
443 3971 517 4031 quae
539 3961 609 4018 sunt
630 3953 747 4031 generis
777 3951 924 4026 ciusdem,
954 3954 1131 4032 posterioris
1159 3975 1228 4017 vero
1258 3976 1364 4022 cruam
1395 3963 1488 4042 capilli

259 4046 289 4098 et
317 4037 393 4098 rutis
422 4045 453 4098 et
481 4055 582 4098 earum
614 4036 741 4115 partium
774 4037 920 4116 corporis,
954 4056 1038 4116 quae,
1077 4047 1109 4098 ut
1135 4039 1185 4113 ait,
1220 4041 1323 4102 ourlos
1356 4048 1487 4109 trabum

258 4121 345 4199 Atqui
377 4121 410 4182 iu
441 4121 534 4200 priori
568 4121 645 4182 libro
678 4138 792 4194 aurum,
825 4129 979 4198 argeutum
1015 4125 1090 4201 (cap.
1120 4127 1175 4199 4.),
1205 4141 1338 4202 gemmas
1370 4133 1414 4202 (c.
1441 4137 1486 4194 5).

258 4211 357 4267 vestes
378 4211 538 4282 pertractet
559 4209 597 4278 (c.
622 4208 679 4276 7.),
708 4205 738 4264 in
760 4205 919 4284 posteriori
940 4205 976 4266 de
999 4207 1182 4268 observanda
1202 4207 1344 4287 pudicitia
1368 4213 1403 4274 in
1430 4216 1486 4276 cul·

259 4297 308 4348 tus
341 4295 371 4348 et
407 4295 529 4350 ornatus
566 4289 756 4354 institutione
782 4288 842 4368 agit
868 4289 1005 4350 universe
1033 4293 1108 4370 (cap.
1140 4296 1244 4367 1-5r,
1273 4293 1426 4376 deinceps
1456 4299 1485 4358 de

259 4371 359 4431 colore
382 4380 617 4453 ornamentoque
639 4373 821 4453 capillorum,
845 4386 1022 4451 omnemque
1044 4374 1152 4436 librum
1178 4375 1243 4437 linit
1263 4379 1393 4441 monitis
1422 4385 1486 4462 qni-

257 4454 382 4516 busdam
404 4455 441 4517 de
464 4465 569 4518 ornatu
591 4458 750 4536 pudicitiae
772 4457 905 4518 adverso.
940 4455 1038 4540 Quare
1061 4477 1128 4520 eum
1150 4459 1179 4520 in
1203 4461 1252 4522 illo
1276 4462 1313 4524 de
1337 4465 1436 4537 cultu,
1460 4469 1486 4526 iu

290 4605 309 4639 s.
329 4590 355 4640 ln
373 4591 498 4644 rarissime
516 4589 579 4640 bin.
598 4591 627 4642 de
640 4591 841 4644 Tertulllaaillita
860 4567 1003 4659 etScriptis
1021 4609 1041 4644 e.
1060 4595 1095 4645 vt.
1113 4611 1138 4660 p.
1156 4595 1199 4646 te.
