3144 5236
297 227 361 289 234
393 241 584 285 nrsseararro
600 239 630 281 m
647 240 695 290 ou.
712 223 796 284 saur.
812 239 898 284 runa.
914 239 1111 312 uerrucarum
1124 240 1343 284 aronoaarrcua
1357 243 1433 286 cerr.

295 392 332 452 ad
354 391 443 452 breve
465 401 580 469 tempus
603 387 695 449 allen
717 387 794 458 data,
816 397 850 450 ιιι
870 405 936 450 carm
957 387 1127 450 hominibus
1150 389 1314 452 conversari
1327 399 1446 469 possent
1463 400 1488 452 et
1568 455 1569 466 ἶ

296 475 434 554 colloqui.
478 474 540 534 Alia
568 473 665 552 itaque
692 472 810 532 illorum
833 490 919 549 quam
941 471 1095 534 hominum
1117 481 1166 534 est
1187 474 1353 546 substantia,
1372 474 1489 538 videlieet

297 558 470 640 spiritualis,
493 575 549 636 qua
571 555 742 635 superiores
765 555 933 616 bominibus
956 573 1024 616 vere
1046 564 1117 618 sunt
1138 557 1268 636 spiritua.

380 643 467 705 Plura
497 641 523 704 si
553 641 619 718 quis
653 639 812 710 desideret,
845 639 923 700 illius
951 639 988 700 de
1017 640 1245 714 Resurrectione
1272 640 1367 702 Carnis
1396 640 1487 702 librum

296 729 382 790 adeat
403 735 433 788 et
454 725 495 786 ibi
517 723 640 786 totidem
662 722 759 802 legere
782 722 893 802 poterit
914 723 978 785 eius
1001 724 1105 785 verba:
1139 726 1244 806 Anpeli
1263 725 1411 806 aliquande
1430 737 1489 785 tea-

296 832 385 894 quam
407 812 539 871 bomr'aes
560 810 690 887 {uerunt
712 808 824 869 edendo
847 818 875 868 et
891 807 1014 869 bibendo
1030 819 1059 871 et
1070 811 1160 886 pedes
1178 811 1297 872 lavaero
1310 808 1486 889 perriqcadm
1568 841 1569 878 q

296 899 456 960 domanam
484 899 560 954 anaba
588 894 751 954 indicerent
778 892 976 971 superficiem,
1010 891 1096 968 salua
1119 893 1383 956 r'ntamubatantia
1410 891 1489 964 (ldem

294 981 345 1042 lib.
375 980 411 1039 de
440 979 562 1038 Resurr.
581 975 670 1036 Caro.
694 993 757 1052 cap.
781 977 855 1050 62).
901 975 1052 1046 Quaenam
1080 983 1182 1038 autem
1205 978 1293 1038 luerit
1320 976 1363 1038 illa
1387 975 1488 1054 propria
1564 1023 1569 1048 ,

247 1093 250 1099 ·
294 1064 465 1142 angelorum
495 1059 662 1122 substantia
689 1067 845 1120 eluctare
867 1058 922 1120 sub
945 1059 1072 1122 bumana
1096 1062 1192 1140 effigie
1215 1061 1394 1124 delitescens.
1420 1059 1489 1136 ipse·
1562 1095 1569 1128 ς

293 1157 357 1209 met
377 1145 486 1208 ibidem
508 1145 552 1207 sic
573 1143 711 1222 explicat:
734 1143 842 1222 Anqeli
860 1144 939 1221 sacti
958 1155 1101 1224 tanquam
1123 1146 1255 1220 homines
1277 1143 1490 1206 annaneane
1561 1181 1570 1216 ‚·

296 1237 412 1296 stantia
433 1234 561 1309 spiritua
585 1227 739 1290 carnalem
762 1232 973 1288 tractationem
986 1243 1187 1307 susceperunt
1209 1229 1315 1304 (lbid.).
1344 1228 1379 1288 At
1390 1225 1491 1304 quibus,
1559 1247 1570 1304 ,j

295 1316 400 1378 amabo
428 1323 468 1382 te,
497 1311 669 1374 clarioribus
692 1311 789 1372 verbis
812 1309 936 1389 exprimi
958 1321 1073 1388 poterat
1093 1313 1222 1391 Angelos
1244 1331 1310 1374 vere
1332 1329 1395 1372 esse
1414 1309 1489 1389 spiri-

296 1411 344 1463 tus
367 1406 396 1460 ot
419 1397 582 1476 spiritalem
615 1413 718 1457 eorum
739 1402 873 1456 naturam
895 1393 968 1456 nibil
988 1413 1113 1474 prorsus
1137 1398 1292 1460 admittere
1313 1395 1394 1456 tribus
1412 1402 1490 1456 arate-
1563 1437 1567 1445 .

296 1486 356 1546 riae
379 1501 430 1544 cor
454 1479 538 1542 oris?
1561 1533 1570 1544 ..

381 1501 463 1639 Oub'e
484 1581 576 1644 porro
597 1564 739 1630 haetenus
761 1561 927 1634 retulimus,
956 1561 1029 1626 baee
1049 1563 1086 1625 ad
1108 1583 1184 1638 eam,
1211 1583 1268 1644 qua
1290 1579 1389 1624 omnes
1407 1557 1491 1636 Angeli

295 1651 386 1713 creati
409 1657 488 1723 sunt,
511 1656 645 1709 naturam
668 1655 810 1726 spectant,
835 1663 922 1725 quam
944 1645 992 1707 ille
1013 1649 1086 1709 satis
1109 1657 1211 1728 aperte
1233 1645 1340 1710 asserit
1359 1663 1421 1706 esse
1440 1643 1493 1721 spi·
1556 1692 1567 1728 a.

295 1735 419 1804 ritalem,
442 1733 502 1793 nisi
523 1733 599 1792 hanc
620 1731 797 1792 sententiam
819 1729 865 1802 iis,
888 1749 963 1812 quae
985 1731 1022 1792 de
1044 1733 1142 1811 pravis
1164 1731 1285 1813 Angelis
1310 1739 1339 1791 et
1358 1727 1492 1791 daemoni-

295 1819 351 1880 bus
380 1816 520 1896 prodidit,
552 1823 689 1893 uuquam
717 1822 779 1876 atra
800 1813 923 1892 quadam
946 1814 1068 1893 ealigine
1090 1825 1121 1876 et
1142 1817 1246 1880 densis
1269 1814 1393 1878 tenebris
1414 1813 1494 1874 allusu
1563 1811 1571 1891 [ᾗ

296 1900 526 1964 obscuravisset.
570 1899 643 1960 Nam
673 1917 726 1960 eos
755 1915 860 1958 omnes
888 1915 950 1960 noo
977 1917 1063 1962 secus
1092 1919 1126 1962 ac
1153 1901 1252 1964 bonos
1278 1897 1400 1977 Angelos
1425 1901 1495 1956 verat

294 1987 429 2066 spiritus.
473 1985 573 2064 Neque
601 1983 630 2045 id
658 1982 783 2061 probatu
811 1981 938 2042 difficile.
983 1983 1043 2044 lam
1072 1983 1150 2046 euim
1185 1986 1370 2048 observatum
1399 1987 1440 2040 est
1465 1977 1495 2038 de
1568 2042 1571 2068 ἦ

296 2069 433 2131 omnibus
462 2067 622 2148 generatim
651 2075 711 2127 tam
738 2065 827 2126 bonis
855 2084 942 2143 quam
969 2067 1052 2128 malis
1074 2068 1195 2147 Angelis
1223 2069 1260 2131 ab
1286 2069 1335 2132 illo
1357 2065 1495 2142 scriptum:
1559 2128 1569 2148 ,k

295 2153 430 2216 Diuinae
459 2172 522 2214 esee
550 2152 735 2214 substantioe
767 2151 911 2230 quaedam
937 2152 1102 2230 spiritales.
1146 2153 1257 2216 Postea
1279 2170 1348 2214 vero
1371 2157 1398 2210 et
1416 2147 1496 2208 adbuc
1554 2146 1571 2223 s*

295 2235 482 2316 expressius:
507 2237 610 2296 Omnis
633 2239 760 2316 spiritus
777 2235 848 2304 ales,
873 2234 927 2296 boe
942 2246 971 2296 et
985 2236 1091 2314 Anq'eli
1104 2247 1133 2298 et
1147 2239 1308 2318 daemones
1331 2233 1495 2308 (idemma-
1547 2281 1560 2317 -.‚

293 2322 383 2400 leget.
405 2339 468 2399 cap.
491 2323 565 2392 22).
610 2319 724 2380 Rursus
747 2325 860 2378 auum:
897 2319 1004 2397 aspele·
1023 2332 1052 2382 et
1074 2322 1233 2384 daemones
1255 2322 1421 2383 substantio
1437 2331 1497 2394 pes·
1561 2303 1571 2402 Ι]

294 2411 364 2466 sebna·
384 2408 512 2484 spiritus
534 2403 621 2476 (lbid.
638 2421 701 2480 cap.
725 2403 800 2476 39.).
842 2403 1004 2464 Prarorum
1026 2421 1145 2484 quoque
1165 2405 1347 2485 Angelorum
1367 2401 1498 2481 princeps,
1550 2457 1571 2488 ,Ν

294 2490 331 2550 de
352 2507 410 2567 quo
433 2488 464 2548 io
487 2487 635 2567 superiori
658 2485 780 2546 articulo
803 2485 940 2559 diximus,
963 2482 999 2548 ab
1014 2505 1050 2548 eo
1066 2496 1185 2550 vocatur
1199 2493 1330 2570 spiritns
1345 2488 1497 2549 aemonae
1543 2483 1567 2582 ,J

294 2592 345 2636 coe
367 2584 394 2634 et
416 2573 565 2650 angelicae
583 2581 754 2651 paraturae
776 2569 862 2643 (lbid.
886 2589 948 2650 cap.
964 2574 1041 2647 TA),
1064 2573 1094 2634 id
1116 2583 1163 2634 est
1183 2574 1309 2653 spiritus
1330 2570 1378 2650 qui
1392 2569 1498 2632 daemo·

294 2675 364 2718 num
387 2665 417 2718 et
430 2657 608 2735 Angelorum
631 2653 719 2716 babet
739 2653 953 2733 dispositiones
976 2663 1006 2716 et
1027 2656 1193 2734 qualitates.
1240 2657 1301 2722 Sed
1322 2655 1357 2716 de
1379 2654 1433 2716 boc
1450 2668 1499 2710 no·
1545 2639 1565 2741 ζ’

293 2741 372 2802 mine
391 2741 487 2801 adbuc
507 2741 583 2801 iulra
604 2737 726 2800 articulo
750 2740 894 2816 sequenti.
1544 2731 1570 2820 ff*

380 2825 458 2898 Quid
481 2843 562 2898 vero,
584 2823 663 2902 quod
687 2840 776 2900 supra
798 2823 925 2884 vidimus
949 2825 1021 2896 (Art.
1034 2830 1147 2904 super.)
1169 2825 1207 2886 ab
1231 2825 1336 2886 eodem
1358 2823 1420 2900 ipso
1435 2819 1499 2878 Ter·
1553 2813 1569 2850 “³

293 2909 413 2970 tulliano
436 2908 546 2970 diserte
568 2907 752 2986 pronuntiari
774 2914 804 2967 et
826 2907 905 2968 bunc
926 2907 1063 2970 Sauram
1085 2916 1115 2969 et
1137 2917 1256 2971 ceteros
1278 2925 1381 2970 omnes
1395 2901 1500 2982 angelos
1543 2899 1571 2991 'sl

292 3011 399 3070 pravos
421 2992 525 3053 eodem
554 2993 654 3062 modo,
687 3009 746 3069 quo
768 2999 798 3052 et
819 2991 915 3050 bonos
936 2999 1053 3052 creatos
1074 2992 1179 3054 luisse.
1226 2993 1307 3066 Quin
1328 2992 1413 3054 maur
1433 2988 1500 3048 llae

292 3093 404 3145 mones,
438 3075 532 3152 inquit
562 3075 620 3147 ille,
653 3093 761 3152 negare
793 3093 854 3135 nou
887 3082 1014 3154 possunt
1043 3095 1074 3137 se
1102 3081 1273 3144 elemundus
1303 3080 1428 3156 spiritus
1447 3087 1501 3134 eset
1550 3071 1563 3108 l

293 3157 477 3230 (lerurllian.
500 3158 571 3218 ibid.
594 3177 657 3237 eap.
680 3161 754 3234 23.).
784 3159 917 3237 Denique
938 3159 1095 3222 maximam
1116 3160 1187 3222 dicit
1210 3181 1281 3222 esse
1302 3160 1419 3222 illorum
1439 3153 1500 3218 sub·

292 3239 426 3301 tilitatcm
455 3260 489 3300 ao
516 3242 699 3314 tenuitatem,
728 3243 777 3320 qui
801 3261 854 3304 sua
877 3243 1023 3304 alacritate
1047 3252 1199 3322 utramque
1223 3245 1365 3306 invadunt
1386 3238 1500 3304 boonis
1543 3240 1568 3318 ‘it

292 3323 499 3397 substantiam,
522 3343 582 3386 uno
605 3333 754 3386 momento
778 3326 885 3405 ubique
909 3335 988 3399 suot,
1011 3335 1041 3388 et
1061 3337 1142 3402 totus
1160 3336 1314 3391 terrarum
1337 3327 1416 3390 orbis
1437 3339 1502 3386 uuas
1543 3321 1572 3410 §l

249 3417 251 3424 ’
292 3407 337 3468 eis
360 3416 407 3468 est
427 3407 521 3468 locus.
565 3410 719 3470 Praeterea
751 3411 928 3483 invisibiles,
957 3412 1062 3490 inquit,
1092 3424 1120 3474 et
1142 3413 1333 3478 insanar'bilea
1355 3415 1388 3475 in
1408 3411 1503 3490 effrata
1546 3415 1570 3464 ‘n'

289 3496 394 3638 petiae
425 3511 513 3572 priam
539 3497 573 3555 in
602 3503 672 3554 actu
700 3512 754 3555 auo
783 3508 934 3572 apparent
966 3495 1050 3568 (lbid.
1074 3514 1138 3574 rap.
1160 3499 1236 3574 22).
1281 3497 1389 3558 Nonne
1419 3500 1503 3555 auteur
1549 3489 1567 3544 d

313 3595 366 3638 aee
394 3575 492 3636 omnia
521 3577 593 3636 satis
616 3575 769 3638 manifeste
792 3578 999 3641 demonstrant
1020 3579 1200 3642 Tertulliano
1223 3599 1404 3660 persuasum
1423 3576 1504 3638 luisse
1534 3565 1568 3660 ³1³³

291 3659 413 3740 angelos
427 3660 536 3788 'malos
565 3669 595 3721 et
622 3660 782 3722 daemones
809 3679 870 3722 non
896 3663 995 3726 minus
1023 3681 1111 3742 qoam
1141 3664 1240 3726 bonos
1274 3664 1398 3744 angelos
1426 3659 1504 3724 luisse
1540 3659 1571 3716 'a

291 3745 440 3824 spirinse.
529 3792 531 3802 .

377 3830 486 3889 Verum
513 3826 582 3889 buia
609 3828 773 3890 sententiae
800 3827 870 3890 illud
897 3845 1062 3908 repugnare
1090 3830 1215 3904 videtur,
1248 3833 1331 3910 quod
1364 3847 1450 3910 supra
1474 3823 1504 3885 ab
1537 3831 1572 3887 'd

289 3913 358 3989 ipso
386 3911 527 3974 traditum
554 3911 825 3985 animadvertimus,
853 3931 961 3992 pravos
990 3915 1109 3992 angelos
1138 3933 1208 3976 sese
1235 3917 1354 3978 nelarie
1375 3912 1506 3996 polluisse
1538 3924 1566 3980 'tr

289 3993 465 4056 laminarum
487 3995 655 4069 conurbitu,
689 4014 748 4075 quo
770 3998 931 4059 daemones
954 4006 1127 4076 genuerunt.
1167 3999 1225 4060 Sed
1247 4000 1434 4080 respondere
1448 3992 1504 4073 quis
1537 4007 1567 4065 aq,

289 4086 393 4156 posset
414 4078 450 4139 ab
472 4078 529 4139 illis
551 4080 661 4158 pravis,
683 4081 930 4158 quemadmodum
952 4082 1071 4144 abonis
1085 4082 1205 4162 Angelis
1220 4093 1419 4164 assumptam,
1440 4079 1506 4142 dent
1529 4083 1572 4149 eq,

242 4192 248 4200 ·
290 4160 377 4240 paulo
401 4169 468 4224 ante
489 4163 669 4237 dicebamus,
692 4165 846 4226 bominum
867 4183 997 4239 earnem,
1028 4183 1084 4244 qua
1105 4174 1269 4248 potueruut
1290 4185 1359 4232 eum
1381 4159 1503 4228 mulieri·
1531 4168 1567 4242 fle

289 4245 346 4305 bus
374 4245 567 4308 commisceri.
612 4249 720 4310 Verum
748 4258 848 4310 annua
876 4249 951 4310 alius
980 4251 1080 4312 statim
1108 4257 1210 4332 arguet
1236 4251 1427 4329 probandam
1449 4261 1508 4310 esst
1538 4265 1562 4321 aa

288 4326 368 4390 uude
396 4328 479 4406 pravi
505 4329 606 4408 Angell
634 4333 792 4395 humanam
821 4351 937 4396 caruem
966 4333 1002 4394 ad
1030 4341 1147 4413 tempus
1176 4335 1295 4413 aliquod
1325 4332 1507 4414 sumpserint-
1530 4339 1567 4410 *a

290 4412 431 4486 Quamvis
455 4412 534 4474 enim
547 4413 745 4480 Tertullianus
768 4437 831 4480 eam
854 4417 942 4480 bonis
956 4417 1075 4496 Angelis
1098 4418 1191 4480 aliea
1213 4420 1314 4482 datam
1336 4439 1400 4482 uon
1413 4411 1508 4484 semel,
1528 4442 1570 4503 ‘ep

1536 4513 1565 4586 de
