3126 5250
294 360 358 429 298
378 379 569 424 ntsssltrmo
585 379 616 424 lii
631 380 678 432 Qll.
695 379 779 424 SEPT·
794 379 879 425 FLOR.
895 379 1089 424 annuntiati!
1102 379 1322 424 ΔΡθιΟΕΕΤΙῦὓΙ
1336 379 1412 424 Gdb'b'·

293 531 404 592 ductor
428 537 532 592 noster
556 529 685 605 tradidit,
713 531 748 594 de
778 533 844 610 apso
866 529 970 595 babitu
997 541 1085 612 atque
1114 534 1195 594 uictu
1221 530 1338 594 modat
1356 547 1430 594 sacco
1447 539 1469 592 et

294 619 390 679 cineri
408 615 559 691 incubare,
582 633 692 696 corpus
714 616 853 678 sordibus
876 617 1046 687 obscurare,
1068 619 1199 678 anmmm
1218 616 1393 678 moeroribus
1412 615 1470 676 dcii-

296 717 361 762 cere
381 699 475 774 (idem
494 698 545 760 lib.
567 699 606 762 de
626 699 740 762 Poenit.
762 717 824 779 cap.
846 701 901 777 9.).
943 699 981 761 Et
1005 700 1093 779 paulo
1120 707 1202 781 post:
1237 699 1334 764 botro
1353 699 1469 762 laetitiam

295 795 415 866 oportet
446 785 600 848 dumsari
616 789 649 846 in
671 786 875 866 asperitudine
895 788 977 846 sacci
995 796 1024 847 et
1045 785 1176 848 borrore
1199 788 1305 847 sineris
1325 792 1354 845 et
1373 783 1470 846 oriali

294 872 405 932 ieiunio
432 873 566 933 vanitate
593 868 685 944 (lolem
706 867 777 930 ibid.
799 885 862 948 cap.
887 871 960 948 tn).
1003 869 1041 930 Et
1061 878 1141 931 certe
1156 869 1321 950 flyprianus
1339 868 1426 947 lapsos
1442 865 1470 926 ad

293 953 504 1034 poenitentiam
525 952 574 1014 his
594 953 691 1016 verbis
705 954 890 1015 adhortatur:
914 953 1015 1016 Orare
1030 963 1147 1034 oportet
1161 957 1321 1034 inpensius
1336 963 1362 1016 ct
1374 968 1469 1032 sopore,

295 1039 370 1102 diem
394 1038 476 1100 luctu
497 1042 675 1118 transipere,
698 1038 808 1119 cipiliis
828 1046 931 1101 noctes
952 1055 987 1100 oo
1007 1039 1128 1118 fletibus
1151 1039 1266 1112 ducere,
1288 1047 1392 1118 ternpus
1405 1051 1471 1098 onoc

294 1121 473 1202 lacrymosis
500 1120 762 1187 lamentationibus
791 1140 947 1203 occupare,
974 1133 1089 1186 stratos
1111 1123 1177 1185 solo
1199 1123 1365 1204 odbacrere,
1391 1122 1470 1186 dreni
1533 1143 1534 1190 t

295 1207 390 1270 cilicio
411 1207 495 1281 (alias
516 1210 549 1268 in
571 1212 670 1270 cinere
691 1218 718 1270 et
740 1205 849 1288 cilicio)
873 1218 901 1270 et
922 1209 1062 1270 sordibus
1083 1207 1221 1270 volutari
1239 1206 1377 1287 (Cypriae.
1390 1203 1433 1266 lib.
1444 1203 1472 1263 de
1533 1199 1534 1278 l

293 1285 382 1372 Lapa.
404 1291 458 1354 sub
480 1291 554 1367 fin).
596 1292 633 1353 dt
652 1308 713 1352 non
734 1290 830 1354 solum
852 1291 982 1354 criminis
1005 1291 1126 1354 uicinus
1148 1310 1229 1365 reos,
1255 1292 1307 1355 sed
1326 1291 1393 1353 alios
1412 1305 1470 1367 quo·
1533 1289 1534 1370 g

295 1395 352 1456 que
373 1375 577 1438 huiuscemodi
598 1375 808 1455 poenitentiam
829 1376 926 1456 egisse
946 1384 1027 1456 patet
1047 1394 1083 1437 ex
1104 1394 1161 1438 una
1183 1376 1307 1438 Celerini
1328 1375 1396 1437 edita
1414 1373 1473 1434 inter
1533 1375 1534 1408 l

295 1459 481 1540 cyprianicas
513 1460 647 1540 epistola,
680 1479 737 1539 qua
767 1460 868 1540 lapsae
895 1461 1009 1522 sororis
1037 1478 1108 1523 suae
1136 1460 1249 1522 ammon
1276 1461 1320 1522 sic
1339 1479 1370 1522 se
1388 1457 1473 1519 delen

294 1545 480 1607 testificatur:
502 1544 671 1608 Proculus
693 1546 784 1624 sactis
807 1563 858 1625 epo
880 1545 1037 1610 inlaatitio
1051 1543 1184 1608 Pascbae
1198 1549 1277 1626 {iens
1299 1545 1343 1608 die
1365 1549 1473 1606 ocnoctc

293 1635 328 1693 in
357 1629 452 1693 silicio
481 1641 509 1692 et
536 1634 635 1692 cimmo
663 1630 915 1710 lacrymabundus
937 1631 998 1693 dies
1020 1635 1106 1711 caepi
1125 1641 1154 1692 et
1174 1634 1262 1712 euripo
1282 1649 1370 1711 usque
1388 1632 1415 1690 in
1433 1626 1473 1686 be

295 1715 432 1777 dierorum
454 1713 546 1784 (ldenr
568 1714 660 1793 Epist
682 1717 734 1777 21.
755 1733 785 1793 p.
807 1719 883 1790 lb).

380 1797 475 1860 Ceteri
501 1797 598 1876 itaque
619 1797 785 1872 Christiani,
814 1798 868 1860 etsi
897 1797 1003 1860 nullius
1031 1797 1151 1860 sceleris
1173 1799 1296 1874 conscii,
1321 1796 1473 1878 publicorum

295 1889 393 1944 tamen
419 1881 631 1962 poenitentium
652 1882 764 1945 actibus
786 1889 872 1962 atque
894 1883 1003 1956 habitu,
1033 1885 1155 1957 inuidia,
1183 1884 1281 1965 inquit
1300 1879 1472 1948 Tertullianus,

296 1967 410 2030 caelum
431 1967 595 2030 tundebant
617 1966 800 2037 (Tertullian.
821 1967 974 2050 Apologet.
1001 1984 1064 2046 rap.
1085 1972 1159 2046 40.).
1190 1969 1223 2031 Si
1246 1969 1316 2049 quid
1336 1973 1472 2030 eumuna·
1533 2019 1534 2030 ,

294 2069 364 2113 men
392 2052 506 2113 inuidia
532 2051 720 2114 obscuritatis
748 2051 788 2113 ibi
810 2052 925 2124 habeat,
953 2050 1023 2112 huic
1042 2052 1137 2114 lucem
1158 2052 1287 2133 aliquam
1308 2054 1400 2115 efferre
1415 2063 1471 2126 pos·
1533 2099 1534 2120 p

295 2146 366 2199 sunt
385 2155 419 2198 ea
440 2155 514 2216 quase
535 2136 572 2198 de
593 2136 728 2217 ipsismet
748 2137 871 2198 ethnicis
893 2135 961 2198 alibi
983 2136 1116 2198 tradidit:
1149 2139 1239 2219 Apud
1260 2139 1392 2220 quasdam
1408 2128 1470 2192 colo·

295 2226 363 2283 nias
385 2238 488 2282 annno
510 2224 574 2285 ritu
596 2225 689 2282 socom
712 2221 806 2283 celati
825 2231 854 2284 et
875 2227 975 2284 cinere
996 2227 1152 2302 conspersi
1171 2224 1262 2287 idolis
1288 2216 1468 2286 suismoiditot
1533 2231 1534 2296 t

296 2304 459 2386 supplicem
481 2305 622 2368 obiiciunt
644 2351 651 2366 .
676 2350 684 2365 .
708 2349 715 2366 .
738 2305 932 2368 Niniviticum
953 2307 1041 2368 credo
1062 2310 1221 2370 iustitium.
1251 2309 1294 2370 lte
1315 2303 1469 2369 sanctiorem
1533 2311 1534 2340 1

295 2389 472 2469 martyribus
499 2388 628 2451 nostris:
666 2389 804 2452 Clamant
823 2391 862 2452 ad
882 2389 1043 2452 Dominum
1063 2392 1177 2454 inuidia
1198 2397 1318 2455 ammae
1338 2397 1474 2465 martpuo

295 2475 350 2537 sub
365 2474 477 2538 altari:
503 2473 640 2547 Quonam
654 2493 748 2554 usque
762 2491 824 2536 nan
837 2475 1002 2547 ulm'sceris,
1025 2477 1160 2550 Domine,
1178 2481 1353 2557 sampuimem
1363 2477 1474 2535 nortun

297 2559 332 2622 de
352 2558 459 2621 incolis
483 2555 607 2622 terroe?
634 2559 725 2634 (ldem
747 2557 796 2620 lib.
820 2558 857 2620 de
880 2559 960 2622 Orat.
983 2578 1045 2639 cap.
1068 2565 1123 2636 5.).
1166 2559 1287 2624 illorum
1316 2561 1394 2622 enan
1417 2553 1475 2614 tim·

295 2643 384 2704 mices
411 2650 495 2705 vocat
520 2635 685 2706 incidiosas
713 2645 795 2725 apud
818 2643 979 2715 Cbriatum,
1006 2649 1076 2726 puio
1096 2648 1202 2725 uicisse
1225 2649 1379 2727 cupierunt
1406 2635 1477 2713 (ldtffl

295 2727 346 2789 lib.
370 2727 406 2788 de
420 2727 544 2789 Pudicit.
560 2727 591 2788 in
605 2728 680 2804 lin).
710 2728 788 2800 Quin
811 2727 897 2790 edam
920 2728 956 2789 de
978 2729 1139 2810 semetipso
1161 2729 1299 2792 similiter
1319 2727 1397 2791 dixit:
1417 2717 1477 2784 Mali

294 2813 438 2876 invidiam
466 2816 501 2889 ei,
535 2812 596 2873 Deo
623 2811 766 2886 videlicet,
797 2814 900 2892 facere
922 2830 981 2894 per
1008 2814 1192 2878 uoluntatem
1220 2819 1316 2896 ipsius
1342 2803 1478 2894 permoto,

295 2915 384 2978 qnam
413 2897 499 2960 bilem
521 2914 581 2977 per
602 2917 693 2959 meam
724 2898 873 2960 evadendo
907 2896 998 2972 (Idem
1020 2898 1071 2960 lib.
1093 2898 1130 2960 de
1150 2897 1232 2978 ruga
1253 2899 1285 2960 in
1305 2899 1414 2960 Persou
1432 2904 1479 2983 ott·

297 2985 371 3059 lbi.
416 2980 493 3056 Quid
515 2979 623 3062 plura?
666 2981 776 3044 Statius
799 2981 849 3043 ubi
871 2990 996 3044 mortem
1017 2981 1108 3062 patris
1130 2982 1274 3063 deplorat,
1297 2984 1366 3044 haee
1384 2975 1480 3040 meiat&
1533 2991 1534 3060 t

447 3065 547 3129 Maior
568 3076 646 3129 certe
667 3066 744 3129 alios
765 3084 894 3146 superos
916 3077 944 3130 et
965 3077 1086 3130 tartara
1104 3068 1223 3147 pulsem
1533 3107 1534 3122 1

448 3149 578 3213 lnoidio.
787 3151 873 3223 (Stat
888 3151 938 3212 lib.
953 3152 1003 3213 tx.
1025 3151 1129 3214 Silvas.
1151 3153 1183 3214 in
1203 3152 1297 3233 patris
1315 3147 1434 3232 uptun.)

296 3233 411 3296 Rursus
434 3241 530 3295 autern
551 3234 583 3294 in
604 3233 655 3295 filii
680 3234 834 3314 Epicadio:
999 3299 1004 3308 ,

449 3363 584 3382 .....
607 3318 714 3382 Nonne
736 3319 880 3382 horridus
899 3323 982 3400 ipsos

448 3401 567 3465 lnoidia
588 3422 715 3485 superos
738 3409 907 3484 iniustaque
929 3413 1050 3466 tartaro
1068 3402 1212 3486 pulsem?

448 3485 555 3550 Nonne
575 3506 687 3567 aemam
709 3499 746 3560 te,
768 3506 837 3550 care
854 3485 958 3568 puer?
1348 3483 1462 3572 uniti·

294 3569 333 3632 At
354 3589 424 3632 sane
447 3578 563 3654 constat
584 3590 692 3634 nomen
712 3572 837 3634 invidias
858 3572 895 3632 iis
918 3571 1055 3634 amnibus
1075 3572 1107 3634 in
1127 3572 1201 3635 locis
1223 3591 1286 3635 non
1302 3564 1439 3634 communi
1455 3559 1484 3622 tl·

294 3656 352 3718 lius
374 3655 536 3736 significatu
558 3656 649 3737 accipi
671 3676 726 3736 pro
749 3656 817 3718 odio
840 3665 870 3718 et
890 3657 1091 3719 malevolentia
1111 3665 1161 3719 aut
1186 3656 1223 3719 de
1237 3657 1390 3738 prosperis
1403 3649 1484 3745 cuins-

294 3742 373 3822 piam
401 3741 489 3802 rebus
518 3740 630 3828 dolore.
674 3741 747 3802 Nam
768 3742 824 3802 ista
846 3740 876 3802 in
898 3741 991 3803 lbeum
1012 3761 1067 3803 nec
1089 3741 1196 3804 radunt
1222 3760 1280 3804 nee
1311 3743 1349 3804 iis
1380 3739 1486 3813 ungitur

295 3835 345 3890 aut
366 3827 508 3888 excitatur
529 3825 564 3886 ad
587 3825 827 3888 misericordiam.
856 3825 894 3887 lit
914 3834 992 3888 certe
1015 3826 1116 3887 Cicero
1138 3827 1245 3888 latetur
1259 3826 1421 3906 ambiguum
1434 3830 1485 3879 ⁸⁵⁵0

294 3929 404 3978 nomen
425 3910 566 3972 invidiae:
606 3911 694 3984 Quod
715 3911 846 3981 verbum,
875 3911 979 3991 inquit,
1008 3912 1128 3974 ductum
1148 3922 1193 3974 est
1213 3931 1233 3973 a
1254 3915 1344 3974 mim-is
1365 3899 1486 3971 mouendi

295 3997 455 4075 fortunam
474 3995 612 4066 alterius,
634 4006 669 4056 ut
690 4007 735 4058 est
756 4000 789 4057 in
810 3994 998 4077 Menalippa:

447 4079 568 4142 Florem
589 4084 726 4160 quisnam
747 4079 875 4142 libonem
894 4080 1002 4142 incidit
1021 4077 1143 4142 meum?
1471 4151 1476 4164 Ι

296 4161 375 4226 Male
397 4163 490 4226 latine
511 4165 640 4237 videtur,
669 4165 722 4226 sed
739 4165 901 4245 praeclare
921 4165 1042 4227 Aetius:
1070 4175 1106 4227 ut
1127 4166 1204 4227 euim
1224 4165 1336 4236 cidere,
1364 4164 1405 4224 sie
1423 4161 1488 4218 inot-

297 4247 368 4309 dere
393 4247 497 4310 liorem
525 4251 647 4320 rectius,
676 4267 764 4331 quam
790 4248 858 4311 llari
885 4251 1005 4312 dicitsm
1049 4247 1113 4313 Nos
1136 4249 1349 4312 consmtudiru
1366 4237 1487 4328 prodiit·

295 4349 384 4393 mur:
402 4337 494 4412 poeta
517 4338 565 4396 ius
585 4351 674 4396 suum
697 4338 793 4397 insuit
813 4343 843 4396 et
864 4335 942 4396 deicit
962 4335 1105 4397 audeam
1127 4333 1232 4410 (Cicer.
1254 4331 1306 4395 lib.
1318 4331 1366 4393 ΠΙ.
1386 4317 1487 4389 Tusci·

296 4434 326 4495 p.
352 4419 422 4480 151.
444 4417 495 4478 lin.
522 4422 592 4496 tu).
636 4417 713 4492 Quid
742 4437 812 4498 crgo
839 4419 865 4480 si
887 4417 1085 4480 Tertullianus
1113 4437 1223 4480 nomen
1255 4416 1380 4478 insidiae
1400 4407 1487 4472 eodem

297 4509 383 4582 atque
402 4498 502 4562 Actius
534 4519 624 4564 sensu
646 4505 800 4582 acceperit,
823 4521 877 4583 pro
898 4501 1016 4576 intuitu,
1041 4503 1106 4564 risu
1127 4511 1157 4564 et
1177 4509 1297 4582 aspectu
1320 4495 1488 4589 miseritis·

296 4592 346 4651 tus
367 4593 397 4651 et
416 4583 533 4650 habitus
553 4587 768 4667 poenitentium
789 4587 1036 4665 Christianorum,
1057 4587 1108 4670 qui
1129 4605 1166 4651 eo
1188 4585 1316 4650 urnam
1335 4583 1489 4648 sumantur·
