3144 5236
379 388 383 396 .
476 353 611 399 lucrose
632 353 691 398 mc.
713 353 751 400 uu
772 353 900 402 suomi.
1237 340 1301 409 eta

695 425 707 456 Ι

104 507 276 581 muoepernnt
306 519 417 564 numen
438 521 500 566 non
520 503 609 568 deum
629 465 708 578 esse,
736 504 789 568 sod
811 503 994 569 daemonem.
1037 505 1181 573 blinuoim
1201 517 1301 572 eutem

106 585 166 660 ren
190 605 262 648 usus
291 593 338 648 est
365 587 484 650 nomine
512 593 675 669 anpuroto,
704 589 756 650 ubi
784 590 821 652 do
848 589 912 652 falsi
938 589 1095 654 cuiuslibet
1115 593 1163 656 dei
1185 601 1298 662 statuat

102 673 134 734 ll
149 675 311 753 amparate,
339 672 443 751 inquit,
473 673 589 738 lomene
612 674 781 756 heoipatur
803 675 922 751 (lliuuc.
945 675 1045 738 Octar.
1067 693 1098 755 p.
1120 679 1216 756 bob).
1260 679 1300 744 lut

100 755 257 818 Prudentius
278 765 384 836 postea
406 758 442 820 de
462 758 595 838 Apolline
617 759 738 822 cecinit:

284 841 359 904 dloa
379 844 465 924 fleuit
485 848 657 924 impuratus
681 848 810 908 centurn
830 848 920 924 proci

282 927 387 990 Disco.
646 928 749 1003 (Prud.
769 930 801 992 in
821 929 927 1009 llpmn.
948 930 979 994 S.
1001 930 1089 994 Ram.
1110 950 1138 994 u.
1161 934 1233 998 205.

488 1087 491 1093 ’
575 1113 742 1167 terremus
759 1115 808 1168 un.

93 1217 151 1267 burm
172 1218 289 1272 praeclare
309 1216 458 1262 Tertullianus
482 1219 586 1274 euporius
610 1226 764 1273 argumentum
786 1219 838 1264 tude
856 1219 977 1273 confirmet,
1001 1221 1060 1277 quod
1078 1222 1198 1265 doemone·
1217 1221 1244 1266 nb
1261 1222 1298 1276 tle,

92 1295 139 1336 aueo
160 1285 300 1338 obsidebant,
323 1285 436 1330 hominurn
460 1287 590 1342 corporibus
613 1287 674 1332 veria
699 1288 764 1332 modo
788 1289 921 1332 edicerentur
942 1289 978 1333 vel
1002 1289 1030 1334 ele
1048 1289 1163 1334 marciatis
1183 1291 1220 1334 rel
1246 1291 1297 1336 aliie

92 1351 216 1403 Ctrlsdmte,
234 1365 295 1410 quoa
313 1353 414 1398 timentes
432 1353 483 1398 odio
501 1354 612 1398 trabebant
637 1355 736 1410 ipsisque
753 1363 816 1400 eraut
833 1355 940 1408 coniectu
958 1367 1002 1412 quo
1021 1368 1089 1400 ernau
1108 1357 1225 1414 desperate
1243 1358 1299 1402 diol-

133 1428 164 1463 tur
180 1422 269 1464 illorum
289 1422 403 1472 conditio,
421 1433 446 1464 ac
465 1421 492 1465 de
510 1434 596 1478 poenae
615 1434 683 1476 mora,
702 1435 746 1478 qne
763 1424 866 1467 solatium
883 1424 990 1467 nuendee
1008 1425 1149 1480 malignitatis
1167 1426 1249 1470 babere

637 1491 744 1535 tenuntur.

163 1603 305 1666 Etbnicos
331 1604 474 1666 acerrime
502 1606 598 1668 adhuc
624 1615 710 1686 urget
736 1606 933 1669 Tertullianus
965 1606 1118 1686 palamque
1159 1608 1297 1674 omnibus

91 1687 273 1767 autquarta
297 1689 387 1752 luerit
407 1689 639 1754 Christianorum
663 1692 699 1754 nd
721 1692 864 1770 lugendos
880 1691 1038 1754 mentones
1062 1711 1172 1772 eosqrre
1188 1712 1224 1754 ex
1239 1694 1297 1756 ob·

91 1791 234 1839 sessorum
253 1773 411 1836 bominum
432 1776 607 1854 corporibus
629 1776 781 1854 pellendos
802 1785 934 1856 potestus
956 1784 1156 1856 quantumque
1182 1779 1214 1840 in
1228 1778 1297 1842 illos

91 1857 251 1935 imperium:
273 1858 353 1920 Nam
375 1860 409 1922 de
431 1871 580 1934 contactu,
605 1860 710 1940 inquit,
735 1863 826 1942 deque
849 1863 965 1941 afflatu
979 1872 1087 1924 nostro
1112 1864 1298 1945 contempla-

93 1945 168 2004 tione
192 1953 218 2004 et
244 1947 521 2024 repraesentatione
547 1949 624 2026 e'pnts
652 1946 736 2009 illiue
765 1951 901 2028 correpti
930 1951 1020 2010 ettam
1049 1949 1083 2010 de
1115 1949 1296 2029 corporibus

91 2037 189 2088 nostro
218 2033 344 2108 oniperto
377 2030 525 2092 encedurrt
560 2034 650 2093 inulti
679 2043 707 2094 et
737 2031 870 2092 dolentes
904 2044 932 2094 et
971 2033 1054 2094 audie
1082 2033 1296 2113 praesentibus

94 2111 286 2176 traducentes
311 2112 492 2186 (Tertullian.
514 2115 666 2195 Apologet.
688 2134 750 2194 cap.
773 2117 848 2192 TC).
878 2114 993 2178 Ethnici
1015 2116 1104 2196 igitur
1124 2117 1202 2180 nulla
1222 2136 1308 2197 pro-¹

96 2195 157 2256 lecto
176 2197 291 2262 ratione
313 2216 369 2259 nec
389 2196 447 2260 nisi
470 2195 621 2260 obfirmata
653 2219 777 2279 prorsus
810 2219 1013 2280 necunquam
1036 2200 1177 2264 vincenda
1199 2202 1297 2264 obsti-

97 2281 196 2342 neduoe
223 2301 336 2362 negare
356 2291 494 2361 poterent
514 2293 544 2344 et
564 2283 739 2348 daemonnm
771 2284 1001 2348 imbellicitatem
1031 2294 1061 2348 et
1082 2287 1186 2348 mirem
1208 2286 1307 2363 curn,

102 2365 241 2428 stiunorum
271 2367 306 2428 in
333 2385 386 2430 eos
414 2367 585 2446 potentiam,
612 2388 669 2448 qua
690 2369 844 2448 religionis
866 2388 937 2432 suae
958 2370 1111 2433 ueritatem
1132 2371 1295 2434 meridiano

106 2449 150 2510 tole
165 2451 270 2514 darius
296 2451 548 2514 demonstrabant.

166 2536 196 2598 tt
215 2535 339 2616 rogabit
358 2537 482 2598 forsitan
504 2537 607 2616 aliquis
630 2547 728 2599 utrum
750 2539 791 2601 ibi
813 2539 1010 2601 Tertullianus
1033 2537 1069 2600 de
1091 2539 1204 2602 nostris
1227 2547 1297 2600 tan-

108 2623 152 2680 tun
171 2620 326 2684 exorcistis
353 2622 497 2700 loquatur.
540 2622 614 2684 Nam
642 2624 803 2702 Cyprianus
830 2623 881 2684 ubi
909 2624 946 2686 de
973 2623 1033 2695 his,
1062 2641 1136 2702 qnae
1165 2633 1298 2702 tempore

104 2719 144 2764 ruo
160 2705 217 2768 lieri
239 2705 389 2779 solebant,
411 2707 446 2768 ad
468 2707 604 2786 Magnum
627 2707 739 2781 scribit,
761 2707 802 2770 ibi
824 2709 982 2770 daemones
1004 2707 1041 2768 ab
1062 2708 1216 2772 exorcistis
1238 2726 1297 2768 no-

101 2787 207 2852 mnam
227 2794 349 2870 lagatos
372 2792 416 2854 sic
437 2792 538 2871 utique
559 2792 746 2854 testificetur:
787 2794 876 2866 Quod
907 2793 992 2854 bodie
1015 2795 1104 2856 ettam
1124 2797 1242 2872 aeritur·
1263 2804 1299 2859 ut

97 2889 141 2949 per
156 2881 326 2940 exorcistas
349 2895 418 2938 uoce
442 2877 572 2940 bumana
594 2889 622 2939 et
639 2886 788 2956 potestate
811 2879 913 2940 dr'cr'no
933 2875 1108 2956 [depelletur
1133 2887 1163 2939 et
1183 2887 1299 2938 armar

99 2969 322 3042 retorqueatur
354 2961 490 3025 diadolus
533 2960 681 3040 (Cypriae.
710 2961 804 3040 Epist.
834 2963 884 3024 69.
918 2960 954 3022 ud
982 2960 1118 3038 llagnum
1146 2979 1175 3039 p.
1202 2962 1296 3036 teu).

96 3037 183 3106 Nonne
204 3045 307 3117 etiam,
337 3045 449 3124 inquiet
470 3045 553 3116 alins,
582 3045 618 3106 de
640 3045 745 3106 iisdem
775 3044 931 3107 exorcistis
952 3045 1079 3124 ipsemet
1099 3044 1297 3106 Tertullianus

96 3125 141 3188 dic
160 3131 189 3191 in
209 3130 289 3192 libro
313 3129 385 3191 lraec
404 3131 474 3192 lecit
494 3129 674 3208 totidemque
696 3130 798 3191 rerba:
835 3129 1011 3210 laempdon
1032 3131 1150 3204 accidet,
1180 3131 1298 3194 domena

96 3219 155 3275 teste
174 3219 235 3278 aar
257 3212 409 3288 mulieris,
432 3234 506 3297 quae
527 3215 681 3277 eleutrum
704 3216 778 3279 adiit
800 3225 827 3278 et
849 3217 918 3277 inde
941 3233 1006 3276 cuae
1028 3215 1180 3278 manento
1196 3216 1299 3280 rediit.

95 3293 183 3376 ltopue
209 3305 241 3362 e'n
270 3304 441 3362 exorcismo
471 3319 537 3362 cum
559 3311 741 3362 oneraretur
764 3305 890 3382 spiritus
914 3301 1082 3362 maenum
1104 3299 1182 3381 pund
1202 3319 1297 3362 ausus

96 3393 158 3442 erret
176 3385 296 3464 fidelem
317 3385 453 3463 aparedr':
492 3384 674 3446 Cunctanter
702 3395 731 3446 et
752 3389 924 3458 ruetiese'me,
947 3389 1051 3466 inquit,
1082 3386 1150 3464 sect,
1180 3389 1211 3448 ire
1232 3403 1298 3448 meu
1330 3385 1333 3394 ’

96 3483 145 3526 ean
164 3473 268 3532 moeni
295 3468 430 3540 (Tertull.
453 3468 503 3530 lib.
526 3469 562 3530 de
584 3469 715 3548 Spectas.
738 3487 801 3549 cap.
824 3467 914 3546 Tibi?
956 3468 1061 3532 Nonne
1083 3469 1170 3531 etiem
1192 3487 1296 3530 rursus

95 3548 165 3611 alibi:
189 3555 257 3627 Quo
282 3571 336 3614 ore
361 3554 551 3616 Christianus
574 3555 746 3628 thurarius,
765 3554 795 3616 id
818 3563 865 3616 est
885 3553 935 3632 qui
955 3553 1134 3615 thusndotis
1157 3553 1297 3627 incendit,

95 3637 118 3694 n'
130 3655 183 3715 per
203 3637 317 3718 templa
339 3639 491 3710 transibit,
513 3640 667 3717 fumantes
689 3658 762 3700 oras
786 3639 908 3719 despuet
929 3649 959 3700 et
980 3639 1169 3716 emsnfflade't,
1192 3638 1299 3718 quidue

95 3719 662 3870 ltttttttt,ltntttttt‘
678 3723 1030 3887 tttttttttlttt
1052 3721 1302 3886 tundunt}

95 3889 245 3954 eaclueeru't
268 3825 463 3964 tianensem,
485 3911 547 3954 non
569 3891 627 3955 ar'dr'
643 3892 763 3971 placeat
785 3894 819 3954 de
839 3893 909 3973 fide.
938 3891 1038 3972 Neque
1060 3893 1136 3952 enirn
1150 3882 1300 3950 inimiciora

96 3973 219 4116 {idum
266 3976 366 4039 Facile
393 3977 492 4040 deluit
514 3977 548 4040 de
569 3996 602 4040 eo
625 3981 796 4057 impetrare,
826 3995 909 4057 punc
930 3977 1058 4056 quotidie
1079 3977 1176 4053 poea‘t
1206 3973 1300 4046 (ldem

106 4054 318 4124 '.deldolcl.
342 4080 374 4122 ca
396 4105 403 4122 .
427 4064 480 4126 2..

167 4143 359 4225 despondere
375 4067 498 4224 iptdddn
520 4145 623 4225 uliquis
644 4153 748 4225 posset
769 4145 799 4206 in
820 4153 946 4224 unoque
968 4143 1018 4204 illu
1041 4141 1211 4204 Tertulliani
1232 4142 1298 4204 loco

96 4241 148 4288 uun
171 4230 335 4292 exorcistas
357 4230 511 4304 nominari,
541 4231 595 4294 sed
624 4230 805 4292 exorcismos
833 4229 897 4292 sive
928 4226 1137 4301 adimntionos,
1166 4245 1239 4306 quae
1261 4227 1298 4292 ab

97 4313 219 4378 ⁰mnibus
242 4315 436 4394 proculdubio
459 4315 633 4378 Christianis
660 4315 794 4377 adhiberi
815 4321 962 4394 poterunt.
1004 4312 1112 4374 Verum
1133 4329 1221 4376 nemo
1242 4330 1298 4376 ne-

97 4409 155 4470 utro
182 4407 283 4478 potest
310 4399 347 4461 ab
375 4401 529 4462 exorcistis
557 4399 703 4480 inprimis,
734 4399 810 4460 sicut
837 4399 879 4460 ait
900 4397 1073 4478 Cyprianus,
1101 4397 1240 4477 expulsos
1263 4416 1299 4460 ex

97 4475 236 4546 hommum
265 4483 439 4564 corporibus
467 4486 625 4548 daemonas
653 4493 740 4564 etque
768 4484 797 4546 id
825 4483 899 4544 satis
931 4482 1050 4546 ductori
1077 4491 1182 4544 nostru
1204 4483 1299 4546 luisse

98 4563 127 4623 td
146 4569 325 4648 preliandum
346 4569 576 4634 Christianorum
598 4570 630 4634 in
651 4571 773 4634 eosdem
793 4569 952 4632 daemonas
973 4566 1160 4650 potestatem.
