3144 5236
230 311 295 377 226
330 300 522 368 DISSERTlel)
538 321 568 365 tu
585 323 634 373 Qll.
649 321 733 366 ΒΕΡΤ.
748 321 834 366 FLOR·
851 321 1288 366 ruuruttttn'tarouuuurtcutt
1303 323 1390 368 GRTT.
1449 289 1453 296 ι

232 473 436 552 (manasseripti
460 473 555 534 nostri
578 480 608 533 et
628 472 764 550 antiquae
786 470 933 538 editiones
955 471 1183 550 annuntiatum)
1209 471 1268 534 sibi
1286 490 1326 533 ea
1348 469 1456 551 Syriae
1499 505 1501 512 1

232 561 416 628 Palaestina,
446 575 520 638 puae
543 554 701 632 (Paruelius
724 555 815 636 quod)
840 555 902 617 illic
924 560 1081 619 veritatem
1101 559 1192 618 istim
1215 557 1382 618 divinitatis
1404 575 1457 619 re-

234 645 414 706 velaverant
437 641 527 714 (idem
549 639 743 718 manuscripti
759 647 792 701 et
802 639 875 700 aliae
889 639 1070 717 antiquiores
1085 639 1233 712 editiones
1249 639 1454 722 revelaverat)

233 717 341 791 deutlit
369 727 408 787 ad
436 734 574 787 senatun
607 743 673 786 aum
697 727 915 803 praerogativa
942 725 1086 805 suffragii
1112 728 1170 785 sui.
1214 722 1354 794 Senatus,
1386 730 1456 804 quia

232 831 295 874 non
317 815 381 890 ipse
400 810 595 888 probaverat,
618 812 747 888 respuit.
793 807 905 870 Caesar
926 811 958 868 in
979 811 1128 869 sententio
1149 811 1270 876 nunsit,
1294 812 1456 870 commino-

234 906 283 958 tus
302 894 474 974 periculam
496 894 725 955 accusatoribus
749 891 993 954 cbristianorura
1014 890 1198 964 (Tertullian.
1221 891 1292 952 ibid.
1315 909 1376 970 cap.
1400 897 1455 968 5.).

232 977 380 1040 Eusebius
402 995 472 1038 vero
485 983 588 1038 totum
611 976 691 1038 huno
701 975 873 1037 Tertulliani
888 975 1014 1036 indicato
1031 976 1095 1036 eius
1110 975 1231 1036 nomine
1245 975 1342 1038 locum
1353 985 1454 1038 traus-

234 1061 364 1140 soripsit.
394 1061 481 1122 Prius
504 1069 601 1122 autem
624 1067 725 1122 narrat
746 1077 860 1120 morem
882 1059 1052 1132 invaluisse,
1074 1059 1338 1138 utprovinciarum
1352 1071 1454 1122 reeta·

233 1165 300 1218 res,
338 1145 479 1224 quidquid
515 1144 585 1206 nori
621 1144 699 1223 apud
730 1143 813 1226 ipsos
845 1143 1034 1222 contigisset,
1070 1142 1242 1222 imperatori
1275 1144 1455 1208 nuntiarent.

234 1229 435 1303 Quamobrem
462 1228 573 1290 Pilatus
602 1229 637 1290 de
664 1233 896 1296 resurrectione,
926 1227 1031 1305 inquit,
1060 1226 1235 1290 Servatoric
1262 1232 1366 1290 nostri
1385 1228 1458 1290 lesu

235 1315 359 1388 Cbristi,
384 1317 468 1374 ouius
488 1331 548 1392 pcr
568 1315 742 1374 universam
753 1311 956 1373 Palaestinam
979 1305 1102 1373 belebnis
1123 1314 1207 1391 lama
1222 1322 1298 1380 erat,
1315 1313 1355 1374 ad
1372 1311 1458 1375 Tibe-

234 1404 316 1460 riurn
339 1401 511 1478 principem
538 1396 653 1466 retulit,
681 1395 778 1457 multa
805 1413 919 1476 quoque
940 1395 1002 1457 alia
1024 1397 1153 1458 eusdem
1174 1396 1323 1458 miracula
1345 1415 1381 1476 se
1400 1415 1460 1457 au-

235 1485 301 1546 ditu
328 1485 477 1562 accepisse
506 1481 691 1560 significans,
727 1492 757 1544 et
783 1479 915 1560 qualiter
944 1481 1042 1542 denuo
1069 1481 1109 1541 ad
1135 1482 1229 1543 vitum
1255 1492 1459 1548 revocatura

230 1567 386 1648 plerisque
409 1571 469 1626 iam
490 1565 571 1626 lleus
596 1566 766 1627 baberetur.
808 1565 849 1624 'dt
874 1563 1021 1626 Tiberium
1047 1565 1165 1646 quidem
1186 1565 1226 1626 ad
1246 1575 1384 1640 servotum
1407 1584 1459 1626 re-

236 1650 341 1712 tulisse
369 1649 547 1729 perbibent,
586 1650 639 1710 sed
671 1659 810 1710 senatum
846 1647 1018 1714 huiusmodi
1050 1647 1229 1710 relationem
1259 1659 1461 1728 aspernatum

234 1735 351 1812 fuisse5
373 1738 468 1812 specie
490 1734 616 1814 guidem,
639 1751 673 1794 ev
695 1735 773 1814 quod
795 1741 919 1792 senatus
942 1735 1110 1808 auotoritas
1125 1732 1164 1793 od
1177 1733 1210 1793 id
1223 1750 1285 1794 non
1300 1745 1461 1812 expectata

235 1817 402 1887 vt'debvtu'r,
427 1835 493 1878 urm
515 1826 614 1878 tamen
637 1817 687 1878 len
708 1826 794 1877 vetus
816 1817 899 1895 upucl
920 1814 1069 1878 Romanos
1092 1827 1177 1885 esset,
1198 1835 1237 1877 ne
1258 1820 1324 1896 puis
1347 1817 1461 1898 absque

126 1929 129 1934 ·
235 1903 354 1962 decreto
377 1910 501 1962 senatus
521 1918 581 1981 pro
605 1898 668 1961 Deo
692 1899 863 1970 baberetur,
886 1918 920 1960 re
941 1911 1042 1961 autern
1060 1904 1129 1980 ipso
1152 1919 1185 1962 ev
1208 1901 1287 1979 guod
1308 1900 1460 1964 salutaris

235 1987 354 2046 bibinae
375 1985 531 2046 doctrinae
549 1985 738 2063 praedicatio
760 1988 941 2045 auctoritate
962 1994 990 2044 et
1011 1984 1128 2046 onnilio
1152 1984 1304 2046 bominum
1324 2003 1389 2046 nvn
1410 1990 1461 2047 in-

235 2069 356 2148 digeret.
403 2067 475 2129 Cum
509 2072 604 2148 igitur
637 2078 760 2129 senatus
789 2066 968 2129 relationem
996 2069 1031 2130 de
1061 2067 1226 2152 Serpatore
1258 2069 1460 2147 repudiasset,

238 2151 372 2214 Tiberius
402 2162 501 2212 tomen
529 2158 561 2212 in
589 2156 721 2230 pristino
744 2155 891 2213 sententia
909 2168 1113 2230 perseverans
1134 2151 1212 2213 nibil
1232 2152 1380 2214 adversus
1405 2155 1463 2216 do-

235 2240 366 2297 ctrinam
395 2235 511 2299 Cbristi
537 2237 645 2298 durius
673 2234 796 2296 molitus
826 2253 889 2296 essa
918 2237 1030 2296 dieitur
1059 2235 1181 2308 (Euseb.
1204 2233 1255 2296 lib.
1278 2235 1315 2296 ll.
1344 2235 1460 2298 Hister.

234 2317 346 2379 Eccles.
369 2337 432 2397 cap.
456 2322 486 2382 2.
508 2336 538 2398 p.
561 2323 637 2394 bb).
681 2319 722 2379 lta
751 2317 885 2379 Valesius
914 2319 1121 2397 interpretatus
1150 2327 1197 2380 est
1224 2319 1314 2380 verba
1336 2319 1462 2384 Eusebii

235 2420 349 2481 graeca,
371 2420 456 2480 quae,
480 2402 548 2480 quia
570 2402 657 2481 paulo
679 2402 813 2479 longiora
835 2409 914 2474 sunt,
937 2403 985 2464 hie
1007 2397 1315 2464 non'transcribimus.
1346 2404 1463 2466 Deinde
1486 2439 1496 2459 ·

235 2503 307 2546 roro
329 2485 476 2547 Eusebius
499 2486 671 2547 Tertulliani
703 2485 793 2546 verba
827 2503 961 2564 graecam
992 2485 1023 2546 iu
1054 2487 1182 2566 linguam
1217 2488 1261 2548 sia
1293 2489 1463 2552 transtulit:

181 2593 191 2629 τ
238 2572 392 2676 Τιβέςιος
414 2557 472 2633 otiu
495 2562 712 2673 §77823‘5‘57109
734 2561 822 2652 αὐτῷ
845 2566 880 2632 a'rc
894 2568 1120 2671 llolotprlvrpg
1134 2571 1192 2670 roi
1210 2567 1464 2678 ddyuurogrosj·

234 2652 1355 2838 itttttttttttituttttitttutte..tt.
1376 2681 1464 2830 ..ii

235 2817 475 2902 bdedoucpoinec,
510 2814 681 2885 ἆπωσατο.
724 2813 759 2884 ‘0
787 2819 824 2885 δὲ
851 2819 885 2885 tv
915 2823 954 2906 τῇ
983 2818 1082 2886 αὐτοῦ
1117 2815 1290 2925 ἀποφάσει
1321 2823 1463 2904 ἔμεινεν,

236 2897 420 2991 ἀπειλήσας
455 2903 605 2970 θάνατον
640 2913 713 2980 τοῖς
740 2906 806 2968 τῶν
833 2907 1061 2987 Xpicrcovo'u·
1078 2929 1279 2991 κατηγοροις.
1324 2910 1464 2972 Valesius

235 3009 305 3052 vero
333 2991 406 3053 haee
434 2989 540 3052 iisdem
562 2989 660 3052 latinis
683 2990 782 3051 verbis
805 2990 943 3060 reddidit,
971 2992 1097 3070 quaein
1120 2993 1271 3054 codicibus
1294 2995 1408 3055 nostris
1432 3005 1466 3057 et
1512 3043 1520 3056 .

236 3075 419 3136 editionibus
442 3083 509 3137 aute
531 3075 689 3153 Rigaltium
712 3073 837 3138 exhibita
861 3075 997 3136 vidimus.
1031 3077 1144 3138 Verum·
1160 3077 1191 3137 iu
1214 3076 1277 3138 suis
1300 3078 1380 3138 notis
1404 3098 1464 3159 ap-

237 3158 360 3236 probata
383 3157 517 3219 eiusdem
539 3159 658 3237 Rigaltii
679 3159 883 3220 emendatione
905 3159 993 3220 verba
1009 3177 1112 3239 graeca
1126 3161 1247 3222 Eusebii
1262 3169 1313 3222 aut
1327 3161 1465 3238 alterius,
1517 3175 1520 3184 '

236 3247 271 3300 ut
296 3239 362 3318 ipse
391 3249 484 3320 palm,
512 3241 681 3320 interpretis
712 3251 850 3321 oornrpta
872 3261 940 3304 esse
963 3243 1129 3322 opinatur.
1156 3245 1214 3306 Sed
1237 3246 1263 3306 si
1285 3245 1341 3323 ipsi
1364 3248 1466 3308 subo·

236 3322 364 3384 luissent
397 3343 471 3402 quae
502 3343 519 3386 a
546 3324 672 3404 Rigaltio
702 3327 732 3386 in
760 3335 841 3387 textu
869 3327 1218 3390 Tertulliani'immutata
1245 3337 1324 3402 sunt,
1358 3331 1465 3409 potius

235 3421 341 3486 graeco
365 3407 503 3486 scriptori
526 3409 654 3470 tortasse
680 3409 915 3488 subscripsisset.
1299 3433 1316 3444 ·

162 3487 173 3512 ⁸
323 3489 466 3570 Quidquit
492 3509 584 3570 porro
613 3493 662 3566 sit,
692 3511 728 3554 ex
755 3502 878 3572 utraque
899 3495 1025 3556 lectione
1047 3497 1318 3576 satisperspicitur
1339 3497 1466 3561 Tertul-

236 3573 305 3636 liani
328 3593 447 3647 sensus,
470 3593 526 3637 nee
547 3577 583 3638 do
606 3575 653 3637 illa
676 3595 745 3637 esse
767 3585 867 3656 potest
888 3577 945 3640 ulla
967 3579 1130 3652 difficultas,
1153 3580 1212 3641 nisi
1234 3579 1264 3640 in
1286 3581 1332 3642 bis
1348 3582 1465 3656 verbis,

236 3658 344 3738 mribus
375 3658 515 3736 Tiberius
540 3660 648 3721 dicitur
676 3679 731 3739 pro
760 3679 813 3723 sua
841 3663 1022 3726 consolantia
1048 3664 1106 3726 iam
1142 3665 1236 3726 luisse
1262 3665 1488 3730 Christianus.¹

236 3743 310 3804 Nam
339 3743 449 3804 ibidem
477 3743 560 3819 dixit,
589 3743 731 3805 Caesares
753 3764 813 3806 non
836 3747 978 3820 credisse,
1007 3748 1075 3827 quia
1097 3747 1239 3810 Caesares
1262 3757 1356 3811 erant.
1402 3751 1468 3814 Sed

236 3827 398 3906 ibiyrerbo
421 3829 544 3890 eredere
566 3828 638 3888 nibil
661 3829 778 3890 videtur
799 3829 877 3892 aliud
899 3831 1093 3909 significasse,
1121 3832 1180 3892 nisi
1202 3831 1465 3911 publieamJCbri-

236 3911 351 3974 adanae
377 3911 529 3991 religionis
556 3913 783 3990 professionem.
826 3915 885 3976 Pro
915 3933 970 3976 sua
997 3916 1084 3996 igitur
1111 3917 1292 3982 conscientia
1321 3917 1466 3982 Tiberius

238 4003 303 4056 erat
324 3994 518 4070 Christianus,
542 3997 597 4058 sed
620 4015 710 4058 ausus
734 4017 794 4059 non
817 4007 864 4059 est
883 3999 913 4060 id
935 3999 1030 4078 palam
1052 4001 1197 4080 profiteri.

321 4076 359 4138 tt
380 4097 442 4154 esu,
464 4081 593 4160 inquies,
614 4080 722 4142 adiecit
742 4083 852 4144 ductor
872 4092 991 4144 noster:
1030 4085 1174 4146 Caesares
1197 4087 1405 4160 credidissent,
1437 4093 1472 4150 si

234 4177 300 4222 nvn
323 4173 422 4224 essent
444 4165 565 4227 saeculo
588 4165 776 4228 successerit?
810 4166 982 4246 Respondet
1004 4167 1145 4246 Rigaltius
1167 4167 1238 4230 illud
1260 4169 1327 4230 ideo
1351 4171 1469 4234 dictum

237 4243 340 4314 luisse,
363 4246 440 4323 quia,
463 4248 506 4310 uti
529 4249 604 4310 inira
627 4249 802 4323 ridebimus,
825 4267 1001 4328 persuasum
1023 4252 1171 4314 habebant
1190 4254 1255 4316 lore
1270 4264 1303 4315 ut
1319 4257 1467 4330 mundus,

237 4343 326 4405 quem
353 4328 495 4392 uolebant
527 4341 586 4396 tant
615 4334 673 4396 cito
690 4335 824 4408 destrui,
855 4353 921 4396 vum
949 4335 1083 4397 Romano
1111 4337 1236 4416 imperio
1266 4347 1467 4402 everteretur.

238 4410 299 4472 Sed
326 4428 479 4490 quaenam,
508 4417 638 4480 obsecro
665 4429 704 4492 te,
734 4436 769 4479 ex
798 4419 854 4480 boe
882 4436 984 4480 errore
1013 4420 1112 4481 induci
1140 4427 1241 4500 potest
1267 4422 1345 4486 ritae
1373 4425 1467 4487 unius

236 4502 288 4557 aut
309 4494 430 4560 alterius
454 4497 589 4563 Caesaris
612 4500 798 4566 necessitas?
826 4503 931 4564 Nonne
953 4513 1050 4567 nartem
1066 4504 1265 4568 Tertullianus
1286 4505 1385 4570 dicere
1403 4527 1467 4589 pu-
