3078 5248
434 291 570 364 cuonone
592 320 633 370 ro.
655 320 723 364 inc.
745 319 907 366 nonssnnr.
1222 307 1285 371 553

69 470 190 531 omnino.
234 469 336 548 ltaque
357 469 432 530 baec
451 469 546 548 prima
567 469 614 530 lex
637 470 795 544 sanciatur,
824 479 892 532 ante
920 470 1011 533 finem
1032 489 1058 534 a.
1082 471 1201 536 CXCVI.
1224 473 1281 538 Sc·
1366 501 1369 508 ·

69 572 162 615 vemm
183 563 286 616 contra
306 553 444 615 Albinum
466 572 527 615 non
547 553 641 616 fuisse
662 553 860 633 proterunt.

620 737 723 814 §.lx

143 854 271 916 Alterum
293 873 349 915 nec
370 853 518 915 mediocre
540 853 630 915 telum
652 855 688 916 ad
711 855 787 916 banc
806 873 870 917 rem
886 857 1103 935 exsequendam
1120 856 1281 920 existimari

63 938 147 999 debet
168 942 295 1018 tempus,
323 956 381 1016 quo
413 945 610 1017 expugnatum
631 939 802 1018 Byzantium
825 947 879 1000 est.
912 938 1056 1020 'Namque
1085 941 1220 1002 boellio
1243 942 1284 1004 eit

63 1023 124 1095 (lib.
145 1021 267 1082 LXXIV.
287 1040 312 1082 c.
331 1025 381 1084 14.
403 1040 432 1101 p.
458 1024 562 1097 1254.)
587 1031 761 1102 occupatum
783 1041 853 1084 esse
875 1042 892 1084 a
915 1024 1017 1086 Severi
1039 1025 1192 1099 militibus,
1215 1045 1282 1088 cum

62 1107 89 1167 is
111 1107 139 1166 in
159 1106 371 1186 Mesopotamia
393 1113 636 1179 commoraretur,
659 1107 688 1168 b.
712 1125 738 1167 e.
761 1115 920 1187 postquam
940 1107 1063 1188 Nigrum
1079 1119 1280 1188 superaverat,

60 1210 97 1252 ac
121 1190 201 1269 prius
230 1209 317 1269 quam
345 1197 481 1269 pergeret
508 1191 652 1252 adversus
679 1190 826 1252 Albinum.
880 1193 975 1271 Atque
999 1193 1176 1272 Byzantinos
1203 1195 1281 1256 lame

60 1275 175 1335 demum
195 1274 227 1335 in
251 1273 429 1335 deditionem
451 1274 587 1336 redactos
611 1293 688 1348 esse,
711 1293 778 1336 cum
799 1283 860 1337 tres
883 1275 1014 1354 integros
1037 1295 1132 1338 annos
1155 1279 1282 1340 luissent

60 1361 91 1418 in
114 1357 277 1431 obsidione,
306 1357 384 1418 idern
405 1357 459 1418 nio
488 1359 647 1420 memoriae
679 1359 810 1438 prodidit
838 1360 900 1432 (lib.
924 1361 971 1421 cit.
996 1380 1021 1422 c.
1044 1361 1080 1421 M.
1103 1380 1133 1440 p.
1159 1365 1280 1439 1252,);
1332 1419 1339 1430 .

58 1461 148 1522 quare
169 1461 384 1522 cognoscemus
407 1459 527 1514 annum,
550 1461 608 1520 quo
631 1443 759 1504 Severus
779 1444 810 1504 in
825 1444 1038 1523 Mesopotamia
1059 1453 1195 1507 versatus
1224 1454 1279 1520 est,

59 1526 87 1587 si
106 1527 275 1599 uiderimus,
297 1525 414 1604 quando
435 1525 494 1586 ista
517 1526 633 1587 obsidio
658 1527 812 1588 exordium
834 1529 986 1589 sumserit.
1039 1528 1098 1589 Sed
1127 1529 1191 1592 eius
1219 1529 1279 1592 ini-

58 1611 130 1671 tium
151 1611 338 1672 coniunctum
360 1609 489 1670 arbitror
510 1629 576 1671 cum
598 1610 682 1671 initio
712 1611 805 1690 ipsius
835 1612 1030 1690 expeditionis
1053 1613 1155 1674 Severi
1178 1622 1281 1675 contra

58 1694 251 1782 l'escennium
271 1713 296 1754 a.
321 1693 455 1765 exunt,
479 1693 557 1772 quod
580 1694 702 1773 intelligi
724 1703 825 1774 potest
847 1715 882 1756 ex
904 1716 951 1768 eo,
973 1696 1053 1775 quod
1075 1696 1120 1758 vix
1145 1705 1190 1758 est
1210 1715 1278 1759 crc-

58 1778 156 1850 dibile,
179 1778 330 1850 Severum,
353 1796 419 1839 cum
441 1777 532 1856 Nigro
553 1788 734 1852 occurreret,
756 1799 773 1841 a
795 1787 877 1857 tergo
901 1779 1070 1841 relicturum
1099 1781 1192 1842 luisse
1213 1783 1279 1842 for-

58 1862 202 1923 tissimam
228 1862 341 1934 urbem,
375 1879 463 1940 quam
499 1861 556 1940 ipsi
578 1861 659 1941 Nigri
686 1863 794 1924 milites
825 1864 971 1937 tenebant
1002 1871 1032 1924 et
1059 1883 1117 1942 quo
1146 1865 1279 1927 adversis
1326 1925 1331 1934 ,

58 1947 147 2007 rebus
168 1966 200 2006 se
222 1946 369 2026 recepturi
390 1945 534 2019 fuissene
571 1945 707 2026 idemque
735 1965 801 2008 cum
829 1967 863 2009 re
890 1948 955 2026 ipsa
983 1947 1093 2026 optime
1121 1951 1279 2010 consentit.

58 2031 115 2091 Fac
136 2030 262 2103 scilicet,
291 2049 393 2092 mense
413 2032 475 2092 lere
498 2029 664 2110 Septembri
686 2050 712 2092 a.
735 2029 856 2092 CXCMl.
881 2032 1022 2100 Severum
1051 2031 1139 2094 buius
1163 2030 1279 2113 oppug-

58 2115 184 2176 nationis
207 2114 323 2175 initium
345 2131 399 2192 per
421 2113 528 2176 milites
551 2114 659 2176 secisse
681 2115 786 2187 (Roma
810 2115 898 2188 enim,
921 2116 1006 2176 lunio
1028 2135 1121 2194 paene
1144 2125 1279 2195 praeter·

58 2200 156 2278 lapso,
179 2198 360 2260 discesserat
381 2201 418 2259 cl.
441 2203 471 2276 S.
495 2197 568 2259 Vlll.
592 2217 622 2260 n.
647 2219 697 2272 z.,
719 2199 828 2261 incidet
850 2218 922 2261 sane
951 2201 1127 2280 expugnatio
1155 2201 1228 2280 ipsa,
1253 2201 1280 2262 si

58 2292 125 2361 post
156 2281 316 2345 triennium
342 2283 489 2362 integrum
519 2284 593 2344 lacta
622 2289 681 2354 est,
710 2283 740 2343 in
770 2283 975 2362 Septembrem
1003 2303 1020 2345 a
1048 2283 1186 2357 cxcvi,
1220 2303 1279 2362 quo

58 2379 190 2446 tempore
214 2367 357 2428 Seremm
378 2367 409 2426 in
431 2367 643 2446 Mesopotamia
664 2367 759 2428 luisse
781 2376 903 2446 apparet
935 2387 970 2428 ex
998 2367 1045 2441 iis,
1074 2369 1200 2448 quaein
1225 2387 1278 2429 su-

58 2451 224 2531 perioribus
247 2452 323 2512 dicta
346 2459 424 2512 sunt.
470 2451 564 2523 Quam
593 2451 631 2512 ob
660 2469 724 2511 rem
752 2469 813 2512 non
842 2460 888 2512 est
914 2469 1055 2524 necesse,
1084 2459 1117 2513 nt
1146 2452 1281 2513 anatira

58 2543 202 2614 potestate
238 2535 395 2596 verborum
423 2530 479 2598 ἐπὶ
508 2527 585 2597 ὅλον
612 2534 722 2618 τριετῆ
749 2529 865 2617 χρόνον
893 2535 1075 2608 recedamus,
1112 2553 1171 2614 quo
1202 2555 1234 2596 se
1263 2553 1280 2595 a

58 2619 243 2680 Villemontio
267 2618 371 2680 adduci
392 2634 501 2697 passus
524 2626 571 2680 est
591 2618 784 2691 Mosbemius,
817 2611 835 2680 ὃ
857 2621 1054 2702 μακαρίτης,
1077 2619 1161 2679 cuius
1185 2617 1279 2678 inter-

58 2703 193 2782 pretatio,
216 2703 246 2764 ni
268 2703 363 2775 lallor,
390 2703 418 2762 ri
447 2702 564 2781 quidem
592 2701 750 2762 verborum
779 2720 839 2762 non
867 2702 935 2764 lecit
964 2703 1046 2762 satis.
1090 2701 1190 2779 ltaque
1214 2718 1281 2761 cum

58 2806 159 2848 mense
187 2789 248 2848 lere
277 2785 445 2866 Septembri
476 2787 507 2847 in
535 2787 746 2864 Mesopotamia
774 2795 908 2846 versatus
941 2785 1027 2846 luerit
1049 2785 1188 2856 Severus,
1220 2783 1281 2844 nisi

58 2893 81 2932 a.
106 2871 226 2932 CXCVI.
249 2871 306 2932 iam
329 2871 468 2930 induem
490 2869 638 2942 inclinato,
661 2869 692 2929 in
708 2869 827 2930 Galliam
849 2869 947 2930 venire
968 2887 1029 2929 non
1051 2867 1157 2946 potuit.
1180 2867 1281 2946 Neque

58 2975 126 3016 vcro
158 2963 266 3035 postea
295 2972 382 3033 quarn
409 2953 438 3013 in
466 2954 676 3033 Mesopotamia
708 2953 835 3014 Severus
863 2953 967 3025 luerat,
1004 2969 1127 3031 usquam
1155 2950 1280 3030 legimus

58 3059 124 3100 eum
159 3047 261 3101 contra
290 3039 455 3112 Osroenos,
485 3036 652 3099 Adiabenos
681 3035 851 3114 Arabesque
885 3037 977 3098 luisse
1004 3037 1187 3116 prolectum3
1223 3036 1281 3098 bos

58 3125 144 3198 anim,
168 3132 245 3186 teste
267 3123 361 3184 Dione
384 3121 446 3196 (lib.
468 3121 578 3183 LXXV.
603 3141 665 3200 cap.
690 3123 772 3200 3:11.
800 3123 919 3197 inst),
937 3140 1003 3181 cum
1025 3119 1129 3192 Nisibi,
1154 3119 1184 3181 in
1207 3120 1281 3181 urbe

58 3209 297 3286 Mesopotamia
330 3206 458 3268 Severus
487 3207 580 3267 otium
614 3204 671 3267 sibi
700 3205 792 3278 daret,
821 3203 981 3278 Laternus,
1016 3204 1164 3266 Candidus
1193 3214 1280 3284 atque

58 3293 176 3365 Laetus,
201 3292 303 3353 Severi
325 3291 426 3362 duces,
449 3291 639 3370 subegerunt.
684 3289 767 3350 Unde
790 3289 924 3362 efficitur,
947 3291 1053 3350 lamam
1076 3288 1111 3350 de
1134 3289 1281 3350 seditione

58 3377 152 3436 llbini
181 3375 217 3437 ad
245 3377 387 3438 Sererism
420 3373 451 3435 in
477 3375 720 3455 Mesopotamiam
748 3373 840 3434 fuisse
867 3373 991 3436 allatam.
1039 3373 1197 3434 Enimvero
1219 3391 1281 3434 non

58 3461 209 3534 abhorret,
239 3459 393 3533 Severum,
425 3459 475 3538 qui
503 3461 651 3522 celeritate
682 3457 796 3520 consilii
825 3458 961 3537 inprimis
990 3459 1141 3530 utebatur,
1171 3456 1280 3527 statim,

86 3647 111 3696 b.
138 3649 216 3709 Atque
242 3645 280 3694 bic
303 3661 348 3696 nos
373 3659 419 3695 uon
439 3645 555 3694 nudemus
574 3644 643 3706 plura
695 3644 854 3708 adquievisse,
873 3650 999 3706 antequem
1019 3643 1110 3691 litteras
1127 3639 1212 3688 Albino
1231 3646 1282 3687 tra·

58 3730 77 3763 ex
99 3713 189 3762 ordine
208 3727 289 3762 rerum
308 3720 438 3774 gestarum,
457 3727 516 3776 quas
536 3725 644 3760 comme·
696 3712 814 3761 dicissent
839 3717 877 3768 et,
905 3725 958 3759 oum
985 3726 1005 3759 a.
1032 3708 1114 3758 CXCV.
1138 3719 1215 3769 prope
1240 3719 1281 3754 ex-

58 3781 213 3839 noravimns,
239 3779 372 3839 deducere,
398 3779 441 3829 sod
466 3787 550 3842 posteo
575 3777 645 3827 dabi-
696 3787 768 3827 eunte
793 3779 889 3826 demum
914 3777 1021 3827 detectae
1043 3777 1087 3824 bac
1116 3774 1219 3822 luissent
1243 3771 1282 3820 in-

58 3864 114 3898 nus.
156 3847 259 3896 iudicari
285 3854 364 3896 autem
383 3861 411 3896 ex
429 3847 499 3896 dictis
518 3853 598 3910 potest
615 3845 645 3893 dc
696 3845 785 3904 sidioe,
813 3844 942 3902 Severum,
969 3843 1010 3906 qoi
1036 3841 1155 3890 currentis
1179 3838 1283 3889 similior

58 3932 89 3974 io,
111 3915 180 3978 quod
191 3915 282 3976 placuit
293 3913 434 3974 Mosbemio,
453 3911 492 3977 τῷ
508 3905 645 3978 μακαρίτῃ
698 3925 769 3975 quam
794 3909 969 3974 proficiscentis
993 3916 1057 3958 recte
1081 3907 1168 3957 dicitnr
1186 3921 1198 3954 a
1216 3905 1281 3954 Mos·

61 3987 85 4032 in
106 3983 177 4031 laud.
197 3981 259 4030 Dies.
279 3979 393 4044 §.XXXX
412 3979 537 4031 ccxciv.
558 3979 645 4044 periis-
697 3977 786 4036 bemio,
814 3977 849 4026 vel
874 3977 991 4039 integrum
1010 3977 1061 4024 lere
1079 3985 1167 4022 anuum
1187 3971 1282 4022 cxcvi.

58 4066 76 4098 ie
97 4049 232 4108 Nigrum„
245 4065 266 4098 a.
286 4049 369 4099 CXCV.
389 4048 481 4110 legatos
500 4047 523 4096 in
543 4047 644 4098 Galliam
697 4047 745 4096 otio
771 4045 925 4105 transegisse,
955 4043 989 4092 rel
1009 4042 1093 4091 lllbino
1112 4049 1202 4090 tantum
1222 4051 1282 4089 con·

58 4117 79 4164 ul
100 4116 298 4164 interficiendum
317 4115 428 4164 Albinum
448 4130 460 4163 a
479 4115 567 4164 Seuero
587 4114 646 4162 mio·
697 4113 800 4166 cessisse
828 4111 962 4174 temporis,
998 4117 1023 4158 ut
1048 4108 1114 4157 sires
1142 4107 1281 4168 colligerem

61 4199 92 4233 os
120 4191 146 4232 et
173 4183 222 4232 boc
245 4197 308 4232 anuo
333 4197 410 4246 prope
428 4181 645 4232 oxenntoinsidios
696 4194 750 4230 cum
785 4177 814 4228 ad
847 4179 969 4226 ueritatem
1000 4177 1032 4224 sit
1065 4175 1140 4224 multo
1174 4187 1281 4237 propen-

58 4265 139 4301 =orum
170 4250 337 4314 deprebensae
370 4251 461 4310 inisse,
497 4264 544 4313 quo
573 4249 645 4308 lacto,
698 4247 757 4304 sios,
776 4246 795 4294 si
815 4243 958 4308 quisdicat,
977 4244 1041 4307 quod
1060 4241 1184 4292 ccxcvi.
1203 4254 1281 4304 prope

62 4356 68 4368 .
90 4317 195 4368 cxcvt.
224 4317 342 4367 citissime
368 4317 391 4366 in
419 4315 519 4368 Galliam
545 4317 646 4366 Seuerus
698 4320 802 4363 uertente
829 4311 930 4360 Severus
962 4312 1084 4372 proiectus
1110 4310 1140 4357 sil
1167 4308 1280 4358 advorsus

59 4387 166 4435 enisset.
205 4385 245 4434 Vix
270 4383 413 4434 crediderim
438 4384 502 4443 (nam
529 4383 559 4432 de
584 4392 645 4431 tom·
697 4382 818 4438 lllbinom,
843 4393 920 4440 neque
945 4377 1042 4426 mullum
1068 4377 1183 4440 temporis
1210 4389 1281 4439 proc·

58 4469 110 4502 mre
137 4453 294 4517 proeliorum
320 4453 366 4500 iam
392 4451 439 4499 dixi
465 4449 520 4513 quid
539 4451 571 4501 sit
588 4464 644 4500 seu·
697 4447 837 4506 termiserit,
856 4460 903 4508 qno
922 4445 985 4494 bello
1004 4445 1117 4496 dimicare
1132 4457 1185 4493 cum
1195 4441 1279 4492 Albino

58 4521 184 4582 lendum),
210 4519 304 4584 legatos
321 4519 383 4569 istos
401 4519 493 4580 integro
513 4517 644 4568 torcanuo
686 4515 825 4599 potuisset.
