3078 5248
250 321 315 384 520.
409 335 502 379 ornan
517 335 709 378 rsnruccnrn
725 334 817 376 onum
831 333 860 376 ιιι
877 331 1065 376 uonnanrsuo
1082 331 1202 378 scetem
1216 331 1315 374 ιιιιιιιι

251 487 383 560 ιιιιιιιιιι,1
375 505 406 547 ιιι
417 485 563 558 omnibus,
574 485 623 564 qui
638 493 800 564 supersunt
813 459 896 546 libris
908 483 969 546 suis
981 481 1178 545 Tertullianus
1190 501 1223 544 se
1235 481 1369 544 Montani
1385 499 1486 542 asse-

251 573 323 634 clam
343 571 504 652 praestitit,
527 568 740 632 defensorem
732 587 763 629 ιιι
782 567 899 648 paucis;
922 577 951 628 et
970 566 1318 664 quamvisMontanistira
1335 566 1393 628 itta
1415 567 1484 626 sim

252 655 347 718 ubivis
369 655 535 723 succinctus
563 654 704 726 rideatur,
728 672 791 715 eam
814 661 911 714 tamen
932 652 1028 714 rarius
1051 660 1080 713 et
1101 659 1170 714 tunc
1191 651 1326 726 demum,
1349 651 1484 730 quando

250 739 396 803 scribendi
423 739 544 802 materia
574 738 661 802 etiam
689 737 862 816 digladiandi
885 756 1031 834 campum.
1041 737 1156 816 aperire
1177 735 1342 808 ridebatur,
1368 745 1483 798 contra

251 825 414 886 Catholicos
438 824 547 886 eduxit.
569 823 661 888 ¹Hinc
675 822 749 884 adde
763 822 897 894 alterum,
919 823 970 884 sed
987 821 1070 882 cuius
1086 841 1121 882 eo
1136 822 1229 900 magis
1242 839 1406 882 memores
1423 840 1482 880 nos

169 957 171 966 ,
251 929 318 972 esse
340 909 499 988 oportebit,
523 928 581 989 quo
604 908 737 969 securius
760 927 776 969 a
797 907 946 986 plerisque
968 906 1133 986 negligitur,
1161 925 1198 966 ne
1220 907 1287 985 quis
1308 915 1484 985 properata

250 994 386 1056 facilitate
413 994 519 1055 librum
549 992 719 1053 Tertulliani
747 991 973 1053 oblontanismi
1002 990 1170 1070 suspicione
1198 989 1482 1058 statim.absolrat,

250 1079 299 1158 qui
323 1078 400 1140 nullo
421 1078 499 1139 illius
521 1078 680 1140 haereseos
703 1076 823 1154 vestigia
845 1075 984 1137 continet.
1015 1075 1154 1149 Quamvis
1177 1075 1254 1136 enim
1275 1075 1378 1154 prima
1405 1075 1481 1134 lacis

249 1163 437 1244 peregrinum
459 1183 494 1224 ac
513 1179 606 1242 prope
628 1161 760 1240 iniquum
781 1161 873 1222 videri
894 1161 1001 1240 possit,
1024 1161 1111 1222 etiam
1133 1159 1190 1222 illis
1212 1160 1306 1234 libris,
1330 1159 1389 1238 qui
1416 1159 1482 1220 labe

250 1248 452 1310 llorrtanistica
475 1255 583 1324 carent,
607 1245 822 1308 accusationem
844 1245 989 1306 intentare
1011 1256 1127 1306 etcum
1149 1244 1281 1324 periculo
1304 1243 1482 1306 calumniae

252 1331 472 1411 suspicionibus
500 1331 616 1392 aliunde
644 1329 744 1409 petitis
773 1329 882 1402 inniti‚·
903 1348 1038 1408 magnum
1061 1337 1168 1402 tamen,
1198 1329 1254 1390 nisi
1277 1329 1483 1390 vehementer

251 1417 387 1489 fallimur,
416 1417 446 1477 in
474 1425 640 1496 temporum
669 1415 782 1476 ratione
812 1423 992 1476 momentum
1014 1413 1143 1494 positum
1166 1423 1195 1474 et
1216 1413 1390 1476 certissima
1418 1413 1481 1474 col-

250 1501 337 1563 lectio
368 1508 519 1575 osteum
547 1499 664 1573 librum,
692 1499 742 1578 qui
771 1498 848 1560 nulla
876 1499 994 1578 quidem
1020 1498 1125 1559 indicia
1147 1497 1340 1560 Montanismi
1362 1517 1429 1578 per
1451 1518 1481 1559 se

250 1587 381 1667 praebet,
413 1586 465 1646 sed
494 1586 654 1647 secundum
684 1582 831 1644 scribendi
853 1592 969 1680 tempus
993 1591 1022 1643 et
1043 1583 1176 1644 ordinem
1197 1591 1265 1662 post
1286 1582 1399 1657 alium,
1432 1583 1480 1662 qni

251 1690 267 1731 a
290 1670 499 1732 'Tertulliano'
492 1689 548 1732 ram
564 1667 741 1730 Montanista
763 1667 944 1746 compositus
960 1677 1032 1741 erat,
1053 1668 1174 1748 prodiit,
1196 1666 1372 1742 lrocnnico,
1400 1669 1480 1746 quod

251 1755 287 1817 ab
320 1765 413 1816 aetate
443 1755 608 1816 recentiore
622 1753 759 1848 petimur,
793 1760 965 1830 argumento
987 1751 1176 1814 blontanismi
1203 1751 1339 1813 convinci
1370 1771 1480 1832 posse

251 1839 404 1919 Nunquam
433 1839 511 1900 enim
540 1827 627 1899 certis
656 1837 834 1898 testimoniis
862 1837 1017 1918 probatum
1047 1847 1103 1908 est
1132 1835 1304 1916 Septimium
1334 1848 1480 1898 nostrnn

253 1923 288 1986 ab
310 1924 504 1985 assectatione
518 1923 649 1984 Montani
670 1920 706 1982 ad
727 1922 835 1982 bonam
857 1929 984 1994 mentem
1007 1921 1091 1984 etad
1114 1920 1262 1993 ecclesiae,
1295 1940 1394 2000 quam
1429 1923 1479 1982 de·

157 2029 166 2034 ·
253 2015 396 2082 seruerat‚
419 2008 562 2086 gremium
584 2006 720 2069 rediisse.
751 2006 859 2079 Quare,
882 2026 907 2066 st
899 2005 1118 2067 'Tertullianus
1141 2025 1200 2067 non
1224 2006 1346 2066 solum
1337 2026 1371 2067 ιιι
1389 2007 1481 2068 Μοι-

253 2093 409 2154 tanismum
428 2093 539 2164 incidit,
561 2091 640 2171 quod
663 2090 751 2152 dubio
775 2109 874 2152 carcre
896 2099 978 2169 puto,
1001 2109 1101 2153 rerum
1116 2091 1203 2152 etiarn
1218 2109 1312 2170 usque
1328 2091 1370 2152 ad
1388 2093 1481 2154 linem

252 2177 347 2250 vitae,
377 2184 409 2237 ut
437 2185 500 2238 crat
527 2177 557 2236 in
585 2174 711 2254 receptis
734 2175 888 2237 sententiis
911 2183 1078 2236 constanter
1100 2175 1290 2236 defendendis
1313 2183 1481 2238 contuma-

254 2261 401 2334 sissimus,
424 2259 822 2339 perstititqoidprobibet,
846 2259 1023 2338 quominus
1046 2260 1159 2338 aliquos
1182 2259 1478 2324 oiusbbellosmul-

255 2345 291 2406 tis
322 2345 438 2424 quidem
467 2344 555 2405 huius
583 2344 744 2404 haerescos
773 2344 894 2404 maculis
924 2344 1065 2440 signatos,
1094 2343 1157 2406 aliis
1180 2352 1278 2405 tamen
1299 2343 1391 2406 libris
1418 2348 1477 2407 sine

255 2429 343 2491 dubio
366 2428 580 2490 Montanistiois
609 2428 791 2508 recentiores
821 2437 851 2488 et
877 2427 982 2489 binc
974 2448 1003 2489 ιιι
1037 2448 1070 2490 ea
1097 2419 1184 2508 qu'am
1208 2428 1299 2490 semel
1319 2439 1476 2510 receptam

254 2533 401 2593 nunquam
424 2513 563 2594 deposuit
584 2512 755 2591 opinionum
774 2513 969 2592 perversitate
995 2514 1121 2592 scriptos
1143 2513 1221 2574 inter
1246 2513 1476 2576 montanisticos

255 2597 468 2660 coniiciamusi
497 2598 562 2658 Non
585 2616 683 2670 omne,
706 2597 783 2676 quod
808 2597 1008 2676 explicandum
1032 2598 1088 2660 sibi
1104 2607 1250 2660 sumserat
1261 2598 1474 2680 Tertullianus.

255 2693 457 2762 argumentum
490 2701 589 2744 earum
623 2682 826 2761 quaestionum
859 2682 1062 2744 tractationem
1094 2682 1262 2763 recipiebat,
1295 2683 1333 2744 de
1368 2685 1474 2762 quibos

254 2769 332 2830 inter
359 2767 523 2830 Catholicos
552 2776 582 2829 et
608 2767 800 2828 blontanistos
822 2767 1032 2846 disputabatur.
1076 2767 1113 2828 Et
1140 2767 1271 2846 quamvis
1293 2767 1406 2830 nullam
1426 2771 1471 2829 la·

255 2853 308 2915 cile
331 2854 516 2916 occasionem
543 2859 643 2912 contra
657 2851 822 2914 Catholicos
846 2851 1047 2912 stomachandi
1069 2871 1200 2930 suosque
1221 2853 1386 2932 propbetas
1407 2873 1468 2914 nra-

255 2938 358 3017 gnilice
386 2937 567 3000 collaudandi
590 2937 748 3016 Septimius
776 2944 879 2998 noster
906 2935 1043 2998 omisisse
1065 2935 1205 3010 videatur,
1233 2951 1294 2996 non
1318 2957 1405 3000 omes
1427 2948 1471 3000 u-

194 3091 198 3100 ,
254 3041 333 3096 men,
356 3042 429 3101 quas
452 3019 577 3083 tractare
599 3031 748 3101 coeperat,
783 3020 920 3082 materias
941 3039 1088 3082 novorum
1109 3021 1321 3100 prophetarum
1345 3023 1473 3102 elogium

255 3107 410 3168 admisisse
443 3125 499 3168 nec
519 3124 637 3184 semper
659 3115 838 3185 oportunum
861 3104 897 3165 ad
919 3105 1086 3166 tentandam
1108 3106 1140 3167 in
1161 3105 1318 3185 Psycbicos
1337 3109 1473 3188 eruptio-

255 3209 322 3252 nem
356 3210 490 3270 campum
523 3189 694 3269 praebuisse
727 3190 822 3270 palam
851 3197 904 3251 est.
948 3189 1049 3269 ltaque
1080 3190 1125 3250 ιιι
1147 3190 1396 3254 subscribendum
1420 3194 1473 3254 erit

256 3275 373 3353 regulae
406 3294 439 3336 ac
471 3275 597 3336 finitioni
626 3283 755 3348 nostrae,
787 3275 880 3334 libros
909 3273 1048 3336 nimirum
1091 3283 1187 3336 cetera
1226 3294 1287 3336 non
1316 3289 1473 3357 suspectos

182 3359 184 3364 ’
257 3357 349 3420 solius
372 3359 515 3436 temporis
537 3367 709 3437 argumento
731 3358 943 3420 blorrtonisticis
966 3359 1030 3420 iure
1052 3359 1179 3438 adiungi,
1202 3360 1247 3421 vel
1270 3360 1473 3434 evincendum,

258 3442 467 3504 Tertullianum
497 3451 630 3521 receptas
659 3443 826 3508 ablontani
855 3460 943 3520 grege
971 3445 1132 3505 sententias
1154 3444 1262 3506 iterum
1284 3445 1473 3524 deposuisse„

258 3527 344 3601 Quod
366 3534 548 3607 postremum
571 3545 636 3588 curn
658 3527 706 3588 ιιι
726 3527 786 3590 nlla
807 3527 869 3588 veri
892 3527 990 3607 specie
1011 3529 1128 3590 delendi
1149 3529 1255 3626 possit,
1279 3537 1344 3591 utar
1370 3543 1475 3611 postea

257 3630 469 3691 saepenumero
492 3630 605 3683 norma,
627 3631 713 3691 quam
735 3611 824 3672 modo
847 3611 925 3685 duxi,
956 3631 1011 3674 nec
1032 3613 1180 3675 admittam
1202 3615 1475 3695 cuiuscumqueli-

256 3697 325 3759 belli
355 3696 543 3758 Tertullianei
577 3715 612 3758 ex
644 3696 758 3759 delectu
791 3714 926 3758 errorum
954 3697 1226 3760 llontanisticorum
1260 3699 1474 3774 defensionem,

181 3801 184 3808 ⁴
256 3783 346 3844 bomo
369 3781 542 3879 ceteroquin
569 3783 604 3844 ad
627 3781 821 3844 accusandum
842 3781 963 3844 minime
986 3801 1097 3861 pronus
1120 3793 1151 3843 ct
1171 3769 1383 3846 calumniarum
1408 3787 1474 3848 nul·

256 3867 314 3928 lam
342 3867 446 3946 magis,
473 3885 560 3946 quam
582 3885 638 3946 qna
660 3867 831 3928 innocentes
854 3867 899 3928 ιιι
922 3867 1057 3930 bomines
1088 3866 1133 3928 vel
1154 3867 1221 3929 bbri
1243 3869 1437 3933 haereseos
1428 3891 1474 3932 rn-

258 3953 447 4024 simulantur,
480 3970 617 4030 perosus.
670 3951 746 4014 lluic
777 3952 938 4014 sententiae
970 3961 1089 4014 nostrae
1122 3951 1239 4014 obstare
1271 3963 1378 4032 posset
1411 3957 1474 4021 alia

257 4055 381 4115 prorsus
411 4036 441 4105 in
463 4036 642 4100 contrarium
665 4037 846 4110 circumacta,
868 4055 942 4114 quae
957 4055 994 4098 ne
1016 4037 1133 4115 quidem
1154 4036 1221 4098 illos
1244 4030 1416 4102 Tertulliani
1441 4043 1476 4104 li-

258 4120 339 4194 bros,
362 4121 410 4199 qui
433 4120 617 4218 dogmatibus
638 4121 864 4183 Montanismnm
887 4120 1087 4184 redolentibus
1110 4121 1244 4183 maculati
1266 4131 1344 4196 sunt,
1372 4126 1403 4186 in
1427 4147 1476 4188 ca-

260 4204 386 4282 talogum
409 4224 521 4280 eornm,
551 4206 601 4286 qni
624 4205 748 4285 abipso
770 4206 827 4268 iam
849 4205 1025 4267 blontanista
1047 4205 1149 4287 scripti
1171 4217 1279 4280 essent,
1309 4217 1372 4270 tuto
1396 4212 1478 4274 reiiei

259 4287 376 4368 patitur.
421 4289 497 4351 Nom
514 4291 685 4373 plerosque,
716 4292 811 4370 inquit
832 4290 1039 4352 celeberrimus
1061 4289 1270 4366 llosbemius‘‚
1300 4311 1405 4358 eorum
1426 4317 1476 4360 er-

261 4391 376 4443 rorum,
411 4393 484 4453 quos
515 4381 546 4436 ιἰι
582 4376 727 4443 Montano
770 4377 935 4440 Christiani
968 4387 1047 4438 recte
1084 4383 1243 4440 sentientes
1280 4378 1476 4454 damnarunt,

295 4559 311 4608 ι.
330 4557 452 4610 biosbeim.
471 4559 501 4609 de
518 4559 599 4612 Aetate
616 4562 763 4626 Apologetici
782 4563 921 4614 Tertulliani
940 4559 964 4626 ᾗ.
982 4562 1037 4616 lttt.
1056 4573 1119 4614 noto.
