3132 5238
510 1213 855 1290 IllSSERTitTlO

605 1395 703 1452 'titt

126 1554 1239 1680 TERTULttiiitt

492 1773 579 1834 vini
615 1773 664 1834 si
701 1773 881 1836 scittPTtS.

259 1939 501 2022 AUCTORE
538 1942 704 2025 PETRil
741 1943 904 2026 tittx.
937 1945 972 2026 l.
998 1945 1037 2026 ti.
1064 1944 1106 2027 ll.

467 2303 623 2361 innuit
659 2305 898 2384 ciiiiuii.

91 2425 170 2489 ispi.
205 2431 257 2490 Quo
275 2403 441 2483 recensentur
458 2435 595 2486 Tertulliani
614 2453 659 2487 no·
711 2438 768 2502 Cap.
786 2437 811 2486 ll.
846 2437 879 2486 lle
899 2435 1038 2486 Tertulliani
1058 2436 1203 2488 inidontnni
1222 2453 1289 2487 erro-

117 2509 171 2554 meu,
189 2500 274 2563 patria,
299 2515 383 2561 genos,
394 2503 519 2562 institutio,
530 2505 658 2568 ingenium,
744 2519 784 2556 res
808 2505 885 2569 lapsu.

119 2571 172 2642 ’Μ
204 2575 227 2618 ²²
257 2569 292 2618 ¹11
318 2569 389 2618 filim
416 2570 574 2622 Chfilllfflffl
601 2587 659 2623 ⁰⁰¹¹·
712 2589 770 2653 Cap.
790 2588 823 2637 tt.
859 2587 893 2637 lie
916 2589 947 2638 iis
973 2589 1039 2638 tibin
1058 2590 1144 2653 qniliiis
1162 2589 1290 2639 Tertullia-

120 2645 191 2684 ¹if⁸t⁰·
745 2671 790 2706 nus
809 2657 855 2705 ism
872 2656 1013 2706 Montaniita
1032 2657 1182 2721 disciplinam
1201 2673 1213 2707 a
1232 2672 1290 2708 coit·

92 2720 177 2785 cittii
212 2730 265 2788 Ono
287 2729 320 2778 de
338 2729 479 2790 Tertulliani
507 2733 617 2794 coningio
637 2739 661 2782 et
745 2731 836 2788 tempto
857 2725 988 2774 'indictitii-

116 2791 170 2842 illius
198 2796 221 2846 in
252 2797 428 2863 presbiterum
458 2799 659 2862 Carthaginiensis
711 2808 768 2872 cip.
789 2809 835 2856 tii.
871 2809 905 2856 lle
928 2807 1026 2870 seriptis
1050 2822 1110 2872 quac
1128 2807 1289 2856 Tertullianus

116 2858 224 2912 Ecclesiae
243 2867 366 2916 electione
388 2867 523 2916 disseritur.
744 2875 824 2924 itidem
843 2875 984 2924 llontanista
1002 2875 1079 2922 iarios
1101 2875 1214 2923 adsersus
1232 2875 1291 2922 hae·-

93 2949 190 3015 liniti.
225 2961 278 3018 Ono
298 2960 330 3008 de
350 2959 454 3008 Praxeae
473 2960 596 3010 tuttibim
616 2959 658 3008 ad·
743 2944 831 2991 Teum
849 2935 930 2990 “lidii
1178 2985 1180 2988 ·
1238 3023 1243 3033 υ

117 3031 176 3071 ieutii
193 3029 271 3088 spitui·
289 3035 313 3076 et
332 3027 475 3076 Tertulliani
494 3036 576 3077 eontra
599 3027 658 3075 l‘ra·
711 3025 768 3089 Cup.
787 3025 845 3074 titt.
880 3025 914 3073 lle
924 3023 1063 3074 Tertulliani
1082 3023 1187 3086 scriptis,
1204 3025 1291 3086 quibus

119 3101 205 3142 reanum
230 3097 372 3160 quempiam
393 3095 538 3146 haereticum
558 3095 658 3144 Cartha·
744 3093 856 3142 adversus
874 3092 1006 3142 Ecclesiam
1028 3093 1103 3156 ipsam
1124 3092 1227 3140 iniectus
1246 3098 1289 3140 cst.

121 3158 165 3214 ⁸³⁰²
181 3172 242 3222 W
261 3164 414 3214 '‘f‘fflmnf·
710 3176 766 3241 Cap.
787 3177 825 3226 lli.
866 3175 899 3226 ile
924 3175 1061 3226 Tertulliani
1086 3177 1181 3240 scriptis
1204 3176 1290 3240 apolo-

99 3251 188 3316 ΕΜ,
221 3265 274 3322 0⁰⁰
304 3264 376 3324 pipp,
409 3278 471 3326 qm„
497 3261 659 3312 Temnum,
744 3246 866 3306 geticisct
887 3243 1290 3307 admartyriumexhortationibus.

124 3323 186 3437 ssihtr
210 3332 363 3382 orthodoxus
394 3331 484 3390 edidit,
515 3344 658 3380 enumerari·
711 3330 768 3394 Cap.
787 3331 817 3446 il.
849 3329 921 3446 Detm
936 3329 1013 3389 libris,
1025 3328 1063 3393 qui
1075 3329 1289 3392 Tertullianosup-

132 3407 160 3441 iii.
745 3413 817 3462 pusii
836 3411 898 3446 sun.

536 3575 831 3587 ——..-—-—--

175 3746 293 3840 iamdiu
306 3783 364 3847 est,
379 3791 446 3834 cum
461 3771 592 3834 arbitrati
609 3781 678 3833 sunt
692 3769 820 3850 plurimi,
844 3767 965 3830 alicuius
982 3785 1049 3826 esse
1064 3765 1100 3825 ad
1115 3763 1290 3841 penitiorem

95 3858 287 3922 ecclesiasticae
306 3856 452 3924 historiae
473 3856 668 3936 cognitionem
690 3853 848 3926 momenti,
877 3849 1046 3914 Tertulliani
1068 3866 1118 3942 res
1141 3852 1238 3941 gestas
1262 3855 1291 3908 et

95 3945 182 4023 scripta
204 3964 257 4024 per
280 3945 419 4006 ordinem
441 3942 582 4021 digerere.
612 3941 704 4019 Atque
727 3937 860 4017 equidem
881 3937 929 3998 iiiii
950 3935 1023 3996 alitis
1039 3939 1198 4027 scriptores
1214 3940 1290 3994 inter

96 4027 289 4091 iatesiisiicos
320 4027 465 4101 ocoirrit,
494 4027 577 4088 cuius
606 4024 651 4086 vel
672 4023 765 4102 magis
787 4023 965 4084 diffamatum
985 4020 1073 4078 luent
1093 4033 1216 4111 nomen,
1245 4017 1290 4078 vel

97 4106 169 4172 libros
192 4116 329 4176 evolvere
357 4111 451 4190 magis
480 4112 518 4172 sit
539 4108 729 4171 conducibile.
773 4107 823 4168 l'ir
847 4106 902 4168 init
929 4121 1014 4198 quein
1036 4099 1184 4178 multiplex
1206 4121 1288 4196 coni-

96 4197 216 4261 mendavia
238 4199 385 4270 eruditio,
416 4203 652 4276 argumentorum
673 4193 805 4273 pondus,
834 4186 1010 4252 incredibilis
1033 4203 1131 4284 nerum
1153 4195 1290 4282 varietas,

96 4276 152 4340 iun's
172 4285 261 4346 ciuilis
296 4282 405 4363 peritia
434 4289 463 4343 et
484 4281 656 4342 coniunctus
679 4277 787 4356 ingenii
809 4275 925 4337 dotibus
949 4289 1071 4332 summis
1093 4271 1287 4366 flagrantissi-

94 4379 146 4425 iitus
164 4369 279 4448 pietatis
304 4385 398 4430 arnum
435 4365 597 4444 Religionis
620 4362 811 4434 christianae,
839 4360 983 4454 adquam
1004 4375 1039 4418 eii
1061 4355 1210 4434 gentilium
1232 4374 1288 4451 iiu-

95 4465 160 4511 mero
179 4455 339 4527 advolavit,
364 4469 480 4512 oausam
501 4450 596 4510 uarias
618 4449 759 4510 adversus
780 4447 919 4506 haereses
941 4449 1013 4520 egit,
1035 4441 1207 4502 ludaeorum
1230 4459 1288 4535 iin-

95 4543 164 4607 telus
184 4539 317 4618 suscepit
345 4537 375 4598 in
408 4553 439 4595 se
468 4535 639 4608 retundere,
674 4531 855 4593 ethnicorum
878 4528 908 4590 iii
930 4526 1111 4622 Christianos
1132 4526 1288 4586 lucentium

98 4633 171 4698 ligas
197 4624 307 4686 elidere
342 4639 502 4700 eorumque
530 4618 687 4681 calumnias
716 4624 745 4678 et
776 4611 993 4678 criminationes
1015 4612 1190 4690 dispungere
1211 4615 1290 4670 tanta
