3144 5236
1266 151 1277 182 s

450 347 456 354 ⁴
504 335 639 378 auersas
661 333 719 378 ure.
743 335 779 378 ue
801 337 928 382 nonnas.
1268 328 1328 392 231

131 475 230 560 semper
250 480 472 561 aceipiebatur?
515 482 619 548 Nonne
640 483 708 562 ipse
728 485 910 564 Augustinus
932 486 1031 548 etalii
1054 487 1216 566 scriptores
1238 490 1330 568 latini,

91 619 93 624 .
131 564 238 636 utalibi
266 565 488 628 observavimus
522 567 659 637 (Dissert.
682 568 713 628 in
735 567 866 630 Laetant.
888 588 951 648 eap.
975 573 1026 636 20.
1048 573 1111 632 Art.
1134 577 1188 650 4.),
1221 594 1331 638 nemen

127 667 244 726 graonam
274 648 429 730 δαίμονες
457 651 534 710 idem
563 651 726 728 significare
755 653 947 716 testificantur
968 661 1055 733 atque
1076 673 1177 718 rerum
1190 659 1278 720 'seius
1302 669 1332 722 et

123 731 242 810 peritos?
277 734 434 796 Praeterea
457 734 654 796 Tertullianus
676 736 767 812 hoece
788 735 819 796 iu
840 736 1031 816 Apologetien
1052 739 1128 802 libro
1150 759 1208 800 nos
1231 753 1333 806 monet
1389 781 1393 784 ·

122 816 188 878 idem
208 836 274 878 esse
296 818 474 880 daemonum
495 826 582 896 atque
604 819 758 897 geniormn
781 838 907 882 nemen:
940 821 1077 892 Nescitis.
1101 824 1206 902 inquit,
1227 833 1331 906 genios

123 902 267 964 damnans
302 905 363 964 diei
393 913 421 964 et
438 905 521 964 'inde
553 904 732 966 diminutiva
760 923 831 967 noea
861 905 1041 969 doemonio?
1082 905 1120 967 Et
1141 909 1229 986 paulo
1251 918 1330 989 post,

122 986 262 1048 Ammoneo
291 987 324 1046 id
352 995 398 1048 eat
424 991 525 1064 genios
554 987 746 1064 (Tertulliani.
762 987 915 1066 Apologet.
936 994 1002 1068 ¹cap.
1026 992 1101 1067 32).
1145 990 1220 1052 Alibi
1242 1013 1329 1056 vero:

122 1069 252 1132 Omnibus
274 1073 358 1148 genii
378 1070 574 1150 deputontur,
606 1073 685 1150 qnod
707 1073 882 1134 doemonum
903 1086 949 1136 aar
971 1092 1078 1136 nomen
1106 1074 1198 1146 (ldem
1220 1077 1270 1138 lib.
1293 1077 1330 1140 de

119 1153 209 1214 Anima
230 1171 294 1231 cap.
320 1155 394 1227 39.).
440 1153 517 1226 Qutid
539 1153 628 1231 igitur
654 1155 684 1215 iu
713 1156 891 1217 eonomine
914 1165 972 1218 tam
994 1157 1102 1218 malurn
1125 1166 1242 1237 nmque
1265 1160 1328 1222 sin-

119 1237 184 1314 gulis
206 1237 345 1300 omuibus
368 1237 563 1298 detestabile?
606 1238 686 1300 Rene
708 1238 837 1317 quidem,
872 1240 896 1300 si
920 1259 972 1302 sua
996 1241 1129 1314 seientia,
1151 1243 1260 1321 peritia
1280 1243 1329 1304 iu·
1391 1253 1393 1262 ’

119 1321 240 1398 geniique
269 1320 385 1382 viribus
415 1340 474 1381 uon
504 1321 579 1382 male
607 1330 770 1384 uterentur.
815 1323 874 1384 Sed
897 1323 964 1402 quia
983 1323 1023 1386 iis
1045 1325 1081 1386 ad
1103 1327 1251 1388 vexandos
1273 1327 1328 1388 sal-

118 1404 268 1483 lendosque
291 1405 440 1477 homines,
463 1413 493 1466 ut
514 1415 618 1484 postea
641 1406 814 1478 videbimus,
836 1407 923 1486 plane
945 1407 1117 1478 abutuntur,
1139 1427 1200 1470 non
1222 1411 1329 1472 mirum

118 1489 236 1564 prolecto
260 1490 288 1550 si
312 1489 409 1550 cuncti
430 1489 489 1550 hec
510 1489 726 1551 detestarentur
747 1509 857 1552 nomen
878 1491 1007 1570 illudque
1030 1492 1092 1552 suis
1109 1492 1328 1556 inalinsmale·

119 1572 190 1634 dietis
211 1572 399 1634 adhiberent.
700 1639 701 1648 χ

191 1657 335 1729 Quamvis
362 1665 459 1718 autem
480 1657 590 1718 Auctor
615 1665 717 1718 noster
743 1675 835 1742 pauca
856 1657 1003 1718 debonis
1024 1658 1143 1736 Angelis
1166 1660 1196 1720 in
1216 1659 1328 1740 Apolo-

119 1739 199 1818 getieu
221 1741 387 1812 tradiderit,
416 1739 483 1800 illes
506 1740 697 1802 nibilominus
719 1760 736 1801 a
757 1741 842 1802 malis
865 1749 895 1802 et
916 1742 974 1802 bos
996 1759 1012 1802 a
1035 1741 1229 1804 daemonibus
1251 1744 1330 1806 baud

119 1823 231 1885 obscure
260 1824 428 1903 distinguit.
470 1823 513 1885 lle
540 1823 598 1884 illis
628 1825 778 1887 enimvero
808 1825 867 1886 boe
895 1825 1024 1903 quidem,
1052 1826 1105 1886 sed
1139 1827 1329 1890 brevissime:

123 1907 273 1980 Quomodo,
309 1907 414 1986 inquit,
448 1909 483 1968 de
511 1908 623 1986 angelis
651 1909 828 1990 quibusdam
856 1928 913 1970 sno
942 1920 1048 1988 sponte
1077 1916 1231 1992 corruptis
1261 1931 1330 1974 eor-

118 1998 226 2070 reptior
247 2011 323 2071 gens
346 1994 523 2054 daemonnm
545 1997 683 2064 evaserit,
708 1993 850 2054 damoeta
871 2011 889 2053 a
909 1993 975 2054 Deo
998 2012 1064 2054 aum
1084 1999 1202 2072 generis
1224 2006 1330 2058 anoto-

117 2075 191 2138 rilua
218 2087 245 2138 et
276 2095 345 2136 cum
373 2094 417 2147 eo,
447 2093 531 2154 quem
553 2077 686 2146 dio'mus,
706 2080 854 2155 principe,
883 2079 965 2154 opud
988 2076 1108 2140 litteras
1130 2091 1252 2140 sanetas
1276 2098 1330 2140 or-

118 2159 176 2222 ilisa
197 2163 392 2238 cognescitur
414 2158 506 2230 (ldem
527 2159 843 2243 Apologet.eap.22.).
872 2161 910 2220 At
931 2159 1014 2238 plura
1037 2160 1085 2220 ille
1106 2161 1209 2238 paucis
1231 2162 1330 2223 verbis

118 2243 320 2322 complectitur,
343 2261 417 2320 quae
438 2261 498 2302 nou
520 2243 560 2304 ita
581 2242 710 2304 breviter
737 2260 793 2306 nee
821 2244 886 2304 sine
914 2243 1090 2322 quibusdam
1114 2244 1329 2307 observationi·

117 2324 165 2388 bus
184 2327 411 2406 perstringenda
435 2334 515 2387 sunt.
791 2331 792 2338 ’
1109 2329 1116 2338 “

188 2410 290 2472 Primo
313 2418 411 2472 autem
433 2410 561 2471 declarat
581 2410 724 2488 quosdam
745 2410 875 2489 Angelos
898 2410 991 2474 luisse
1013 2419 1182 2490 corruptos.
1226 2411 1331 2474 Plures

119 2511 178 2572 ergo
205 2495 281 2556 alies
312 2493 407 2554 luisse
430 2493 584 2572 signifieat,
613 2493 662 2571 qui
686 2495 818 2572 corrupti
839 2511 900 2554 uon
922 2496 1043 2555 luerunt
1063 2513 1198 2573 quosque
1220 2495 1329 2556 idcireo

117 2579 295 2640 nominamus
317 2577 415 2638 bonos
437 2585 524 2656 atque
547 2576 585 2637 ob
609 2595 691 2638 suam
714 2577 744 2638 iu
765 2577 845 2638 bono
867 2578 1118 2656 perseverantiam
1142 2579 1246 2640 beatos
1262 2597 1330 2640 esse

116 2661 301 2724 inmmerito
325 2661 484 2724 eredimus.
522 2660 659 2722 Secundo
682 2661 803 2723 eosdem
821 2660 949 2740 Angelos
973 2661 1099 2722 donatos
1121 2661 1214 2722 luisse
1236 2662 1330 2724 libere

118 2745 262 2808 voluntatis
295 2744 429 2816 arbitrie,
459 2763 517 2823 que
544 2745 620 2805 bene
649 2753 699 2806 aut
719 2745 794 2806 male
815 2745 930 2822 agendo
952 2744 1116 2822 praemium
1138 2743 1183 2804 vel
1204 2762 1331 2822 poenam
1420 2817 1421 2826 χ

117 2831 212 2890 mereri
244 2837 396 2908 poterant.
441 2828 542 2888 Tertio
571 2828 715 2906 quosdam
738 2828 853 2890 exiliis
876 2827 1033 2904 corruptos
1056 2845 1090 2888 ae
1109 2826 1220 2887 liberae
1242 2835 1330 2905 pete-

120 2913 193 2974 statis
221 2933 296 2976 suae
324 2913 418 2976 abusu
446 2913 477 2972 in
505 2912 599 2990 aliqua
620 2912 779 2991 prolapsos
800 2911 895 2972 luisse
916 2918 1045 2988 peecata,
1074 2909 1113 2970 nb
1136 2927 1209 2987 quae
1231 2929 1247 2970 a
1268 2911 1331 2970 Deo

118 2997 233 3058 damumi
254 3005 337 3060 sunt.
379 2995 490 3068 Quarto
510 3013 616 3073 ‚eorum
639 2994 732 3056 luisse
753 2995 928 3072 principem,
951 2993 987 3054 de
1010 3011 1068 3070 que
1091 2993 1140 3052 ille
1160 2992 1248 3071 paule
1264 3003 1330 3054 aute

118 3079 233 3146 dixerat:
256 3082 406 3144 suanam
424 3083 594 3161 prinoipem
617 3078 707 3140 bur'na
729 3077 805 3140 ntuli
823 3081 952 3155 porteris.
996 3075 1073 3137 Alibi
1095 3094 1164 3136 vere
1180 3076 1261 3136 illum
1276 3095 1331 3138 vo-

118 3173 158 3225 eet
175 3167 328 3244 Angelum,
351 3183 437 3242 quem
452 3164 532 3226 Deus
554 3182 593 3226 ee
614 3165 717 3242 formo
740 3161 867 3240 operum‘
888 3161 1037 3222 bonorum
1058 3163 1192 3222 r'ostitnit
1214 3161 1331 3232 bonone,

119 3257 145 3307 et
162 3250 293 3310 omnium
308 3247 572 3326 sapientissimum,
596 3258 657 3308 tum
671 3249 871 3316 institutione,
894 3244 974 3304 iuxta
988 3243 1174 3322 prophetiam
1188 3242 1331 3308 Ezeebie·

119 3331 158 3405 lis,
179 3334 291 3396 benum
312 3332 464 3411 Angelum,
488 3349 576 3412 quum
597 3327 705 3410 sponte
727 3340 905 3408 correptum
926 3327 1060 3400 (Tertull.
1083 3327 1134 3388 lib.
1156 3327 1193 3388 ll.
1215 3327 1332 3389 advers.

119 3415 246 3480 blanden.
270 3435 336 3494 cap.
362 3420 435 3491 tua.
478 3415 554 3480 Turn
581 3413 697 3486 deinde,
726 3412 970 3492 invituperabilis
993 3413 1055 3491 soit
1076 3430 1095 3473 a
1117 3413 1164 3473 die
1186 3413 1333 3483 conditio-

119 3504 160 3560 nis
179 3521 259 3574 snae,
284 3521 303 3561 o
326 3500 389 3564 ileo
411 3505 443 3562 io
465 3501 575 3562 bonum
593 3499 745 3568 ‚cauditus
767 3508 801 3558 nt
824 3516 842 3557 a
865 3497 942 3557 bano
966 3495 1120 3556 conditore
1140 3498 1334 3572 invitupera-

122 3583 212 3647 lilinm
235 3586 450 3654 emeditioonm,
483 3595 510 3646 et
533 3581 672 3644 eaonltns
696 3579 897 3658 omnigloria
919 3578 1061 3658 angelico,
1086 3588 1113 3638 et
1134 3577 1217 3656 opud
1238 3577 1333 3638 litum

122 3673 306 3738 constitutus,
335 3687 393 3748 qna
420 3669 516 3730 donus
538 3665 620 3748 opud
642 3667 763 3740 bonoria·
782 3674 890 3743 posteo
912 3681 985 3726 nero
1007 3670 1026 3724 d
1048 3664 1204 3738 semtipso
1228 3669 1333 3720 trans·
1388 3688 1394 3696 -

123 3750 192 3816 lutus
212 3758 246 3814 in
268 3751 384 3812 maleam
405 3793 575 3814 ......
598 3767 661 3810 oon
682 3753 790 3818 meiius,
819 3751 884 3826 ipse
906 3745 997 3807 liberi
1016 3746 1144 3807 arbitrii
1163 3746 1332 3813 institutus,

120 3844 150 3896 st
169 3841 297 3915 spiritns
320 3835 428 3912 libid).
471 3833 558 3895 Addit
583 3832 709 3909 denique
730 3831 808 3893 hune
831 3842 968 3892 setonam
991 3828 1027 3890 de
1051 3824 1230 3888 sublimitate
1252 3823 1334 3884 deci-
1361 3837 1365 3842 “

122 3917 193 3980 disse
213 3920 323 3981 delicto
347 3937 413 3989 suo,
444 3917 527 3980 euius
550 3926 652 3977 auctor
673 3915 738 3993 ipse
760 3913 822 3976 tuit.
843 3977 847 3984 ,
868 3912 910 3976 [le
931 3913 981 3973 illo
1004 3913 1101 3972 autem
1123 3910 1153 3970 in
1175 3915 1276 3969 nostra
1299 3907 1335 3968 de

121 3998 254 4065 laetantii
275 4002 368 4063 libris
396 4001 605 4063 dissertatione
633 3999 747 4078 egimus
779 3996 945 4072 (dissertat.
975 3995 1007 4056 iu
1034 3993 1167 4054 Laetaut.
1196 4009 1259 4070 esp.
1282 3991 1333 4056 20.
1394 4000 1411 4078 ’Χ

196 4170 357 4243 Quodnam
379 4177 475 4231 autem
496 4166 585 4229 luerit
608 4165 697 4228 buius
724 4164 917 4242 aliorumque,
938 4153 1015 4240 'qum
1030 4161 1061 4221 iu
1075 4158 1236 4238 perniciem
1251 4175 1335 4218 suam
1442 4177 1454 4190 ·

123 4255 209 4327 traxit,
232 4271 394 4334 pravorum
415 4251 585 4330 augelorum
606 4257 770 4328 peceatum,
793 4265 848 4308 nee
869 4245 911 4308 ibi
932 4263 989 4306 nee
1010 4242 1241 4322 inApologetieo
1264 4257 1335 4336 per·
1385 4247 1387 4255 ⁴

123 4337 215 4413 spicue
237 4336 361 4400 omnino
384 4335 554 4414 explanavit.
584 4333 692 4394 Verum
715 4331 772 4394 alio
795 4332 825 4391 iu
846 4330 923 4391 libro
946 4329 1004 4390 duo
1027 4345 1130 4390 eurum
1151 4332 1269 4404 peecata
1288 4325 1335 4386 lus

124 4418 229 4482 videtur
261 4422 405 4482 denotare
435 4419 549 4481 verbis:
586 4417 670 4480 nino
703 4415 816 4495 angelis
845 4414 906 4478 illis
937 4417 1101 4493 imputatur
1124 4421 1255 4490 propter
1276 4407 1338 4478 (alii

120 4505 250 4586 prater)
278 4505 437 4584 repudium
459 4502 535 4565 eseli
554 4514 581 4564 et
602 4504 826 4564 matrimom'om
848 4502 951 4560 earnis
977 4495 1111 4570 (Tertull.
1135 4493 1185 4555 lib.
1200 4493 1237 4553 de
1252 4489 1337 4552 Cultu
