3196 5250
279 352 341 414 450
377 367 568 412 nissunrxrro
584 368 615 410 ru
631 367 679 418 oo.
695 367 779 410 surr.
795 367 879 412 snos.
896 367 1091 410 rsnruxxuur
1107 367 1351 420 mouoanrrcuu
1366 369 1453 444 esra.

281 535 343 597 cap.
375 522 389 581 1
420 524 450 580 et
475 521 570 597 seqq.)
604 537 638 580 ea
671 517 768 578 omnia
801 517 910 580 refellit
936 535 1010 597 quae
1038 487 1081 579 de*
1103 517 1161 579 illis
1190 536 1205 578 a
1234 517 1380 580 Varrone
1407 518 1438 578 in
1465 519 1505 580 ci-

280 601 349 662 tatis
377 602 412 662 ab
439 601 600 680 Augustino
629 602 777 664 sexdecim
804 602 840 664 de
869 602 976 664 divinis
1005 602 1095 664 rebus
1128 602 1211 663 libris
1247 602 1365 664 tradita
1397 604 1507 664 luerant

280 687 411 764 (August.
434 686 484 747 lih.
508 686 554 747 Vl.
578 687 614 748 de
637 686 720 749 Civit
743 687 796 748 Dei
818 705 881 766 oap.
904 690 958 762 2.).
1001 686 1085 748 lllunr
1107 687 1416 748 autemnamiuatim
1436 705 1505 748 con-

279 771 428 831 futandum
457 789 525 834 esse
552 771 711 834 arbitratus
739 781 800 844 est,
832 772 899 850 quia
922 771 1053 833 omnium
1076 772 1275 850 scriptorum,
1309 779 1345 832 ut
1367 791 1425 833 suo
1445 770 1505 831 loco

281 855 465 916 ostendimus
488 855 655 929 (Dissertat.
677 856 708 916 in
722 856 854 918 Laetam.
872 875 934 936 cap.
950 855 1002 917 ult.
1018 858 1078 917 Art.
1096 858 1148 931 3.),
1171 855 1373 918 acutissimus
1397 855 1505 916 doctis·

280 938 432 1019 simusque
455 939 685 1002 existimabatur.

363 1056 481 1138 Triplex
513 1067 610 1120 autem
632 1057 679 1119 ille
701 1057 875 1119 distinxerat
896 1057 1011 1137 gentilis
1034 1057 1198 1136 theologiae
1221 1077 1279 1120 seu
1304 1057 1435 1120 deorum
1457 1077 1504 1136 ge·

278 1157 352 1214 nus3
375 1151 404 1202 et
424 1143 551 1222 primum
574 1143 691 1222 quidem
713 1143 865 1222 physicum
887 1143 949 1204 sive
970 1143 1112 1217 naturale,
1136 1143 1214 1221 quod
1236 1142 1421 1222 philosophi
1437 1161 1504 1221 gen-

278 1224 345 1286 tiles
367 1226 398 1286 in
421 1227 530 1288 sobolis
553 1228 614 1288 suis
636 1227 857 1306 innumerisque
873 1247 966 1306 quaene
989 1229 1018 1288 in
1042 1227 1348 1288 commentationibus
1372 1246 1504 1288 asserere

278 1309 387 1371 frustra
409 1312 507 1373 conati
529 1320 608 1373 suut.
652 1311 724 1373 Nam
747 1313 819 1373 haec
841 1320 911 1372 sunt
932 1312 1055 1373 huiusce
1077 1313 1217 1374 Varronis
1240 1312 1334 1373 citata
1358 1313 1503 1390 ahAugu-

279 1394 357 1454 stiuo
380 1394 483 1457 verba:
512 1395 624 1460 Multos
647 1397 743 1459 libros
763 1397 939 1478 philosophi
959 1397 1157 1478 reliquerunt,
1180 1401 1212 1458 in
1234 1397 1350 1478 quidus
1375 1407 1437 1458 est:
1459 1397 1507 1458 nia·

278 1483 331 1560 qot'
351 1484 421 1553 sint,
444 1483 498 1542 nbi
518 1486 587 1554 sint,
612 1483 690 1564 qnod
710 1501 812 1562 georas,
836 1480 929 1564 quale,
953 1501 1115 1564 oquooone
1131 1492 1278 1562 tempore,
1305 1501 1348 1543 on
1364 1501 1384 1544 o
1399 1485 1503 1561 sempi-

279 1574 364 1626 terno
387 1565 515 1644 (aternu,
538 1570 726 1646 onerique
748 1571 823 1638 sint,
846 1577 881 1628 ut
903 1568 997 1628 credit
1018 1565 1205 1636 Heraclitus,
1229 1585 1273 1628 on
1299 1585 1339 1628 en
1362 1569 1501 1634 numeris,

277 1660 312 1712 ut
335 1648 530 1730 Pythagoras,
554 1669 595 1711 on
617 1669 655 1713 en
676 1655 791 1723 atomis,
813 1663 848 1712 ut
869 1649 1035 1730 Epionrus,
1059 1655 1102 1712 sio
1124 1650 1185 1711 olio
1202 1652 1285 1733 'quoe
1308 1651 1437 1730 facilins
1460 1655 1503 1710 tn-

279 1741 330 1794 tro
358 1738 491 1814 parietes
524 1739 557 1796 in
588 1735 692 1797 soholo
724 1755 811 1817 quom
842 1747 933 1797 extro
964 1739 995 1796 in
1028 1737 1099 1813 soro
1131 1737 1216 1814 (erre
1246 1746 1389 1815 possunt
1417 1752 1500 1795 aures

278 1816 411 1895 (August
440 1818 489 1879 lib.
513 1819 559 1880 Vl.
581 1819 618 1880 de
640 1819 723 1882 tivit.
751 1821 804 1881 Dei
828 1839 890 1899 cap.
914 1825 966 1896 5.).
1012 1819 1083 1880 Seu
1099 1820 1153 1881 hae
1183 1819 1440 1899 philosophorum
1467 1817 1499 1877 de

278 1899 334 1962 diis
357 1902 560 1964 dissensiones
584 1913 612 1965 et
633 1903 851 1966 coutroversiae
876 1903 1061 1983 apertissime
1094 1905 1304 1966 demonstrant
1334 1904 1423 1966 salsas
1451 1901 1498 1962 ah·

279 1981 444 2066 surdasque
465 1988 582 2067 penitus
604 1989 697 2050 luisse
720 1989 837 2050 illorum
859 1990 895 2050 de
917 1989 972 2050 diis
995 1989 1057 2050 suis
1080 1989 1247 2068 opiniones

362 2106 529 2168 Secundum
551 2107 676 2168 deorum
698 2126 789 2187 genus
805 2109 897 2170 Varro
916 2108 1077 2188 mythicum
1100 2127 1153 2169 seu
1174 2107 1346 2171 fabulosum
1375 2105 1496 2166 vocarit:

278 2190 302 2250 A
324 2191 439 2270 sobolis
463 2197 550 2263 enim,
572 2192 614 2252 ait
625 2193 814 2271 Augustinus,
837 2194 987 2272 mythicon
1010 2195 1120 2255 dictum
1142 2205 1201 2264 est3
1225 2199 1373 2272 quonium
1394 2189 1496 2270 μῦθος

277 2291 382 2352 qroece
402 2275 509 2353 sabulo
531 2278 641 2338 dieitur
664 2276 773 2352 (lhidl.
801 2278 838 2338 At
859 2277 958 2338 lictum
980 2277 1050 2338 illud
1072 2278 1166 2338 luerat
1188 2277 1338 2355 spontis,
1362 2276 1413 2354 qui
1428 2275 1496 2334 deo·

278 2375 344 2418 rum
376 2359 597 2437 generationes,
627 2369 744 2440 stupra,
765 2361 919 2436 ,adulteria
952 2381 985 2422 ao
1013 2362 1160 2450 quaelihet
1187 2360 1241 2422 alia
1272 2361 1400 2422 uelanda
1427 2357 1493 2423 laci-

278 2460 353 2502 uora
379 2445 578 2505 decantavere.
633 2447 840 2507 Verumtamen
867 2446 931 2525 ipse
965 2447 1057 2506 Varro
1099 2453 1174 2507 teste
1208 2447 1308 2507 adhue
1336 2442 1494 2522 Augustino

277 2525 327 2587 lih.
351 2528 397 2588 lll.
421 2547 483 2608 cap.
512 2531 562 2593 31.
602 2529 695 2608 palam
725 2535 881 2592 contessus
903 2539 958 2592 ,est
979 2531 1106 2592 maiores
1130 2550 1182 2592 seu
1203 2539 1326 2594 veteres
1351 2531 1493 2590 Romanos

278 2610 335 2671 illis
357 2613 504 2674 horrenda
526 2614 573 2675 illa
596 2614 719 2676 deorum
742 2615 847 2694 llagitia
875 2634 909 2676 ao
937 2616 1070 2694 coniugia
1091 2615 1312 2690 meditantibus
1335 2613 1422 2676 tidem
1443 2611 1493 2670 ha-

278 2694 389 2771 buisse,
412 2700 479 2778 quia
501 2698 652 2778 imperitae
673 2699 768 2779 plebis
792 2700 950 2761 multitudo
968 2700 1004 2761 ad
1027 2701 1082 2760 hos
1105 2708 1209 2778 poetas
1223 2700 1323 2778 magis
1338 2694 1492 2760 inclinaba-

278 2788 434 2864 tunquam
457 2783 492 2845 ad
514 2784 660 2864 physicos.
705 2784 778 2857 Quis
793 2794 902 2846 autem
930 2785 1088 2868 maximam
1105 2787 1237 2864 prolecto
1263 2796 1419 2862 utramque
1440 2779 1492 2838 im·

277 2867 417 2945 pietatem
444 2887 506 2930 nou
533 2867 720 2931 detestetur?
762 2869 835 2930 Nam
862 2869 962 2949 populi
987 2870 1042 2930 hos
1065 2869 1248 2947 quantumvis
1276 2871 1401 2932 infantes
1423 2862 1491 2924 ridi-

209 3007 212 3018 .
278 2950 418 3031 culosque
441 2954 513 3015 deos
535 2953 613 3014 serio
637 2954 779 3015 colebant.
822 2954 877 3014 Alii
901 2973 969 3016 raro
991 2953 1028 3014 iis
1052 2955 1246 3032 sapientiores
1272 2955 1358 3016 malis
1375 2952 1488 3042 daemo-

278 3054 349 3098 num
381 3038 456 3100 dolis
488 3057 522 3099 ao
552 3039 703 3100 fraudibus
734 3039 844 3100 incitati
878 3038 1012 3100 incautos
1041 3039 1116 3117 vulgi
1145 3039 1258 3100 animos
1293 3041 1325 3100 in
1353 3054 1402 3098 sua
1429 3047 1489 3109 tpst

277 3122 429 3200 religione,
453 3141 527 3201 quae
549 3141 664 3184 summa
685 3141 784 3184 rerum
807 3131 862 3196 est,
885 3123 1021 3184 fallebant
1042 3132 1098 3210 aut¹
1113 3123 1169 3184 lalli
1191 3125 1407 3203 patiebantur..

363 3239 495 3300 Tertium
517 3259 607 3318 porro
630 3239 795 3318 theologiae
815 3259 867 3302 scu
890 3241 1012 3301 deorum
1035 3259 1127 3320 genus
1150 3241 1316 3322 appellatur
1332 3238 1420 3318 civile
1441 3251 1488 3294 seu

279 3321 384 3382 nivium
407 3331 436 3384 et
457 3325 644 3404 populorum,
667 3325 696 3386 id
719 3333 765 3386 est
786 3325 903 3386 illorum
925 3327 1047 3386 deorum
1070 3345 1144 3404 quos
1166 3327 1265 3406 populi
1292 3324 1348 3388 sihi
1368 3340 1421 3404 pro
1443 3335 1486 3378 ar-

279 3405 366 3466 bitrio
396 3414 425 3466 et
453 3407 572 3469 libidine
600 3410 817 3488 adoptaverant.
862 3410 920 3470 Sed
948 3417 1151 3489 praeterquam
1180 3413 1258 3490 quod
1288 3413 1346 3472 hoo
1373 3408 1486 3468 deornm

280 3509 371 3570 genus
393 3491 429 3551 ad
452 3493 612 3554 secundum
635 3501 663 3554 et
685 3492 860 3566 fabulosum,
884 3495 925 3554 uti
947 3495 1003 3556 iam
1025 3496 1158 3556 laudatus
1181 3496 1301 3576 anobis
1317 3489 1483 3571 Augustinus

280 3576 366 3637 donet
397 3574 446 3636 lib.
477 3575 522 3637 vl.
553 3597 615 3656 cap.
647 3581 693 3651 7.,
727 3578 811 3656 plane
839 3578 980 3653 refertur,
1015 3581 1083 3659 quid
1112 3580 1269 3642 absurdius
1304 3595 1389 3660 quam
1420 3571 1483 3632 deos
1535 3627 1540 3646 ¹

278 3660 345 3722 illos
367 3659 502 3735 eredere,
532 3681 608 3741 quos
631 3667 748 3724 meorum
770 3661 964 3744 insanumque
986 3665 1088 3743 vulgus
1110 3672 1180 3743 post
1200 3665 1275 3726 vitae
1298 3665 1384 3726 huius
1406 3671 1480 3718 mor-

278 3747 345 3808 talis
377 3753 492 3824 tempus
521 3747 601 3808 omui
629 3748 771 3808 scelerum
800 3766 923 3826 genere,
952 3749 994 3810 uti
1023 3749 1138 3829 saepius
1161 3749 1304 3826 diximus,
1333 3749 1479 3809 decursum

277 3849 402 3892 numero
424 3831 546 3891 deorum
569 3832 695 3893 adscribi
717 3832 884 3894 linxerant?

298 4011 299 4016 ,
363 3949 481 4029 Triplex
508 3958 606 4011 autem
632 3950 702 4012 illud
729 3951 851 4012 deorum
874 3970 966 4031 genus
989 3951 1185 4016 Tertullianus
1207 3961 1310 4015 noster
1329 3946 1414 4012 variis
1435 3958 1477 4035 rn-

278 4035 392 4097 tionum
414 4035 571 4096 momentis
594 4054 628 4096 nc
647 4047 749 4115 postea
770 4037 952 4115 Augustinus
976 4036 1105 4099 lunditus
1127 4046 1262 4100 evertunt
1283 4038 1412 4114 (August.
1432 4023 1476 4084 hh.

278 4119 325 4179 vt.
343 4137 405 4198 oap.
422 4125 440 4184 5
457 4130 486 4180 et
500 4124 605 4200 seqq).
649 4119 777 4182 Necesse
799 4122 887 4200 igitur
908 4139 968 4182 non
991 4129 1046 4195 est,
1069 4130 1102 4182 ut
1123 4143 1156 4184 ea
1178 4142 1251 4206 quae
1274 4123 1309 4184 ah
1331 4121 1386 4180 hoo
1405 4114 1474 4173 tnsslfl

280 4202 401 4264 doctore
423 4205 584 4266 examinata
606 4205 811 4284 enucleataque
834 4215 903 4268 sunt
925 4205 1057 4284 (August.
1080 4206 1130 4268 lib.
1147 4207 1194 4269 Ill.
1217 4227 1279 4287 cap.
1294 4210 1331 4272 31
1357 4209 1384 4262 et
1403 4207 1471 4268 sent·

280 4293 310 4347 et
336 4286 385 4348 lib.
409 4287 481 4348 vnt.
511 4309 573 4370 cap.
603 4295 616 4353 l
651 4297 680 4352 et
709 4297 803 4369 seqq.)
837 4291 1002 4370 singillatim
1035 4311 1051 4352 a
1079 4292 1165 4355 nohis
1195 4311 1274 4353 nuno
1301 4283 1471 4368 explicentur.

279 4371 391 4432 lleinde
412 4390 481 4433 vero
504 4375 619 4453 siquid
642 4376 673 4436 in
696 4375 738 4436 eis
761 4375 936 4437 difficultatis
959 4377 1085 4450 occurit,
1109 4377 1136 4438 id
1160 4379 1190 4438 iu
1211 4377 1266 4439 hac
1286 4363 1406 4452 aliisque·
1421 4375 1471 4421 ¹¹⁰·

280 4456 350 4518 stris
372 4457 625 4522 dissertationibus
642 4479 701 4539 pro
723 4460 798 4522 virili
820 4469 901 4540 parte
924 4471 1024 4522 nostra
1045 4464 1259 4541 complanatum
1282 4467 1335 4522 est.
