3144 5236
515 367 651 414 summe
672 367 941 416 romannorum.
1066 401 1099 444 ·.
1277 355 1342 424 att
1404 333 1407 336 ¹

198 518 275 580 Esto
300 527 401 580 nmen
428 525 458 580 et
482 519 691 592 concedamus,
721 519 748 581 si
775 519 867 594 lubet,
895 519 978 584 illurn
1004 520 1044 582 de
1069 535 1142 584 vero
1169 519 1231 584 neo
1253 521 1343 586 Patre

118 604 240 682 eiusque
261 601 336 664 Filio
364 602 455 681 loqui,
484 602 628 684 numquid
654 604 769 666 iniicim
798 605 844 666 ire
870 605 968 684 potuit
987 605 1069 667 illum
1093 624 1149 667 suo
1170 605 1250 668 Patri
1271 625 1343 670 essa

118 685 329 750 coaeternum?
372 685 479 748 Nonne
506 687 578 752 satis
608 706 759 769 superque
779 689 937 768 probatum
958 697 1006 752 est
1025 708 1114 769 quam
1134 691 1286 770 praeclare
1307 709 1343 754 ac
1436 763 1440 774 ¹

117 791 201 852 saepe
222 770 440 851 praedicaverit
454 771 631 836 Sermonem
653 791 708 834 seu
729 773 835 836 Filium
855 773 920 848 liei,
942 774 993 853 qui
1006 773 1103 838 Patris
1123 774 1172 836 sui
1192 775 1269 838 ratio
1284 782 1341 851 est,

115 874 231 937 semper
260 857 293 917 in
313 855 365 918 illo
387 855 482 917 luisse
507 875 713 938 necunquam
734 857 771 919 ab
804 876 840 920 eo
874 866 1042 937 separatum
1069 877 1105 921 ac
1124 860 1250 937 proinde
1271 877 1342 923 essa

115 938 293 1004 sensnum?
324 939 539 1012 ‘Quamobrem
565 941 617 1004 ubi
645 941 716 1004 dicit
744 951 860 1021 tempus
888 943 989 1016 inisse,
1019 961 1078 1022 quo
1106 941 1155 1005 ille
1181 961 1243 1006 uon
1264 951 1340 1018 erat,

117 1025 153 1087 ibi
178 1023 379 1105 proculdubio
407 1043 518 1104 negare
544 1026 639 1088 noluit
667 1026 732 1088 eius
760 1027 976 1102 aeternitatem,
1007 1045 1095 1106 quam
1122 1028 1242 1108 saepius
1269 1027 1341 1091 alibi

114 1109 241 1172 asseruit
264 1127 301 1170 ac
320 1117 433 1172 urtatus
455 1119 508 1170 est
864 1121 871 1140 ‘

197 1193 277 1266 Quis
300 1211 380 1272 ergo,
403 1194 531 1272 inquies,
553 1193 714 1256 verborum
736 1195 800 1256 eius
822 1213 939 1268 sensus,
960 1195 1069 1275 quibus
1085 1213 1149 1258 eam
1164 1203 1225 1257 mm
1238 1203 1342 1274 aperte
1470 1200 1472 1210 '

115 1279 235 1340 inficiari
256 1275 400 1340 ridetur?
424 1278 534 1340 .Nobis
556 1279 640 1341 facila
660 1279 780 1358 quidam
800 1279 995 1359 persuadebis
1017 1279 1090 1342 nibil
1111 1280 1190 1342 aliud
1212 1279 1269 1342 sibi
1284 1299 1340 1342 ro·
1366 1319 1370 1328 ·

117 1362 213 1436 luisse,
238 1381 329 1440 quam
351 1361 418 1423 aliis
440 1381 531 1442 supra
553 1364 714 1444 explicatis,
738 1362 845 1443 quibus
864 1363 977 1426 dixerat
991 1371 1061 1426 tunc
1074 1365 1232 1444 perfectam
1247 1363 1342 1426 fuisse

116 1445 190 1508 iliius
216 1445 416 1519 nativitatem,
445 1447 664 1526 guandalicus
692 1448 729 1511 ad
757 1448 899 1510 mundum
921 1449 1080 1510 creandum
1102 1466 1261 1528 aggressus
1283 1455 1341 1510 cst.

117 1531 242 1594 Tametsi
266 1531 348 1592 enim
370 1539 456 1592 antem
477 1541 509 1593 et
529 1551 565 1594 ex
586 1542 718 1606 aeterno,
741 1533 783 1594 uti
806 1533 999 1606 ostendimus,
1025 1531 1075 1594 hic
1095 1533 1187 1594 Filius
1209 1532 1264 1594 Dei
1285 1551 1340 1612 ga·

116 1615 191 1678 uitus
212 1615 316 1688 suerit,
340 1615 472 1677 nondum
494 1623 591 1698 tamen
613 1635 649 1678 ex
670 1617 781 1679 aeterni
807 1616 902 1678 Patris
925 1618 993 1679 sinu
1015 1635 1069 1679 seu
1090 1616 1249 1690 intellectu,
1272 1623 1341 1678 tan-

117 1717 199 1782 quam
231 1718 270 1773 ex
305 1700 369 1762 eius
396 1699 527 1774 matrice,
561 1701 646 1764 vulva
676 1697 706 1762 'et
735 1701 825 1764 corde
854 1707 1032 1764 excesserat
1075 1701 1150 1762 Ante
1178 1719 1228 1762 res
1250 1699 1342 1780 igitur

118 1793 225 1846 creatae
246 1782 413 1846 necFilius
436 1803 503 1846 essa
525 1803 580 1846 neo
594 1785 713 1848 Patrem
734 1785 844 1848 babere
866 1784 1124 1864 cognoscebatur?
1154 1784 1227 1846 Cum
1241 1793 1342 1847 autem

117 1867 201 1929 Pater
225 1868 313 1930 illum
344 1877 426 1929 extra
452 1887 486 1931 se
514 1869 622 1943 emisit,
651 1879 722 1932 tunc
748 1871 812 1932 eius
840 1869 1069 1949 generationem.
1083 1879 1114 1931 et
1135 1869 1217 1930 illum
1237 1885 1343 1932 revera

118 1951 217 2014 Filium
238 1952 296 2014 [tei
318 1971 385 2014 esse
406 1953 544 2016 homines
566 1972 728 2032 agnoscere
751 1957 922 2033 coeperunt
956 1954 1155 2016 Tertullianus
1177 1954 1285 2032 itaqua,
1307 1959 1343 2016 ut

118 2037 243 2098 insolam
265 2037 466 2116 Hermogenis
495 2057 532 2099 er
558 2056 631 2100 voce
653 2039 777 2101 Domini
797 2047 945 2120 sumptam
966 2037 1252 2118 argumentationem
1272 2036 1341 2098 eiii·

119 2121 209 2184 maim
232 2128 391 2194 everteret,
415 2121 472 2184 dici
493 2141 584 2200 possa
605 2122 763 2184 arbitratus
786 2133 832 2185 est
856 2123 949 2184 luisse
964 2131 1080 2202 tempus
1102 2141 1160 2202 quo
1176 2139 1232 2183 nec
1245 2119 1342 2184 Deum

119 2223 182 2268 esse
200 2205 323 2267 Patrem
355 2223 412 2268 nec
432 2206 497 2268 eius
519 2207 625 2268 Filium
648 2207 786 2269 homines
808 2207 1016 2286 agnoscebant,
1048 2207 1117 2287 quia
1137 2205 1225 2268 buius
1247 2223 1342 2284 gena-

119 2289 188 2352 ratio
213 2298 245 2352 et
275 2289 412 2352 nativitas
440 2289 516 2370 ipsis
547 2301 699 2371 comperta
727 2300 758 2353 et
779 2291 877 2370 agnita
898 2310 960 2352 non
981 2292 1086 2353 iuerat.
1129 2290 1183 2352 lst
1203 2289 1253 2351 ubi
1275 2305 1344 2352 eam

118 2381 308 2452 agnoverunt,
330 2383 409 2448 urna,
432 2375 520 2437 sicini
542 2375 653 2438 dictum
674 2376 710 2438 ab
733 2395 769 2438 eo
791 2376 930 2449 vidimus,
952 2375 1025 2437 baec
1045 2374 1197 2455 generatio
1211 2376 1344 2452 porrecta

120 2458 175 2520 tuit
205 2459 249 2521 lle
273 2458 330 2519 bac
349 2458 439 2537 igitur
460 2461 600 2538 perlecta,
623 2479 660 2522 eo
682 2478 741 2540 quo
764 2459 931 2522 notavimus
953 2479 1056 2534 sensu,
1079 2457 1270 2540 generatione
1290 2455 1343 2520 lo-

118 2543 164 2621 qui
184 2543 311 2606 videtur.
1291 2583 1295 2594 ·
1331 2582 1334 2590 »

196 2628 234 2688 tt
256 2628 336 2688 banc
356 2645 458 2688 resera
480 2646 548 2689 esse
570 2627 647 2690 illius
669 2636 798 2690 mentem
822 2627 925 2690 confici
946 2635 1048 2707 potest
1062 2645 1099 2687 ex
1113 2625 1209 2688 citatis
1224 2623 1340 2706 ipsius·

120 2719 174 2772 met
193 2712 336 2774 adversus
357 2711 575 2791 Hermogenem
595 2711 708 2774 verbis:
746 2711 862 2793 Sopbio
883 2715 991 2792 ipsine,
1013 2709 1117 2788 inqiut,
1140 2710 1248 2771 enindc
1267 2718 1344 2772 noto

120 2805 148 2856 ει
167 2797 297 2866 conditu,
327 2813 365 2857 cn
391 2815 450 2876 guo
479 2801 512 2859 in
540 2815 633 2860 senen
655 2796 714 2858 Dei
733 2797 773 2857 ad
795 2815 889 2876 opera
909 2795 1016 2856 mundi
1037 2793 1222 2872 disponendo
1244 2796 1344 2872 coepit

121 2884 227 2958 agitem
253 2879 440 2954 (Tertullian.
466 2880 516 2942 lib.
546 2878 1049 2958 advers.llcrmogen.cap.18.),
1079 2876 1147 2955 quia
1174 2876 1248 2938 baec
1275 2874 1342 2954 ipsa

120 2961 233 3042 Sophia,
257 2982 335 3043 quae
356 2963 417 3037 illo,
453 2973 487 3026 ut
507 2964 645 3035 diximus
679 2965 788 3024 latente
802 2963 843 3034 jn
864 2962 926 3024 lieo
949 2969 1033 3040 patre
1054 2977 1173 3038 semper
1193 2959 1258 3032 suit,
1280 2957 1341 3020 ho-

121 3047 243 3112 minibus
266 3067 304 3109 ex
325 3049 393 3127 ipso
414 3055 483 3110 nata
504 3047 641 3128 apparuit
662 3066 696 3110 ac
716 3047 872 3118 manifesta
894 3045 968 3126 ipsis
991 3045 1066 3106 iacta
1088 3052 1143 3106 est
1173 3043 1240 3104 Non
1262 3042 1343 3104 enim

121 3130 188 3192 dixit
214 3151 281 3194 eam
309 3141 371 3204 tum
400 3133 529 3210 primum
557 3140 653 3193 ortam
674 3151 708 3194 ac
729 3130 868 3210 genitam.
911 3129 986 3192 Nam
1006 3127 1065 3190 hoc
1085 3127 1153 3207 ipso
1174 3127 1252 3202 loco,
1282 3145 1341 3208 guo

121 3213 313 3296 Hermogenis
342 3216 469 3295 argutias
493 3217 631 3294 explodit,
661 3216 740 3277 illam
761 3214 797 3276 ab
820 3223 942 3276 aeterno
966 3219 1063 3276 ortam
1084 3213 1179 3274 fuisse
1201 3211 1341 3274 disertis·

121 3300 190 3362 sime
210 3301 379 3380 praedicat:
401 3301 436 3361 Si
448 3305 623 3364 necessario
638 3312 693 3371 eet,
715 3299 821 3378 inquit,
843 3299 906 3362 Deo
920 3301 1051 3360 materie
1065 3299 1104 3360 od
1120 3315 1214 3377 opero
1227 3295 1352 3368 mnndi,

25 3383 26 3386 ’
122 3394 153 3445 ει
171 3385 373 3466 Hermogenes
395 3389 589 3457 existimauit,
613 3385 717 3448 babuit
734 3384 815 3446 Deus
837 3385 996 3446 materiam
1017 3381 1103 3461 longe
1126 3383 1292 3461 digniorem
1313 3389 1344 3444 ει

122 3469 307 3542 idoneiorem
335 3488 399 3532 non
426 3471 508 3550 opud
525 3469 724 3551 philosophos
747 3469 972 3538 aestimandam,
1001 3467 1052 3530 sed
1074 3467 1156 3546 opud
1173 3464 1344 3546 propbetas

122 3553 355 3634 intelligendam,
385 3552 529 3634 Sopbiam
563 3573 650 3616 snam
680 3553 802 3616 scilicet.
846 3551 928 3614 Haec
955 3552 1081 3632 denigue
1107 3549 1174 3612 sols
1204 3550 1344 3626 cognonit
1448 3621 1455 3631 Ι
1523 3549 1547 3598 ,ι

121 3653 235 3700 ammm
257 3638 389 3702 Domini.
436 3639 513 3712 Quis
535 3643 614 3701 enim
634 3641 691 3700 ecit
712 3655 788 3718 gnae
809 3646 882 3699 sent
904 3634 963 3698 liei
982 3647 1010 3698 ει
1031 3651 1107 3715 guse
1127 3635 1161 3694 in
1182 3635 1259 3712 ipso,
1281 3633 1347 3725 nim

122 3725 247 3799 spiritus
271 3727 325 3802 gni
343 3727 377 3784 in
397 3721 490 3802 ipso?
533 3721 647 3802 Sopbio
674 3730 775 3783 antem
803 3723 945 3801 spiritus.
988 3717 1072 3780 Unde
1099 3716 1147 3777 illc
1176 3712 1343 3775 concludit:

126 3803 196 3876 Quis
217 3825 281 3869 non
304 3807 380 3869 banc
401 3811 504 3887 potius
528 3811 661 3870 omnuim
682 3807 800 3885 fontem
821 3816 851 3867 et
873 3807 1018 3884 originem
1034 3799 1222 3869 commendet,
1244 3806 1344 3858 nsote-

123 3893 195 3950 moer
221 3910 297 3954 nero
324 3896 527 3954 austeriorum
546 3891 691 3953 nonsibi
710 3890 870 3964 subditatis,
900 3906 962 3949 non
983 3895 1067 3948 stetu
1089 3885 1260 3957 moeream·
1278 3896 1345 3944 non

123 3983 200 4034 notu
227 3979 402 4055 inquietum,
431 3993 495 4037 non
518 3976 620 4038 babitu
643 3976 817 4054 insomnem,
846 3972 898 4035 sed
925 3974 1048 4034 insitum
1076 3976 1107 4068 ει
1130 3968 1293 4066 propriam
1314 3973 1345 4027 et

124 4069 368 4222 titini
394 4058 768 4222 itttiatllcltt
785 4065 1345 4213 instituissenttt

124 4221 173 4288 liei
193 4226 230 4288 ab
253 4227 527 4290 omniacteruitate
547 4227 641 4289 fuisse
662 4245 679 4288 a
699 4226 788 4287 Patre
808 4243 864 4286 suo
886 4222 1024 4302 genitam,
1048 4238 1122 4299 quae
1137 4218 1258 4297 spiritus
1273 4225 1343 4279 tan·

125 4315 183 4370 tum
213 4320 263 4373 est
283 4331 317 4374 ac
338 4311 391 4372 liei
413 4311 508 4372 Patris
531 4311 727 4382 consiliarius,
751 4327 825 4388 quac
847 4307 884 4369 ab
906 4325 943 4367 eo
966 4323 1026 4366 non
1049 4315 1140 4375 atctn,
1173 4302 1280 4400 idest,
1304 4307 1346 4398 'ut

123 4409 208 4472 supra
229 4396 406 4470 notavimus,
428 4395 593 4458 substantia
615 4405 663 4458 est
684 4395 809 4464 diversa,
833 4391 887 4452 sed
907 4393 1040 4470 proprio
1062 4407 1096 4449 ac
1121 4405 1241 4466 semper
1254 4391 1345 4448 rnsrta

125 4475 176 4538 iuit
197 4487 227 4540 et
248 4499 305 4558 qua
327 4480 400 4554 sola,
423 4499 479 4541 nec
501 4480 556 4542 ulla
579 4480 633 4542 alia
655 4499 698 4552 re,
720 4478 756 4542 ad
779 4475 882 4538 mundi
902 4473 1083 4536 creationem
1105 4472 1217 4552 egebat,
1245 4470 1271 4533 si
1293 4476 1345 4541 taff

127 4577 190 4624 men
210 4563 290 4626 Deus
312 4564 409 4644 aliquo
432 4583 562 4646 unquam
584 4565 702 4646 eguisse
723 4563 782 4626 dici
801 4556 924 4643 possit?
