3122 5250
488 393 623 440 aceruos
644 393 703 438 rec.
725 393 764 438 u
785 393 912 439 nomon
1248 381 1313 446 385

89 547 232 617 nocue,
261 548 363 628 orum
389 549 494 628 osopio
524 547 602 627 quod
623 546 791 609 sesamo
809 562 941 618 amotos
972 547 1016 608 ool
1032 565 1106 630 poor
1129 565 1164 609 se
1183 546 1315 612 immede

90 633 223 714 quotidie
244 641 307 694 toto
329 636 391 692 tom
411 649 542 711 corporo
563 633 682 702 mount,
704 649 772 693 curo
791 633 910 708 madir,
928 636 1085 713 pictorem
1103 636 1137 694 io
1157 651 1216 696 ose
1232 651 1313 713 pro·-

88 721 198 798 pooru‘t
223 715 278 778 sub
309 720 369 778 loto
394 720 638 798 proscriptione:
668 733 872 778 ouoososuss
917 715 951 779 lo
971 728 1039 779 erot
1060 717 1187 780 auribus
1209 727 1312 780 coute-

91 806 212 864 riorum
239 813 270 864 ot
295 805 329 862 io
355 814 426 882 tego¹
447 821 512 864 com
534 800 624 872 libro,
652 801 750 863 altero
769 803 845 885 podo
865 801 1014 881 mpuloto
1044 801 1135 876 (idom
1158 801 1313 866 lib.1.ad
1440 801 1448 808 ’

89 885 208 948 Nason.
232 903 295 964 cap.
320 888 393 962 ld).

176 969 308 1031 Primum
331 989 400 1048 ergo
423 969 495 1031 dixit
516 969 573 1030 boo
594 971 701 1031 lactum
723 989 791 1031 esse
814 989 922 1051 nuper,
945 969 1008 1032 sire
1022 970 1109 1050 paulo
1124 977 1210 1032 antea
1226 989 1313 1050 quam

89 1065 250 1136 seuumque
282 1054 389 1115 librum
417 1055 593 1134 composuit,
626 1063 712 1134 atque
736 1060 878 1135 prom'me
906 1055 937 1116 in
964 1055 1019 1116 ista
1047 1055 1172 1128 civitate,
1203 1054 1234 1115 in
1256 1073 1314 1135 qua

90 1139 339 1202 commorabatur.
383 1139 427 1200 lle
453 1139 544 1204 huius
571 1139 660 1219 igitur
686 1139 753 1200 lacti
781 1139 903 1200 rer-itote
932 1140 1029 1201 nudus
1057 1139 1208 1201 domitandi
1230 1139 1313 1202 locus

91 1235 149 1286 est.
193 1223 305 1285 Deinde
331 1223 409 1285 illins
438 1232 587 1286 auctorem
615 1223 710 1284 luisse
730 1223 870 1285 Iudaeum
898 1225 1060 1303 quendam,
1090 1243 1178 1297 tuoe,
1207 1223 1236 1285 id
1266 1233 1315 1286 est

90 1311 233 1378 iudaicae,
256 1308 406 1388 religionis
429 1311 614 1370 desertorem
634 1308 741 1388 quique
763 1317 833 1370 truie
854 1309 920 1372 solo
942 1311 1120 1372 detrimento
1143 1313 1234 1382 cutis,
1256 1309 1315 1371 boc

92 1405 140 1457 est
157 1395 226 1456 ‘sola
249 1393 483 1468 drounmisioue,
505 1393 627 1486 iudaeus
650 1393 758 1472 impios
780 1393 1083 1456 emnieorumcultus
1104 1394 1314 1474 profitebatur:

92 1480 145 1542 sed
167 1481 247 1541 bunc
268 1479 362 1540 luisse
384 1479 534 1539 hominem
556 1478 788 1558 perditissimum
813 1498 847 1539 ac
868 1479 996 1557 plurium
1018 1479 1174 1540 criminum
1195 1479 1313 1558 publico

91 1563 204 1628 iudicio
224 1563 390 1626 censimum
410 1572 440 1624 et
460 1572 618 1642 propterea
639 1564 676 1626 ad
696 1562 806 1626 bestias
828 1563 1006 1636 damnatum,
1028 1572 1062 1628 ut
1083 1581 1148 1628 coru
1165 1563 1313 1626 eisnirm-

92 1669 162 1714 rum
182 1667 237 1712 suo
261 1649 365 1710 ordine
386 1655 538 1727 pugnaret.
572 1648 683 1710 Verum·
700 1647 769 1726 quia
789 1649 834 1710 las
857 1648 898 1710 illi
920 1657 983 1710 erat
1003 1647 1039 1710 ab
1062 1649 1118 1710 boo
1137 1666 1235 1728 pugru
1257 1647 1331 1710 oll-'

92 1735 209 1814 quando
232 1751 347 1806 rorare,
368 1743 400 1794 ut
420 1733 534 1796 luorum
556 1733 650 1797 mous
671 1734 788 1806 laceret,
811 1751 880 1794 sese
900 1735 1032 1815 quotidie
1053 1734 1246 1812 [morandis
1264 1734 1315 1796 be·

91 1825 170 1891 otir'o,
198 1819 257 1880 boc
285 1819 393 1879 estad
421 1817 536 1880 illarum
563 1817 692 1896 impetus
720 1835 754 1878 ac
781 1836 901 1882 morsus
930 1818 1094 1881 dimicando
1113 1817 1314 1890 declinandos,

90 1905 174 1966 ultro
193 1903 315 1966 locabat.
359 1903 434 1966 Naue
454 1911 488 1964 ut
508 1901 640 1981 adprime
663 1902 859 1964 Cassiodorus
883 1903 1035 1964 observat:
1068 1903 1160 1967 leue
1183 1905 1314 1966 octoro-

93 1989 174 2057 bilr'o,
201 2001 352 2052 certamen
379 1987 490 2066 mseb‘c
513 2005 579 2048 euno
598 1989 676 2067 ferto
699 1987 985 2060 sollemniorem,
1014 2007 1088 2070 goos
1110 1989 1260 2068 feruores
1281 2004 1314 2053 oo

90 2093 155 2136 oon
178 2069 294 2135 dubitor
314 2077 461 2136 loomim.
496 2071 569 2135 Solo
592 2083 635 2135 est
656 2091 728 2152 erpo
749 2077 782 2134 io
803 2072 939 2151 solleodo
960 2075 1315 2154 praesumptiosum

91 2163 124 2218 io
153 2159 323 2238 deceptione
344 2157 496 2220 solutiora
544 2158 606 2230 Qut
626 2162 655 2218 sr'
673 2158 773 2235 seruo
795 2175 856 2220 ooo
877 2169 1032 2220 mereatur
1052 2157 1194 2238 effugere,
1216 2161 1315 2218 totu*-
1417 2159 1420 2170 '

93 2245 164 2306 dum
192 2261 247 2304 roeo
274 2242 464 2324 sepulturum
484 2246 601 2321 poterit
622 2246 756 2304 iuvenire
789 2241 935 2314 (Cassiod.
958 2241 1008 2302 lib.
1031 2242 1065 2302 V.
1088 2242 1199 2302 Variar.
1220 2241 1314 2320 Epist.

93 2330 144 2390 42.
168 2345 198 2406 p.
221 2328 296 2401 94.).
327 2325 406 2388 Talis
430 2335 492 2388 erat
513 2325 636 2388 ludaeos
658 2326 706 2386 ille
728 2327 880 2400 recutitus,
904 2327 951 2388 cui
972 2335 1089 2405 praeter
1110 2325 1313 2388 circumcisio-

91 2431 171 2484 nem,
196 2413 336 2492 quotidie,
359 2412 398 2472 ait
420 2411 627 2484 Tertullianus,
650 2419 713 2472 toto
734 2411 792 2472 iam
816 2430 944 2492 corpore
967 2413 1086 2484 decutit,
1108 2410 1137 2472 id
1154 2419 1200 2472 est
1214 2411 1313 2490 plures

92 2495 218 2576 singulis
248 2494 352 2558 diebus
381 2495 481 2576 plagas
509 2495 660 2556 morsibus
683 2495 856 2556 ,bestiarum
885 2495 1053 2576 accipiebat„
1097 2495 1134 2556 tt
1163 2495 1192 2556 id
1219 2513 1313 2576 genus

89 2581 248 2644 bominum
268 2579 401 2642 bestiarii
423 2580 713 2659 cognominabantur,
736 2580 772 2642 de
795 2581 902 2660 quibus
923 2581 1010 2660 paulo
1032 2589 1100 2642 ante
1117 2579 1313 2642 disseruimus

92 2667 146 2744 (Su
169 2684 212 2727 er.
236 2673 323 2746 cap).

148 2686 213 2810 plu
235 2749 312 2811 ludis
334 2749 432 2828 itaque
453 2747 578 2828 publicis
601 2747 708 2809 nebulo
732 2747 779 2809 ille
794 2747 1056 2810 Pseudo-iudaeus
1078 2757 1111 2810 ut
1124 2745 1313 2808 christianam

91 2836 270 2914 religionem
295 2833 502 2906 ludificaretur,
530 2833 607 2894 illam
631 2832 806 2893 circumtulit
828 2833 1004 2911 descriptam
1026 2851 1043 2894 a
1065 2831 1247 2893 Tertulliano
1268 2830 1313 2891 ri-

91 2921 220 2983 diculam
241 2919 326 2998 plane
349 2917 515 2996 imaginem,
539 2917 621 2981 cuius
644 2918 716 2978 llaec
738 2926 801 2977 erat
821 2917 990 2996 inscriptio:
1024 2935 1098 2978 oeus
1122 2933 1312 2976 csnrsrreuo-
1342 2953 1350 2970 .

91 3025 153 3068 nou
177 3022 372 3065 onocnoercs
400 3001 583 3076 l'l'ertullian.
605 3001 757 3080 apologet
781 3019 844 3080 cap.
869 3003 942 3077 lo),
972 3001 1033 3063 sire
1056 3009 1091 3062 ut
1111 3000 1141 3060 in
1164 2999 1314 3061 codicibus

91 3090 208 3151 nostris
231 3087 438 3166 manuscriptis
461 3095 490 3147 et
510 3087 584 3158 aliie,
611 3087 774 3157 Oreoobtis,
795 3086 826 3146 in
848 3086 911 3147 aliis
936 3085 1146 3149 Ooooborsitis
1168 3084 1213 3144 vel
1231 3085 1315 3146 Ono-

93 3175 254 3238 ebortieois
277 3179 327 3234 aut
352 3172 559 3243 Oooobotosis,
593 3171 623 3231 in
645 3171 774 3250 antiquis
796 3170 975 3232 editionibus
1001 3171 1171 3251 (lugebitur,
1194 3169 1225 3230 iu
1247 3169 1314 3248 qui-

91 3260 221 3322 busdam
243 3258 361 3319 tandem
379 3250 558 3340 Ὀνοχήλος.
603 3257 637 3316 ln
659 3255 725 3316 libri
748 3264 845 3316 autom
866 3257 902 3317 ad
923 3255 1065 3318 Nationes
1087 3255 1198 3316 inedito
1213 3273 1314 3316 exem·

91 3344 168 3424 plari
191 3351 222 3404 et
243 3342 307 3403 aliis
329 3341 418 3403 editis
438 3342 496 3402 boc
515 3359 626 3402 nomeu
647 3339 785 3402 scribitur
806 3340 913 3420 triplici
934 3342 1023 3402 modo
1039 3359 1074 3403 ac
1085 3339 1182 3421 primo
1198 3339 1315 3418 peridem

96 3427 291 3498 Onoeboltes,
313 3426 442 3489 secundo
468 3427 656 3498 Onoeboitos,
678 3425 767 3487 tertio
793 3426 963 3488 Ooooboete
982 3425 1076 3501 (idem
1097 3425 1147 3487 lib.
1164 3425 1186 3486 l.
1204 3425 1241 3485 ad
1254 3423 1314 3485 Na»

93 3515 169 3575 tiore
192 3531 256 3593 cop.
282 3515 355 3586 lt).
398 3512 435 3572 At
466 3529 553 3590 quam
585 3510 681 3572 variae
714 3511 974 3590 discrepantesque
1006 3519 1076 3572 suut
1106 3509 1198 3572 buius
1227 3509 1316 3570 ouius

92 3597 227 3660 romulis
249 3597 399 3670 lectiones,
427 3605 486 3656 um
508 3595 584 3656 clere
605 3603 686 3674 patet
706 3595 776 3656 illud
799 3615 866 3657 esse
889 3603 1072 3676 corruptum.
1115 3592 1315 3666 Quamobrem

94 3683 207 3746 eruditi
230 3682 332 3762 plures
360 3680 413 3741 riri
442 3680 473 3741 in
501 3699 536 3741 eo
560 3681 690 3740 sanando
714 3699 773 3740 uon
794 3699 899 3759 param
920 3680 1145 3742 desudaverunt
1190 3676 1315 3749 Quidam
1373 3716 1376 3724 s

95 3769 180 3830 eninr
196 3775 303 3846 putant
321 3765 478 3845 legendum
502 3765 695 3835 (boooboetes,
727 3763 767 3825 ita
789 3773 821 3826 ut
842 3765 898 3826 bac
918 3783 990 3828 roco
1011 3764 1192 3844 significetis
1212 3759 1315 3822 asinus

95 3869 254 3916 surorum
272 3851 415 3930 magister
436 3859 465 3910 et
487 3849 638 3921 sacerdos,
661 3867 678 3909 a
700 3867 758 3929 quo
781 3849 829 3910 alii
851 3849 985 3911 initiandi
1007 3858 1102 3910 mant.
1144 3843 1254 3908 Mabmt
1267 3843 1315 3906 olii

97 3936 240 4016 seriptum
265 3935 488 4005 Ooocborsites,
510 3934 546 3996 ab
568 3933 684 3995 osmiuo
707 3932 812 4012 capite,
835 3933 882 3994 alii
907 3935 1074 4004 mecedem
1091 3931 1131 3992 -id
1154 3937 1200 3991 est
1221 3927 1314 3990 asbti-

97 4039 155 4082 nae
180 4020 309 4102 origims
331 4029 361 4082 et
386 4019 553 4098 prosapiae.
596 4017 651 4080 Alii
679 4017 766 4079 etiam
801 4019 1010 4090 Onetocurtes,
1041 4033 1147 4094 graece
1173 4004 1316 4076 'lisono-

97 4101 264 4253 tram

95 4276 225 4357 logotico
259 4274 336 4336 libro
368 4267 557 4336 indicantur?
600 4273 677 4345 Quid
711 4271 791 4333 enim
823 4271 852 4332 si
882 4271 1031 4350 posterius
1064 4268 1138 4330 illud
1167 4285 1316 4330 nomena

96 4362 244 4424 soelorato
273 4363 417 4440 nugatore
444 4358 601 4419 confictum
628 4367 658 4418 et
684 4375 702 4417 o
728 4355 855 4417 librariis
883 4355 989 4417 deludo
1011 4361 1180 4434 corruptum
1202 4349 1316 4414 luerit?

99 4447 178 4520 puio
208 4445 307 4518 etiam,
334 4444 361 4506 si
381 4443 499 4524 vulgare
521 4441 668 4522 quoddam
689 4440 832 4502 Punicum
853 4457 964 4502 nomen
995 4439 1035 4501 sit
1063 4438 1177 4520 umque
1197 4437 1316 4518 penitus

98 4527 293 4594 obsoletum?
321 4527 426 4590 Nonne
447 4526 536 4589 nobis
559 4527 694 4588 sulllcero
716 4525 803 4587 debet
824 4525 892 4586 data
911 4524 947 4586 ab
961 4524 1086 4598 ductore
1100 4531 1205 4585 nostro
1228 4521 1316 4584 bubo

98 4616 231 4679 nominis
254 4622 284 4676 et
304 4613 435 4694 picturae
450 4611 620 4692 explicatdo:
643 4610 683 4682 ls,
706 4610 813 4692 ingerit,
835 4622 902 4698 oret
916 4610 1041 4674 moribus
1057 4614 1193 4680 ooim'm's,
1217 4608 1316 4671 oltoro

137 4721 363 4769 lenesmontem.
378 4729 415 4764 ro.
431 4729 529 4765 oreon.
555 4715 618 4762 Tou.
635 4715 674 4760 lll.
1081 4709 1114 4761 25

788 4917 800 4958 l
