3092 5234
451 407 586 452 suescas
608 407 649 450 so.
672 407 740 452 suo.
761 407 925 454 massana.
1236 395 1294 458 591

72 553 252 626 dalonderst,
289 555 329 615 ita
359 562 393 617 ut
420 555 547 633 engitet
578 573 640 629 eos,
677 557 727 635 qui
756 556 812 618 sibi
834 558 990 620 sumebant
1010 565 1187 638 potestatam
1208 559 1298 622 dandi

2 667 6 696 t
70 638 192 698 veniam
214 636 399 711 delictorum,
437 656 511 717 qaae
534 640 583 700 uni
611 647 709 700 nmen
738 641 800 702 lieo
828 650 1020 721 competeret.
1072 641 1162 704 Cuius
1184 644 1239 716 rei,
1258 644 1298 706 ni

71 721 167 794 tahar,
190 721 434 799 significationem
456 723 488 784 in
510 722 568 783 illis
590 723 689 784 verbis
710 723 835 804 reperit:
863 745 957 805 aeque
980 737 1137 806 peccabam
1165 728 1296 799 umens,

73 823 169 884 nepae
194 810 337 885 spiritum
366 805 503 886 indulpet
529 811 592 867 aisa·
611 807 694 869 Dens
720 809 821 880 solua·
857 827 932 886 qnae
959 809 1108 887 quomodo
1135 809 1255 870 nonnisi
1276 827 1297 880 a

2 913 8 952 ι
73 887 218 966 scriptore
252 888 422 968 disciplinae
444 889 574 950 Montani
607 889 707 951 dedito
734 892 922 969 pronuntiari
943 892 1108 970 potuerint,
1140 910 1203 953 non
1224 911 1295 970 pcr-

73 971 177 1050 spicio.
213 971 288 1032 Nam
308 990 406 1052 neque
427 973 497 1034 illud
520 973 639 1034 sodales
662 975 844 1036 orthodoxae
858 975 1007 1038 Ecclesiae
1020 977 1176 1054 negabant,
1199 993 1296 1055 neque

2 1099 3 1108 ,
73 1055 109 1115 de
131 1072 166 1115 ea
187 1073 221 1115 re
242 1062 306 1116 erat
327 1073 379 1118 eos
402 1057 479 1118 inter
500 1063 531 1117 et
551 1056 743 1119 hlontanistas
765 1059 943 1138 disputatia;
975 1060 1028 1120 scd
1055 1060 1096 1120 illi
1119 1059 1296 1135 orthodoxi,

4 1180 7 1189 .
72 1137 205 1216 quamvis
233 1139 354 1200 nonnisi
375 1140 438 1201 lieo
466 1147 645 1218 potestatem
672 1142 918 1204 remittendorum
940 1151 1126 1222 peccatorum
1154 1144 1294 1222 adsigna-

73 1229 150 1294 rent,
182 1222 347 1298 negandam
382 1232 481 1284 umen
517 1240 619 1300 pacem
656 1224 705 1298 iis,
740 1226 789 1304 qui
819 1235 942 1304 proptor
977 1236 1096 1306 peccata
1130 1228 1247 1287 lucrant
1278 1245 1297 1288 e

2 1343 7 1379 ι,
73 1304 213 1366 societate
242 1323 326 1366 sacra
353 1307 448 1380 aienti,
475 1324 538 1366 non
567 1307 718 1386 putabant,
747 1309 893 1388 siquidem
922 1310 962 1370 illi
991 1325 1025 1370 se
1045 1309 1133 1371 utam
1156 1311 1297 1371 emenda-

73 1394 156 1449 turos
178 1388 397 1466 pollicerentur.
440 1390 549 1451 Postea
570 1391 649 1452 hunc
670 1391 777 1453 librum
806 1392 852 1454 vir
879 1393 984 1456 doctus
1013 1394 1054 1454 ait
1081 1394 1116 1455 ad
1146 1394 1295 1455 calamitu-

73 1479 136 1532 tum
157 1470 333 1534 Christianis
356 1492 373 1534 a
394 1473 517 1536 deornm
539 1474 701 1535 cultoribus
722 1476 924 1538 immissarum
950 1477 1037 1556 plena
1069 1485 1204 1562 tempora
1224 1495 1296 1555 per-

5 1601 8 1609 .
72 1554 183 1628 tinere;
219 1574 293 1634 quae
320 1565 367 1618 eet
393 1557 466 1618 letis
494 1559 628 1636 prolecto
655 1559 832 1620 coniectura.
875 1560 949 1622 Nam
977 1560 1294 1634 c.16.librinostri,

1 1663 3 1718 ,3
73 1656 161 1717 quem
181 1639 278 1700 locum
301 1639 350 1700 ille
372 1647 551 1702 antestator:
574 1653 619 1703 est
639 1643 726 1704 nohis
748 1645 1016 1705 etiamseauaduas
1032 1644 1196 1714 honarum,
1221 1664 1296 1707 san·

2 1795 4 1806 .
72 1726 172 1800 pelais
194 1723 317 1794 scilicet,
349 1725 429 1786 nullo
458 1725 547 1785 modo
575 1735 637 1786 tum
665 1743 808 1802 praesens
838 1726 1000 1806 periculum
1022 1728 1163 1788 ostendit.
1208 1728 1296 1800 Quod

74 1805 101 1866 si
123 1814 384 1868 commemoratum
407 1809 494 1869 etiam
516 1808 730 1870 aTertulliaao
752 1810 868 1884 luisset,
891 1829 952 1872 non
974 1819 1131 1890 pmpterea
1152 1811 1201 1872 hic
1221 1811 1297 1874 libas

3 1937 10 1949 .
73 1888 109 1949 ad
133 1888 243 1967 scripta
264 1889 397 1952 Montani·
422 1891 575 1953 erroribus
603 1894 711 1952 referta
738 1893 825 1954 ahiioi
853 1902 967 1974 posset,
1001 1903 1073 1955 sunt
1099 1893 1178 1956 eninr
1205 1895 1298 1957 matltu

74 1971 247 2032 Tertulliani
269 1973 378 2053 scripta
400 1977 445 2047 (ut
465 1974 543 2036 [iias.
565 1976 589 2035 l.
612 1976 814 2052 docebamus),
843 1979 972 2056 aequalia
999 1978 1046 2040 his
1072 1979 1296 2053 calamitatibus,

74 2063 142 2116 ante
164 2055 336 2118 'Tertulliani
359 2059 554 2120 delectionem
576 2059 750 2137 composita.
796 2061 856 2122 Sed
888 2080 986 2140 nequa
1011 2062 1077 2141 ipse
1105 2062 1153 2123 ille
1180 2061 1297 2142 dicendi

73 2139 192 2211 modus,
215 2159 273 2218 quc
296 2129 495 2204 Tertullianus
517 2144 663 2204 cruciatus
690 2142 816 2221 aliquem
848 2145 938 2206 veluti
958 2145 1138 2225 baptismum
1160 2147 1296 2225 appellat,

74 2223 173 2284 statim
201 2224 406 2287 llantanistam
434 2227 550 2306 prodit,
585 2227 643 2288 nisi
671 2227 795 2288 velimus
822 2228 921 2290 dicere
943 2229 1102 2308 origenem
1129 2238 1299 2308 quoquest

73 2305 158 2380 alios,
180 2325 308 2386 quornm
328 2309 394 2371 loca
414 2310 504 2371 habat
523 2309 704 2372 Dodwellns⁵
726 2311 776 2389 qni
799 2331 949 2390 nonquam
963 2313 1091 2375 accusati
1106 2314 1296 2375 Montanismi

2 2455 6 2475 ,
73 2392 166 2462 luere,
196 2399 320 2469 propter
347 2413 411 2455 earn
438 2411 503 2454 rem
530 2394 664 2456 societati
685 2395 929 2457 llontanistarum
956 2395 1090 2458 addictos
1117 2397 1219 2458 haberi
1241 2399 1295 2458 de·

2 2478 5 2488 '
73 2473 176 2534 hercl.
233 2474 367 2554 lienique
402 2477 481 2556 quod
516 2497 578 2539 non
614 2477 741 2539 obscure
776 2479 988 2541 Tertullianum
1025 2481 1132 2541 eodem
1163 2481 1195 2540 in
1230 2481 1296 2544 loco

110 2644 124 2691 i.
149 2643 250 2693 llisseat.
268 2644 380 2708 Cyprian-
398 2645 460 2695 llill.
486 2661 548 2709 quae
571 2652 609 2696 eat
631 2646 662 2698 ds
711 2645 858 2709 baptismum
883 2646 1002 2708 triplicem
1031 2647 1236 2706 confirmandum,
1272 2657 1299 2698 ιιι

72 2709 181 2758 secundo
202 2711 306 2772 martyrii
323 2711 454 2776 baptismo,
474 2713 592 2775 inprimis
603 2708 627 2775 ξ.
637 2711 660 2761 2.
712 2720 797 2776 postca
817 2714 915 2775 patebit,
935 2713 1002 2762 nulla
1015 2714 1087 2762 modo
1100 2715 1235 2772 consentit,
1254 2728 1297 2764 aa·

109 2777 130 2823 l.
150 2779 179 2825 lt
197 2776 277 2826 dicero
295 2779 334 2841 qni
348 2787 446 2842 posset,
466 2777 530 2838 illos,
550 2779 590 2842 qni
607 2786 663 2843 post
710 2793 759 2842 pus
778 2785 857 2828 tamen
876 2779 1231 2843 hocllpiphoniitestimoninm
1243 2781 1297 2829 uni·

73 2842 251 2892 Tertullianum
264 2844 370 2902 rixertnt,
389 2846 540 2895 Christianos
556 2845 661 2908 scripto·
712 2859 780 2894 verse
799 2847 1001 2894 contemnendum
1020 2845 1132 2894 arbitror.
1157 2845 1209 2894 Erit
1227 2845 1299 2908 igitur

74 2923 124 2968 res,
149 2924 203 2960 cnm
230 2923 324 2960 samma
343 2912 487 2962 existimatio
506 2925 590 2962 aarum
609 2920 661 2961 orta
713 2925 802 2976 operae
820 2913 933 2980 pretinm,
951 2918 978 2960 ut
995 2914 1106 2975 quisnam
1125 2911 1145 2961 is
1164 2911 1236 2961 inerit
1254 2913 1298 2962 tri·

74 2984 148 3036 esset,
172 2978 212 3042 qai
236 2978 272 3028 tal
291 2987 369 3028 morte
387 2979 422 3029 ιιΙ
441 2979 587 3028 cracistihus
605 2993 661 3030 sus·
712 2979 769 3042 ples
786 2979 913 3028 llarcicuis
932 2979 1066 3042 baptismus
1085 2979 1188 3028 breviter
1214 2987 1297 3030 osten·

74 3045 152 3108 ceptis
163 3043 284 3094 Christum
304 3047 409 3094 confessi
427 3046 524 3108 publice
543 3052 619 3107 erant,
640 3053 665 3094 ut
715 3046 779 3095 dana·
815 3045 840 3106 1)
859 3046 930 3094 nutu
948 3052 1004 3096 snat
1022 3047 1045 3094 iu
1058 3045 1183 3107 disciplina
1196 3047 1299 3098 ldarcin·

76 3110 125 3160 alia
143 3111 222 3176 plura,
241 3112 303 3160 hanc
321 3126 417 3175 qnoque
427 3111 522 3162 dicendi
534 3120 663 3161 consuetu·
715 3113 753 3162 uis
771 3113 860 3161 similia
879 3111 1019 3176 disciplinae
1038 3111 1203 3173 Manicheam,
1228 3129 1298 3178 qnam

75 3179 156 3228 dinem
188 3194 200 3226 s
225 3178 375 3228 Montanistia
406 3179 555 3244 sumpsisse,
585 3193 663 3242 nequa
715 3178 834 3228 llanetsm
862 3187 955 3228 constat
983 3193 1040 3228 suos
1067 3180 1091 3229 io
1122 3180 1248 3230 luditcres
1277 3189 1301 3231 et

1 3267 4 3270 ⁴
74 3259 134 3308 argo
152 3246 239 3296 harum
259 3245 312 3294 locs
330 3261 385 3296 esse
403 3247 490 3296 idonea
508 3247 538 3295 sd
557 3246 663 3295 liberau·
715 3247 812 3296 Electus
838 3245 990 3308 distinxissa;
1014 3261 1088 3311 quara
1113 3247 1176 3296 haud
1200 3249 1251 3297 seio
1270 3261 1300 3298 aa

74 3315 134 3362 duna
157 3313 222 3364 hunc
243 3327 382 3364 sermonen
405 3329 418 3362 s
443 3314 594 3364 honnuismi
621 3328 665 3364 sa·
715 3314 862 3364 Marcionitis
886 3328 934 3363 nou
959 3315 1143 3379 possit-eudem
1161 3315 1299 3366 distributio

74 3381 194 3443 apiciana,
213 3381 356 3445 pracsertim
370 3396 424 3431 cnm
434 3381 455 3432 is
465 3381 559 3445 primus
573 3381 664 3431 inTar-
717 3381 847 3442 adsignari,
866 3396 919 3431 curn
931 3381 1094 3432 Tertullianus
1112 3383 1226 3432 adversus
1236 3383 1299 3433 llar-

73 3447 177 3496 tulliano
188 3447 338 3511 aliorumque
349 3447 546 3497 Moutaoistarum
556 3448 662 3512 scriptis,
714 3448 809 3499 cionem
828 3447 868 3496 lih.
887 3448 911 3497 t.
931 3464 951 3498 c.
971 3448 993 3496 i.
1015 3465 1039 3513 p.
1060 3463 1091 3498 nt.
1110 3447 1159 3500 588
1174 3449 1199 3499 C.
1218 3451 1298 3500 videa·

1 3555 5 3578 ,
73 3513 146 3564 relati
166 3515 189 3562 ia
202 3515 266 3564 ,lctis
279 3512 662 3580 Perpetuaeetl'elieit.(MT),
714 3524 754 3565 tur
771 3516 886 3576 indicare,
905 3516 1000 3565 nonnisi
1018 3517 1179 3566 sanctioribus
1200 3531 1228 3566 ιιι
1249 3517 1299 3566 suis

1 3586 5 3657 ,
73 3591 199 3654 appareat.
235 3582 313 3641 onam
340 3583 402 3632 torte
426 3584 589 3648 suspicionem
609 3581 663 3646 psl·
714 3583 858 3634 Marcionem
885 3584 1021 3647 nuptiarum
1046 3584 1166 3632 liconiam
1190 3597 1299 3645 negasse,

2 3662 7 3676 ’
75 3650 123 3698 lam
143 3649 189 3698 alia
208 3649 356 3711 suspicione,
381 3651 401 3698 si
420 3651 558 3710 ostendero,
584 3651 662 3713 ipsum
715 3652 753 3700 his
764 3651 857 3698 rerhis:
875 3651 977 3700 Marciam
987 3658 1059 3700 totam
1071 3653 1216 3700 concubitum
1225 3655 1300 3713 catut

2 3759 3 3762 ,
34 3721 45 3730 ·
74 3718 123 3766 ism
137 3716 284 3766 hlarcioaem
303 3717 403 3766 candem
422 3717 516 3767 dicendi
533 3724 663 3766 consuetu·
714 3719 843 3780 fidelihus,¹
870 3718 969 3766 viderint
988 3720 1048 3766 euim
1065 3718 1219 3766 catechumeni
1234 3718 1299 3764 eiua:

2 3816 7 3825 .
75 3783 157 3832 dinem
177 3782 298 3832 hahuisse.
333 3783 425 3848 Nempe
437 3783 587 3848 Epiphanius
605 3784 663 3832 hae·
714 3785 739 3832 in
764 3782 852 3847 quibas
875 3783 953 3846 potnit
972 3783 1157 3832 catechumenos
1176 3781 1319 3844 appellare.

74 3865 123 3900 res.
143 3849 212 3898 Thll.
232 3845 258 3913 ἦ.
277 3849 300 3899 3.
325 3850 381 3900 adit.
400 3851 477 3901 Calan
497 3867 519 3914 p.
539 3850 597 3900 304.
615 3857 665 3898 tras
717 3851 796 3899 miuus
814 3851 937 3913 perlectos
956 3851 1077 3909 madoco,
1095 3847 1314 3911 quohpiphanius.

76 3918 110 3967 ait
127 3917 264 3979 baptismos
286 3916 400 3966 defensas
419 3933 432 3967 a
450 3917 571 3966 Marcione
590 3917 664 3965 inisse
717 3917 805 3979 aliiqns
825 3918 870 3965 hcc
888 3930 975 3964 nornen
994 3919 1065 3965 ctiam
1084 3914 1197 3964 adhihent
1215 3915 1244 3961 de
1258 3929 1300 3963 su-

75 3975 119 4042 (οό
143 3975 233 4048 μόνον
254 3974 318 4046 παρ’
345 3977 419 4049 αὐτῷ
443 3977 474 4032 ἓν
492 3977 609 4047 λουτρὸν
626 3978 665 4030 δι’·
688 4031 696 4046 ,
716 3984 835 4032 ditorihus
854 3983 1063 4044 Manichaeorum
1088 3995 1165 4044 neque
1186 3981 1301 4033 credibile

76 4045 168 4105 dotat,
195 4040 261 4097 tua
284 4043 331 4097 eet
354 4043 405 4104 ἕως
421 4049 508 4115 τριῶν
524 4048 665 4118 λουτρῶν).
716 4058 762 4110 ιιι,
773 4047 917 4100 ldareicnem
929 4050 952 4098 in
964 4052 1100 4108 uniuersum
1110 4061 1195 4096 omnes
1205 4050 1300 4112 nuptias

76 4119 103 4167 lu
130 4131 179 4181 quc
204 4116 324 4166 uarrsudc
349 4120 394 4168 otsi
421 4119 506 4168 damus
530 4133 585 4169 rara
609 4131 665 4168 esse
716 4118 845 4167 sustulisse
858 4117 922 4180 apud
934 4130 1001 4177 suas,
1016 4129 1080 4174 eum,
1098 4115 1301 4178 quemadmodum

76 4185 147 4234 lalcis
173 4185 202 4234 ah
227 4184 361 4248 Epiphanio
385 4188 517 4250 permista,
543 4194 664 4250 tamquam
717 4191 825 4244 canstat,
850 4185 987 4249 nuptiarum
1011 4189 1134 4232 auctorem
1158 4194 1206 4231 nau
1229 4183 1301 4232 deum

2 4245 5 4272 ⁷
76 4265 133 4303 cum
166 4252 230 4302 diest
253 4252 399 4302 Marcionem
429 4253 551 4317 triplicem
574 4254 667 4317 bsptis-
719 4251 810 4302 malum
833 4252 877 4301 sed
896 4250 1000 4301 madium
1020 4249 1088 4299 illum
1106 4250 1202 4313 putarit,
1230 4263 1302 4314 qaam

2 4326 3 4354 ι
76 4333 143 4370 naum
164 4320 321 4382 excogitasse,
339 4329 368 4371 ut
385 4335 412 4370 se
430 4321 668 4383 allagiticcamrir-
719 4321 809 4370 iustam
835 4317 996 4381 nuncupabat
1033 4318 1065 4367 hi
1084 4331 1130 4380 qno
1155 4316 1180 4376 2)
1198 4331 1246 4366 aaa
1264 4319 1302 4366 ia·

75 4388 133 4450 niue
165 4387 297 4437 commisso
329 4396 444 4452 purgaret
470 4388 544 4453 (qnod
569 4397 614 4448 ast,
642 4394 669 4437 ut
719 4395 773 4450 epte
797 4392 878 4450 potest
896 4399 949 4435 cam
967 4384 1118 4435 bellosahrio
1137 4384 1302 4441 coniicitlli-

75 4456 146 4505 multi
165 4455 334 4515 ostenderunt,
352 4471 418 4505 mera
433 4455 577 4516 calumnia),
596 4455 668 4505 etiarn
718 4453 793 4504 stcira
810 4455 840 4502 du
859 4452 1029 4502 Manicheisma
1047 4451 1115 4503 Toni.
1136 4452 1163 4500 ll.
1183 4467 1206 4514 p.
1226 4450 1301 4514 122),

2 4519 4 4526 ’
76 4537 132 4572 cum
157 4523 222 4572 dicat
253 4523 350 4572 dedisse
378 4523 523 4574 Marcionem
547 4524 666 4587 triplicem
718 4520 930 4570 unumllarsicois
948 4520 1093 4584 baptismam
1112 4520 1136 4568 in
1154 4517 1301 4568 omuescol·

75 4589 235 4653 baptismum,
255 4589 321 4654 qaod
339 4604 393 4640 cam
409 4597 550 4652 argomento
564 4591 667 4641 adhunc
719 4589 802 4650 latam,
821 4588 897 4639 altero
915 4587 1019 4638 initiatos
1036 4589 1112 4638 luisse
1124 4585 1299 4637 interiorissd·
