3122 5250
463 385 597 430 nuoroas
618 384 677 428 mo.
700 384 736 428 un
757 383 885 428 ncomr.
1218 361 1278 428 661

87 535 271 610 iensissimus
292 535 365 598 nihil
386 536 445 598 nisi
465 536 576 598 bonum
599 544 628 596 et
648 531 958 614 aequumdamnabat.
989 531 1105 594 Etbnici
1127 549 1198 610 ergo
1221 531 1280 594 ini·

86 621 222 703 quissimis
245 621 309 682 eius
331 620 444 700 legibus
466 639 614 699 nunquam
636 619 728 681 teucri
750 627 895 698 poterant,
918 635 952 678 ao
966 615 1123 678 Christiani
1137 617 1202 677 iure
1216 635 1283 678 me·

86 707 134 770 rito
161 725 192 768 se
219 705 254 766 ab
283 705 402 767 homine
431 713 489 766 tam
514 704 606 784 impio
634 705 785 766 danmatos
812 721 880 765 esse
901 700 1110 780 gloriabantur.
1152 700 1285 779 Denique

87 811 131 852 sua
152 789 316 852 crudelitate
337 797 368 851 et
388 789 525 851 inauditis
547 790 687 852 hactenus
709 787 825 866 llagitiie
845 786 963 848 horrori
979 784 1116 848 omnibns
1131 785 1204 846 adeo
1220 784 1282 857 luit,

87 885 113 936 ut
136 883 235 937 eonem
264 874 327 936 eius
355 881 545 936 monumenta
565 873 670 936 abrasa
691 873 855 951 a'holitaque
877 871 993 932 luerint.
1037 869 1110 930 Nam
1132 889 1149 929 3
1170 878 1283 946 senatu,

86 967 113 1022 ot
130 959 167 1020 ait
187 959 357 1032 Suetonius,
387 957 484 1020 hostis
506 958 641 1040 publicus
665 958 808 1020 iudicatus
831 964 876 1018 est
897 973 1036 1034 moreque
1058 955 1203 1016 maiorum
1224 973 1282 1034 pu-

84 1043 196 1106 niendus
232 1043 367 1119 (Sueten.
402 1043 432 1104 in
464 1043 528 1104 vira
559 1043 686 1106 Neronis
720 1060 783 1121 cap.
813 1043 888 1117 tao.
944 1040 978 1102 ln
1008 1039 1111 1100 Dionis
1148 1039 1284 1120 Epitome

84 1129 196 1206 legimus
218 1146 235 1189 3
255 1128 398 1190 militibus
420 1128 614 1190 comminutas
637 1136 666 1188 et
687 1127 799 1189 dbutm
821 1127 885 1188 eius
907 1134 1018 1188 statuas
1041 1125 1139 1198 (ilion.
1154 1125 1231 1205 Epit.
1252 1141 1284 1203 p.

87 1215 159 1288 196.)
184 1232 218 1274 33
244 1213 271 1274 si
292 1212 447 1276 Plutarcho
468 1212 552 1286 fides,
582 1211 720 1292 Spicillus
742 1211 884 1290 gladiator
911 1210 948 1272 iis
970 1227 1025 1290 per
1055 1209 1158 1271 urbem
1191 1207 1284 1289 raptis

84 1297 111 1358 in
129 1300 190 1359 loro
212 1297 337 1360 obrutus
360 1306 540 1376 necatusque
561 1297 616 1358 brit
637 1297 793 1368 (Plutarch.
816 1297 847 1356 in
867 1296 932 1356 Vita
955 1293 1062 1356 Galbae
1082 1312 1112 1373 p.
1138 1299 1253 1372 1056.)

156 1382 193 1444 ht
213 1381 347 1461 quamvis
369 1381 477 1444 ethinci
498 1382 596 1444 omnia
618 1381 682 1442 eins
704 1389 766 1443 acta
788 1389 818 1443 et
838 1381 955 1442 demeto
978 1380 1040 1440 iure
1061 1379 1168 1441 merito
1189 1377 1284 1441 resci-

83 1466 179 1540 derint,
201 1485 290 1528 caeco
311 1475 410 1528 tamen
430 1466 547 1528 illorum
569 1467 600 1527 io
622 1466 816 1541 Christianos,
825 1467 925 1526 surore
940 1467 1045 1526 l'actum
1062 1473 1116 1536 est,
1138 1465 1285 1526 utereris

83 1552 209 1614 amatior
231 1551 329 1612 solum
348 1550 476 1614 Neronis
497 1552 529 1612 in
550 1551 616 1614 illos
638 1551 788 1612 decretum
809 1550 1012 1628 permanserit.
1047 1548 1106 1610 Sed
1128 1548 1285 1610 Tertullia-

83 1653 133 1695 nus
162 1654 265 1698 eorum
294 1635 437 1698 insaniam
467 1635 618 1698 irridendo
640 1635 765 1696 addidit:
795 1634 913 1697 luscam
934 1633 1063 1712 quidem,
1085 1643 1121 1695 ut
1142 1633 1285 1696 dissimile

84 1723 128 1780 rut
146 1725 290 1791 auctoris,
313 1720 371 1782 hoc
392 1729 437 1782 est
456 1731 516 1790 tam
537 1720 670 1800 iniquum
691 1735 778 1799 quam
799 1719 917 1798 ipsimet
938 1718 1029 1796 impio
1043 1717 1154 1779 Neroni
1176 1729 1207 1779 et
1221 1717 1285 1780 aliis

83 1804 205 1865 nelaodis
227 1805 295 1866 eius
317 1805 399 1866 lactis
421 1823 455 1866 ac
475 1805 588 1884 legibus
610 1804 705 1867 simile
727 1804 789 1866 lhit.

159 1888 354 1969 Prosequitur
375 1889 586 1960 Tertrdlianus:
620 1888 802 1952 Teotocerot
822 1900 850 1952 et
872 1888 1072 1958 Domitianus,
1099 1891 1203 1967 portio
1226 1887 1287 1950 Ne-

84 1975 162 2034 ronis
180 1976 214 2038 de
242 1974 431 2046 erudelitate,
457 1977 510 2037 sed
535 1994 594 2054 quo
615 1986 644 2036 et
665 1975 760 2044 homo,
782 1973 873 2054 soetle
896 1984 1030 2053 coeptum
1051 1977 1206 2052 repressit,
1232 1991 1287 2033 re-

83 2060 188 2122 stitutis
209 2065 301 2122 etiam
322 2078 396 2140 quos
419 2059 606 2140 relegaverat
633 2058 815 2128 (Tertullian.
838 2056 989 2136 apologet
1013 2075 1076 2135 cap.
1092 2061 1147 2133 5.).
1177 2057 1287 2118 Cuncta

83 2158 146 2201 raro
167 2141 239 2207 haec
261 2143 350 2206 verba
372 2161 474 2222 graece
494 2144 606 2206 reddita
627 2143 774 2206 Eusebius
794 2142 904 2216 retulit,
926 2142 1072 2220 aliumque
1094 2148 1198 2202 testem
1220 2141 1289 2202 citat

83 2223 284 2306 hegesippum,
312 2228 362 2308 qui
390 2229 549 2302 memoriae
577 2228 694 2290 tradidit
714 2227 936 2301 Domitianum.
951 2233 1107 2304 postquam
1128 2225 1287 2288 nonnullos

85 2306 183 2372 Christi
204 2320 348 2393 cognatos
370 2312 407 2375 dc
429 2331 483 2375 sua
505 2313 617 2391 origine
640 2320 669 2372 et
691 2313 825 2374 eiusdem
836 2311 946 2373 Christi
958 2310 1287 2389 regnoiuterrogasset,

85 2393 150 2454 nihil
175 2397 319 2458 adversus
348 2415 400 2482 cop
427 2397 566 2460 statuisse
592 2398 736 2475 asperius,
765 2397 816 2458 sed
840 2395 989 2458 dimisisse
1009 2393 1119 2456 liberos
1140 2413 1174 2456 ac
1195 2396 1287 2456 misso

85 2477 169 2540 edicto
191 2481 413 2562 compescuisse
428 2491 604 2544 commotam
619 2482 649 2543 in
664 2482 840 2544 christianae
855 2480 1006 2560 religionis
1032 2489 1195 2540 sectatores
1217 2499 1287 2559 per-

83 2564 275 2628 secutionem:
297 2566 508 2630 καταπαῦσαι
529 2563 585 2630 διὰ
606 2563 859 2649 προστάγματος
871 2561 929 2629 τὸν
943 2558 1026 2628 κατὰ
1039 2563 1097 2648 τῆς
1105 2555 1289 2648 dimicatus

85 2643 217 2730 διωγμόν
241 2651 364 2724 (Euseh.
386 2650 436 2712 lib.
459 2650 507 2712 111.
530 2651 641 2712 liedes.
663 2651 775 2712 Hister.
798 2669 861 2728 cap.
883 2653 933 2714 10.
957 2669 1024 2729 pag.
1038 2651 1113 2725 90.)
1157 2648 1290 2727 Denique

84 2731 116 2792 de
144 2743 271 2816 unoque
299 2735 466 2797 Domitiano
500 2744 530 2796 et
554 2735 670 2796 Nerone
701 2735 774 2796 haec
794 2735 903 2796 ducor
922 2743 1024 2796 noster
1045 2733 1165 2794 adiecit:
1206 2732 1289 2794 rota

84 2821 901 2984 :ldtrittt'tttt:tfttotthllttt
924 2830 1200 2964 tttt.·.t.t⁶t.lt
1214 2835 1288 2991 tlt.

85 2983 257 3056 (Tertulliau.
282 2988 377 3066 ibid).
1282 3035 1285 3042 .

161 3072 283 3136 Frustra
312 3091 382 3154 crgo
411 3094 445 3136 ac
471 3091 596 3152 prorsus
623 3073 720 3151 inepte
749 3071 838 3134 iidem
865 3069 988 3149 gentiles
1015 3069 1195 3132 conabantur
1216 3087 1290 3130 rano

85 3155 239 3222 eduorum
271 3157 309 3220 ab
330 3157 377 3220 his
397 3157 625 3237 imperatoribus
649 3158 784 3222 datorum
815 3163 967 3234 praetextu
988 3173 1070 3216 suam
1091 3155 1122 3216 in
1145 3153 1288 3215 Christia-

85 3255 133 3302 oos
161 3259 303 3306 excusare
331 3242 539 3304 crudelitatem.
582 3243 620 3304 ht
645 3240 682 3302 de
708 3248 834 3319 unoque
856 3239 905 3300 illo
926 3238 1103 3318 imperatore
1124 3239 1290 3301 Domitiano

86 3331 112 3384 et
129 3325 245 3390 Nerone
276 3335 308 3388 ct
333 3337 480 3389 commota
502 3326 642 3388 adversus
665 3325 847 3387 Christianos
868 3325 1074 3404 persecutione
1095 3327 1126 3386 in
1148 3324 1203 3385 alia
1224 3324 1289 3386 dis·
1332 3317 1340 3334 ⁸

87 3411 238 3474 secatione
260 3411 475 3490 disputabimus
498 3412 579 3486 (lnlr.
601 3429 663 3491 cap.
689 3414 737 3476 16.
759 3411 821 3472 hrt.
843 3414 872 3475 3.
894 3411 1047 3472 Dissertat.
1070 3411 1102 3470 in
1124 3409 1193 3471 Luc
1216 3409 1291 3470 Cae*

87 3493 127 3553 cil
148 3515 210 3576 cap.
234 3501 266 3562 6.
289 3495 350 3558 hrt
376 3500 390 3560 1
416 3504 445 3558 31
465 3500 519 3572 2.).
734 3521 736 3528 ·

162 3581 303 3644 Ceterum
335 3581 361 3642 ei
392 3581 423 3642 hi
455 3582 513 3643 duo
545 3579 719 3660 nequissimi
750 3580 944 3659 imperatores
976 3579 1118 3657 quasdam
1150 3578 1291 3640 adversm

88 3659 262 3728 Christiams
286 3665 471 3728 sanciverunt
491 3665 691 3745 iniquissimas
712 3664 803 3743 leges,
825 3671 939 3724 constat
959 3681 1030 3724 sane
1051 3663 1134 3734 alios,
1156 3661 1207 3740 qui
1227 3679 1292 3722 me·

89 3744 131 3806 dio
151 3749 227 3812 inter
248 3759 408 3829 utrumque
429 3758 562 3830 tempore
584 3747 629 3810 vel
655 3756 725 3827 post
743 3747 940 3810 Domitianum
961 3747 997 3808 ad
1020 3746 1188 3808 Tertulliani
1211 3752 1291 3804 aeta·

90 3837 140 3894 mm
170 3852 343 3914 regnavere,
376 3842 427 3897 aut
448 3835 630 3896 Christianos
663 3851 724 3893 non
754 3832 905 3894 vexaviese
937 3839 987 3893 aut
1018 3832 1092 3910 ipsis
1114 3829 1221 3891 lavisse
1243 3835 1294 3888 aut

91 3915 159 3978 nulla
179 3921 287 3984 adisse
308 3927 410 3982 contra
431 3919 498 3981 illos
519 3919 622 3991 edicta,
644 3917 697 3978 sed
719 3917 817 3996 potius
838 3917 937 3996 priora
958 3913 1167 3976 emendavisse.
1199 3913 1295 3984 Quaen

36 4038 40 4050 ·
90 4007 179 4064 autem
206 4005 236 4068 id
266 4011 380 4067 certum
401 4004 448 4078 sit.
471 4021 613 4083 agnosces
635 4003 767 4082 prolecto
790 4001 837 4062 his
860 3999 1029 4063 Tertulliani
1051 3997 1159 4070 verbis,
1187 3995 1294 4076 quibus

92 4085 215 4150 ethnicos
238 4089 285 4151 sic
304 4099 459 4168 prouocat:
487 4089 532 4150 lle
554 4101 600 4153 tot
621 4087 728 4149 calade
746 4086 935 4167 prr'ocr'pr‘bea
957 4086 996 4146 od
1017 4082 1195 4145 hodiernum
1217 4083 1295 4144 diot-

92 4183 155 4232 auor
175 4173 395 4255 humanumque
422 4175 605 4254 sapientibus
627 4173 702 4234 edite
723 4172 851 4250 aliquem
872 4169 1082 4232 debellatorem
1104 4167 1295 4230 Christiano-

92 4268 154 4316 rum
174 4257 358 4331 (Tertullian.
380 4258 531 4337 Apologet.
554 4275 616 4338 cap.
638 4261 692 4333 5.).
737 4254 801 4327 Qua
822 4261 928 4326 autem,
951 4253 1086 4326 obsecro,
1107 4253 1204 4314 lronte
1226 4252 1294 4314 etb-

93 4335 168 4402 nicos
189 4349 271 4404 muta
293 4343 450 4406 securitate
471 4343 646 4421 compellare
667 4339 800 4412 audebat,
822 4338 880 4400 nisi
894 4338 952 4399 boc
965 4337 1072 4398 luisset
1083 4334 1295 4398 verissimum?

93 4417 126 4481 Et
143 4435 220 4488 certe
241 4427 420 4502 Melitenen,
454 4427 491 4490 ab
512 4427 641 4489 Eusebio
663 4425 782 4488 citatum
804 4422 924 4498 (Euseb.
946 4421 997 4482 lib.
1019 4421 1067 4482 lV.
1088 4421 1199 4483 Euclea
1217 4420 1294 4482 llist.

94 4513 276 4660 11111111
300 4512 582 4679 16116116)
591 4505 1084 4672 “fitutrtlhllttll‘t‘
1103 4505 1296 4670 illibi
