3144 5236
518 345 654 392 rucanas
676 348 734 392 arc.
757 349 794 392 aa
816 349 942 396 acam.
1276 341 1341 410 22¹1

129 495 175 558 trit
193 493 333 556 demeres
362 494 481 558 saeculo
511 513 580 558 esse
608 499 806 571 necessarios,
834 499 864 562 id
893 508 948 573 est,
977 501 1086 566 saeculi
1108 512 1138 564 et
1158 505 1339 584 populorum

128 578 247 640 moribus
275 597 311 642 aa
342 579 518 658 praesertim
542 582 671 660 receptis
692 582 871 661 religionum
892 583 1036 648 institutis
1059 595 1139 650 tanta
1161 591 1339 658 necessitate

127 663 283 733 obstrietus,
307 671 341 726 ut
362 682 396 725 ea
419 664 483 726 sine
505 665 702 728 seditionibus
725 675 812 745 atquc
835 667 999 730 imminenti
1021 671 1109 736 etiam
1131 681 1161 734 et
1182 674 1286 752 capitis
1309 685 1341 740 et

124 747 229 826 imperii
251 747 444 810 subvertendi
466 748 598 828 periculo
620 750 796 812 labefactare
818 760 869 814 aut
889 753 1044 816 immutare
1066 773 1126 816 aon
1147 757 1296 834 possent?

621 935 790 987 tartcttttts
808 937 846 985 tt,

121 1033 169 1076 terr
187 1045 238 1077 esse
257 1046 283 1076 ea
304 1035 385 1088 omnia,
411 1047 469 1091 queo
488 1037 514 1080 de
534 1039 620 1082 dbriste
640 1039 686 1081 lleo
705 1045 726 1083 et
743 1039 833 1082 bomine
851 1041 908 1085 dieta
928 1049 992 1092 suot,
1019 1041 1101 1086 nemini
1119 1043 1153 1086 las
1171 1053 1223 1086 erae
1241 1043 1269 1086 de
1287 1043 1341 1087 rell·

120 1101 195 1154 tigiooa
213 1113 255 1144 rua
273 1103 377 1152 meotide
396 1103 532 1150 christianos
551 1107 635 1162 absque
653 1107 700 1150 utta
718 1106 860 1161 ambiguitate
879 1115 917 1152 aut
934 1109 1110 1154 dissimulatione
1128 1109 1202 1165 pelam
1220 1117 1242 1153 et
1259 1110 1282 1154 la
1294 1117 1341 1156 tor·

120 1169 193 1212 meede
215 1171 283 1212 etiam
307 1170 424 1214 dirissimis
448 1173 560 1217 clamasse
578 1174 647 1218 Deum
670 1186 685 1218 a
708 1187 734 1218 re
751 1185 791 1230 per
809 1175 919 1218 Christum
937 1177 988 1227 coli,
1006 1188 1048 1222 nec
1066 1177 1088 1220 id
1102 1189 1170 1232 porse
1188 1178 1339 1232 improbarit
1363 1169 1367 1180 ¹

149 1233 244 1286 ludaeis,
263 1237 301 1292 qui
320 1237 390 1282 Deum
407 1251 447 1294 per
465 1231 621 1296 deprensae:
640 1253 652 1284 a
671 1242 797 1296 gentilibus,
821 1243 858 1296 qui
877 1254 916 1298 per
935 1243 1054 1298 Orpheum,
1073 1243 1195 1296 Musaeum,
1215 1244 1304 1288 rretam-
1326 1295 1333 1302 ,

349 1305 352 1312 “
396 1317 448 1361 pum
467 1313 487 1349 et
506 1306 656 1364 Trophonium
674 1309 744 1352 lalsos
763 1309 817 1352 deos
836 1310 910 1354 colere
930 1310 1059 1354 didicerant.

187 1417 283 1490 'Quae
306 1419 447 1482 becteous
468 1420 506 1482 de
527 1421 656 1494 Christo,
687 1423 751 1484 sire
771 1422 834 1485 lieo
857 1424 967 1504 lleique
989 1423 1063 1486 Tibe
1093 1424 1155 1486 sive
1187 1441 1257 1486 vero
1279 1427 1339 1488 bo-

118 1502 200 1575 mine,
223 1522 242 1564 a
266 1502 447 1566 Tertulliano
470 1506 579 1586 scripta
600 1507 738 1581 vidimus,
760 1507 834 1570 bace
855 1508 905 1570 ille
926 1508 1080 1572 verissima
1101 1527 1170 1572 esse
1192 1517 1272 1572 tauta
1286 1527 1339 1572 as·

118 1587 302 1648 serenatione
324 1589 459 1660 alllrmat,
482 1598 515 1652 nt
535 1591 658 1664 nullum,
687 1609 725 1652 ne
747 1592 901 1656 minimum
923 1593 1053 1670 quidem,
1077 1593 1223 1671 relinquat
1243 1593 1280 1654 de
1303 1593 1340 1656 iis

116 1670 269 1732 dubitandi
296 1671 404 1735 locum.
448 1673 522 1736 Nam
552 1675 686 1738 ethnicos
719 1676 802 1754 ipsos
829 1676 873 1738 sic
900 1677 1070 1755 compellat:
1104 1677 1160 1740 Hir
1188 1688 1233 1739 ert
1264 1679 1340 1744 ordo

117 1765 235 1818 uestrae
259 1761 473 1828 institutionis,
497 1758 576 1820 tunc
598 1761 742 1822 edidimus
765 1771 794 1822 et
814 1772 912 1824 aeetae
933 1761 1115 1824 et'aanu'nis
1139 1779 1258 1824 censum
1274 1780 1342 1824 cuna

119 1857 170 1902 aue
196 1851 329 1902 auctare
360 1841 874 1922 (Tertullien.llpolog.cap.21.).
918 1845 1031 1906 Cenem
1054 1855 1153 1906 autem
1175 1843 1211 1906 ab
1233 1863 1269 1906 eo
1292 1845 1340 1908 di-

120 1923 190 1984 citur
215 1925 366 1997 reoeusio,
394 1926 558 2004 recognitio
588 1935 617 1988 et
638 1928 803 2006 explicatio.
823 1929 880 1990 'ln
903 1928 962 1990 boc
983 1936 1081 1991 autom
1102 1947 1203 2000 nemo,
1233 1928 1340 2008 inquit,

116 2007 190 2070 eliud
211 2027 342 2086 prorsus
365 2027 433 2072 esse
455 2011 613 2084 existimet,
636 2012 715 2090 quod
739 2012 914 2076 occultatum
936 2020 986 2074 aut
1000 2012 1219 2074 dissimulatum
1234 2011 1340 2074 volue-

119 2091 179 2152 n'm.
218 2091 302 2153 Nihil
325 2093 402 2154 euim
426 2094 483 2168 bis,
506 2112 580 2173 qnae
602 2095 698 2168 retuli,
720 2096 819 2158 rarius
842 2115 910 2160 esse
932 2103 1042 2175 potest,
1066 2095 1134 2175 quia
1155 2115 1208 2160 nec
1229 2098 1279 2175 faa
1295 2105 1345 2164 est¹

117 2175 178 2248 ulli,
200 2177 252 2250 ait,
280 2178 315 2239 de
335 2197 393 2240 rua
414 2178 557 2257 religione
577 2184 709 2242 mentiri.
832 2243 836 2251 ,

197 2261 438 2324 Christianorum
460 2270 562 2325 autem·
578 2264 750 2343 pectoribus
774 2273 831 2326 um
854 2264 910 2324 alte
932 2263 1053 2326 insitum
1075 2271 1139 2324 erat
1158 2262 1230 2324 illud
1245 2262 1340 2325 docu-

117 2353 258 2420 mentum,
292 2351 325 2406 ut
356 2347 595 2425 exquisitissimis
627 2348 819 2426 quibuslibet·
834 2346 986 2426 suppliciis
1016 2347 1148 2424 torqueri
1180 2356 1211 2412 et
1242 2347 1343 2410 necati

118 2429 245 2502 melleam
271 2447 357 2508 quam
373 2430 544 2510 interrogati
560 2433 596 2494 de
608 2450 666 2501 ,sua
680 2432 822 2510 religione
840 2429 960 2508 aliquid,
981 2429 1078 2492 immo
1089 2448 1177 2490 suurn
1192 2430 1343 2494 dumtaxat

118 2513 313 2576 christianum
341 2531 460 2588 nomeu,
485 2525 535 2578 aut
561 2533 669 2594 negare
695 2523 746 2576 aut
777 2514 975 2576 dissimulare.
1032 2513 1177 2587 Quocirca
1210 2513 1342 2576 lustinus

116 2599 233 2678 llartpr,
259 2607 293 2660 ut
313 2597 380 2660 alibi
404 2598 542 2674 diximus,
565 2599 702 2660 similiter
722 2597 880 2676 gentilibus
903 2597 1033 2660 dicebat:
1061 2596 1265 2670 Considerate,
1289 2590 1343 2660 ὅτι

118 2678 150 2744 ἐκ
170 2683 230 2744 τοῦ
256 2672 308 2766 ἐφ’
332 2675 411 2768 ἡμῖν
433 2675 519 2746 elane
540 2676 718 2762 ἀρνεῖσθαι
741 2677 989 2762 ἐξεταζομένους
1010 2671 1048 2744 οὗ
1070 2677 1264 2760 βουλόμεθα
1286 2678 1342 2763 ζῇν

117 2764 412 2848 ψουδολογοῦντες,
445 2768 534 2839 Quod
561 2773 593 2828 ia
620 2776 730 2829 nostro
748 2776 898 2845 potestate
919 2775 973 2834 est,
1003 2776 1039 2826 ut
1060 2783 1126 2826 eum
1146 2768 1342 2857 inquirimur,

116 2863 271 2929 negamus,
305 2853 359 2912 sed
380 2851 522 2913 nolumus
545 2856 647 2913 vivere
668 2852 859 2920 mendaciter,
892 2849 923 2910 id
945 2856 990 2910 est
1011 2847 1150 2910 nolumus
1171 2864 1269 2908 oravere
1291 2865 1342 2911 re-

117 2933 257 3012 ligionem
279 2943 413 2996 nostram
435 2927 628 2996 mentientesx
644 2943 694 2995 aut
724 2933 943 3004 dissimulantes
976 2931 1091 3004 (lustin.
1114 2929 1238 3008 Apulog.
1260 2930 1283 2991 1.
1307 2931 1345 2994 ad

117 3019 257 3080 latonia.
288 3037 318 3096 p.
341 3021 395 3082 at.
423 3019 870 3097 centumcentumn).
915 3016 1042 3076 Tantum
1070 3021 1168 3076 autem
1195 3013 1344 3093 piacidum

116 3121 184 3166 esse
206 3103 364 3183 putabant,
386 3103 503 3181 quando
525 3103 562 3164 de
583 3101 727 3179 religione
748 3117 802 3162 sue
823 3098 1089 3177 interrogabantur,
1111 3097 1198 3161 dietis
1214 3115 1343 3176 reapon-

116 3187 186 3248 dere
213 3186 375 3265 ambiguis,
402 3195 435 3248 ut
463 3187 529 3265 ipse
552 3186 648 3248 adbuc
670 3184 850 3248 Tertulliano
873 3191 960 3256 teste,
988 3183 1038 3262 qui
1060 3181 1229 3259 martyrium
1251 3181 1361 3260 magis,

118 3271 272 3342 timebant,
296 3271 327 3333 bi
350 3271 406 3350 ipsi
429 3272 561 3349 torqueri
583 3269 739 3348 necarique
762 3268 928 3340 maluerint,
952 3286 1039 3346 quam
1062 3273 1124 3328 tres
1140 3265 1345 3332 sanctissimae

116 3355 275 3418 Trinitatis
298 3373 444 3434 personas
467 3355 634 3416 confitendo
657 3354 757 3433 plures
784 3352 882 3414 dicere
903 3353 987 3412 deos.

52 3447 61 3458 ·
202 3441 266 3501 Cur
297 3449 396 3502 autem
423 3457 512 3501 omne
533 3440 570 3500 de
592 3439 735 3518 religione
756 3437 941 3499 mandacium
964 3442 1015 3498 aut
1035 3433 1185 3516 quaelibet
1202 3432 1344 3498 dissimu-

118 3523 186 3586 latio
202 3525 327 3603 penitus
339 3523 505 3596 damnetur,
528 3524 554 3584 si
569 3541 704 3602 quaeras,
727 3520 919 3600 respondebit
930 3518 1137 3589 Tertullianus,
1154 3535 1188 3578 eo
1204 3519 1282 3595 quod
1296 3522 1351 3597 qui

119 3607 203 3670 aliud
218 3628 240 3670 o
254 3627 287 3670 se
303 3608 364 3670 coli
377 3610 448 3670 dicit
465 3626 554 3687 pam
570 3609 649 3676 colit,
665 3617 755 3686 oepot
772 3607 851 3686 quod
863 3605 942 3676 colit,
953 3607 984 3666 'et
997 3603 1149 3666 ertlturanr
1160 3613 1189 3662 et
1202 3600 1349 3664 bonorem

118 3695 149 3753 eir
163 3692 302 3754 alterurn
315 3693 478 3770 transfert,
492 3702 521 3754 et
535 3693 751 3770 transferendo
763 3695 823 3752 ione
833 3707 896 3752 nou
909 3688 980 3750 colit
990 3688 1070 3768 qnod
1079 3687 1199 3763 negauit
1211 3681 1347 3752 (Tertull.

118 3776 275 3855 Apologet.
299 3794 364 3854 cap.
380 3779 454 3848 tt).
483 3777 521 3836 At
540 3774 664 3854 lligaltio
686 3773 795 3852 placuit
816 3773 889 3834 baec
909 3772 1009 3832 delere
1031 3769 1119 3832 rerba
1141 3775 1179 3860 et·
1192 3766 1347 3843 tenorem,

120 3860 194 3932 Quia
226 3859 326 3922 autem
356 3877 390 3920 ea
418 3858 458 3922 ibi
485 3879 547 3922 nou
575 3859 688 3921 inutilia
717 3876 785 3928 esse
807 3852 1003 3924 diffitebitur?
1045 3853 1111 3914 Nou
1134 3866 1213 3912 enam
1235 3848 1349 3912 cultura

121 3953 149 4003 et
170 3945 273 4005 bonor
296 3943 419 4004 omnino
442 3961 601 4024 synonyma
624 3951 693 4004 sunt
715 3950 746 4003 ct
766 3940 901 4020 quamvis
924 3945 1036 4009 essent,
1060 3951 1155 4028 nemo·
1171 3939 1268 3995 maten
1290 3950 1347 3996 ne-

120 4027 211 4106 gabit
224 4027 441 4089 Tertullianum
461 4027 498 4090 iis
520 4029 563 4090 uti
584 4027 729 4106 potuisse.
774 4024 833 4086 Sed
855 4025 929 4084 baec
949 4020 1073 4090 minimi,
1099 4033 1158 4078 utor
1174 4015 1348 4118 ‚adnotan-

121 4113 187 4173 dam
210 4111 333 4191 lligaltii
355 4111 515 4184 audaciam,
545 4119 615 4173 sunt
636 4108 789 4173 momenti.
833 4108 870 4168 At
891 4114 970 4168 certe
992 4105 1080 4181 longe
1102 4117 1246 4194 gravioris
1268 4117 1348 4196 pon-

120 4195 203 4258 deris
229 4205 278 4258 eat
298 4197 373 4258 haee
392 4196 529 4258 Auctoris
551 4195 648 4256 andri
669 4192 864 4265 ratiocinatio,
886 4191 937 4270 qui
959 4188 1030 4252 dicit
1043 4187 1144 4250 lovem
1159 4183 1241 4278 rerbp
1256 4191 1351 4260 gratia

121 4297 137 4340 a
160 4299 195 4342 se
219 4280 280 4342 coli
304 4285 334 4340 et
354 4279 443 4342 alium
463 4280 557 4342 Deum
579 4279 658 4350 colit,
680 4278 706 4338 is
728 4277 828 4340 lovem
850 4275 938 4336 deum
961 4290 1029 4334 esse
1050 4275 1140 4348 negat
1160 4276 1191 4330 et
1215 4267 1351 4330 eiusdem

122 4364 202 4424 loris
227 4363 339 4426 mltum
362 4373 392 4425 et
413 4365 558 4426 bonorem
581 4364 612 4426 in
634 4362 723 4424 alium
746 4361 885 4422 transfert
913 4375 946 4418 ac
979 4356 1022 4417 sic
1055 4351 1262 4416 transferendo
1288 4369 1358 4417 non.

119 4448 236 4528 ipsuum
260 4445 347 4508 sicuti
369 4447 493 4521 dicebat,
515 4449 614 4510 lovem
636 4445 708 4508 colit
729 4443 868 4522 illumque
892 4442 979 4502 deum
1002 4457 1069 4500 ease
1090 4444 1187 4534 negat.
1307 4517 1313 4530 ι

212 4533 405 4610 Quapropter
426 4551 482 4594 nos
505 4531 673 4603 Christiani,
701 4529 796 4607 inquit
816 4527 874 4600 ille,
903 4523 1012 4590 reiecta
1033 4541 1115 4586 omui
1137 4537 1263 4600 prorsus
1285 4517 1360 4604 disy.

1095 4617 1152 4672 15*
1446 4617 1451 4624 '
