3126 5250
279 347 344 414 256
365 367 557 410 nitasurarto
573 365 603 408 tit
619 365 667 416 ab.
684 363 768 408 ΗΠ.
784 365 870 410 FLOR·
887 363 1082 410 mulbaum
1095 364 1315 410 apenodariam!
1330 363 1404 406 (ΕΠ.

278 533 355 599 pore
375 517 467 579 multa
486 515 625 595 peccarit,
647 515 757 578 ideireo
778 523 813 577 ut
833 533 889 597 pro
910 515 1025 578 meritis
1046 517 1184 596 puniatur
1203 525 1234 578 et
1254 513 1394 588 cmmemr,
1417 531 1460 574 sno

280 603 400 682 corpori
422 601 566 663 advitam
586 609 723 663 revocato
745 601 833 663 debet
854 601 961 663 iterum
983 601 1129 680 coniungi.

365 685 418 748 llis
439 693 537 748 numm
559 686 603 747 sic
623 686 774 766 explicatis
796 686 945 748 evanescit
964 685 1078 747 obicem
1100 684 1269 748 Tertulliani
1289 681 1459 744 contradictio.

280 771 371 834 Recte
392 772 471 832 enim
492 771 565 832 dixit
585 771 712 832 animam
734 771 799 833 sine
820 787 946 850 corpore
968 771 1076 850 aliquid
1097 789 1199 832 revera
1219 768 1277 850 pati
1298 776 1327 829 et
1340 766 1405 828 nihil
1416 766 1459 846 pati

279 875 381 937 posse.
413 855 468 918 Ubi
490 855 598 935 quippe
619 855 660 916 ait
680 855 753 917 nibil
774 873 866 935 posse
888 856 959 935 pati,
980 855 1021 916 ibi
1043 853 1316 935 subintelligendum
1336 859 1378 913 est
1392 851 1460 934 plau

279 959 316 1004 ec
333 941 479 1023 perfecte,
501 940 562 1001 sire
582 947 723 1020 quantam
744 940 809 1020 ipsa
830 959 896 1002 cum
918 953 1043 1022 corpore
1065 940 1212 1020 peccando
1226 936 1388 1020 promeruit.
1407 935 1460 996 dun
1528 981 1529 990 ,

280 1045 339 1106 quo
362 1025 441 1087 enim
462 1025 601 1104 peccarit,
628 1043 695 1086 cunr
717 1043 752 1086 eo
774 1025 875 1104 utique
895 1025 994 1104 puniri
1016 1025 1113 1086 debet.
1156 1026 1222 1086 lure
1244 1041 1313 1102 ergo
1333 1019 1460 1082 Tertullia-

278 1129 337 1172 nus
359 1110 427 1171 inde
448 1111 576 1170 lunarum
597 1109 704 1189 probat
724 1110 858 1189 corporis
879 1110 988 1171 mortui
1010 1109 1046 1170 ad
1067 1110 1156 1172 vitam
1177 1108 1394 1177 revocationem,
1412 1103 1461 1182 quit
1524 1106 1525 1112 ’

279 1193 376 1258 anima
402 1194 466 1256 sola
492 1195 553 1275 pati
579 1212 640 1255 non
667 1203 766 1274 potest
792 1213 918 1274 poenam
940 1194 1074 1256 videlicet
1094 1195 1211 1275 plenam
1232 1213 1266 1256 ac
1285 1192 1427 1272 perfectam
1442 1197 1463 1246 et

279 1279 393 1360 qualem
415 1297 482 1340 cum
504 1297 630 1360 corpore
651 1280 799 1358 peccando
820 1279 1004 1341 commeruit

365 1364 397 1425 Si
419 1364 489 1444 quid
510 1382 600 1443 porro
622 1364 669 1426 his
690 1363 816 1428 adiicere
837 1364 924 1426 nobis
946 1383 1001 1444 per
1022 1371 1051 1425 te
1071 1363 1166 1438 liceat,
1195 1360 1405 1424 observabimus
1422 1356 1463 1416 hoo

278 1450 344 1530 ipso
367 1448 472 1510 eodem
493 1457 665 1528 argumento
688 1466 724 1510 ex
744 1448 851 1527 poenis
873 1457 923 1510 eut
943 1448 1093 1528 praemiis,
1121 1449 1199 1510 bene
1220 1455 1270 1510 aut
1290 1445 1361 1507 male
1381 1443 1407 1504 ia
1424 1440 1463 1500 baa

276 1533 335 1596 rita
356 1534 453 1612 agenti
476 1533 587 1595 homiui
609 1533 717 1595 debitis
739 1534 831 1614 petito
854 1534 1016 1596 luculenter
1036 1532 1156 1612 probari
1173 1534 1253 1594 hunc
1267 1533 1388 1592 luterum
1402 1525 1462 1586 cius·
1529 1547 1530 1554 ¹

278 1620 345 1682 dem
379 1619 508 1680 hominis
537 1619 573 1680 ad
601 1619 689 1679 vitam
717 1636 884 1698 regressum
907 1617 942 1680 ab
964 1617 1131 1691 Ambrosio,
1165 1625 1198 1679 ut
1220 1615 1370 1686 saciaco,
1399 1617 1463 1686 atquc

277 1702 472 1781 Athenagora,
495 1702 622 1765 blinuoio
643 1702 739 1765 Felice
762 1712 791 1764 et
812 1703 973 1778 Lactantio,
1002 1703 1250 1782 quemadmodum
1272 1701 1302 1762 in
1323 1696 1422 1760 nostris
1437 1691 1463 1750 dt

277 1789 396 1849 illorum
417 1787 501 1849 libris
524 1786 783 1849 dissertationibus
805 1788 1003 1860 ostendimus,
1026 1787 1198 1866 quinimmo
1212 1785 1322 1849 atinde
1338 1777 1464 1846 abeodem

278 1871 429 1934 Lactantio
451 1872 646 1934 demonstrari
667 1873 780 1934 animae
801 1881 920 1934 nostrae
943 1873 1191 1934 immortalitatem
1212 1870 1359 1946 (Ambros.
1373 1865 1428 1926 libr.
1438 1859 1462 1922 lt
1529 1883 1530 1886 ¹

278 1957 315 2018 de
336 1957 408 2018 He
429 1956 596 2020 Resurrect.
620 1960 649 2034 §-
674 1960 723 2020 12.
744 1975 774 2036 p.
793 1961 883 2021 litt.
906 1965 977 2018 tom.
992 1957 1015 2018 l.
1037 1958 1174 2039 Apparet.
1197 1977 1227 2038 p.
1244 1960 1317 2021 475.
1339 1951 1464 2015 Dissertat

162 2089 163 2094 η
276 2042 307 2102 in
329 2040 461 2103 Laudant.
489 2059 552 2121 cap.
574 2044 626 2106 24.
654 2043 719 2102 hrt.¹
739 2044 769 2106 3.
799 2049 827 2104 et
854 2061 916 2122 cap.
939 2045 990 2106 29.
1012 2043 1074 2103 hrt.
1096 2047 1126 2106 4.
1155 2042 1311 2104 llissertat,
1332 2039 1362 2100 in
1380 2035 1462 2098 hinne
1530 2067 1531 2070 =

277 2126 554 2206 &imm

774 2279 940 2330 tardemus
957 2279 987 2328 ll.

277 2383 362 2435 Quibus
392 2361 497 2438 ademptis
527 2391 599 2437 quare
621 2380 710 2438 Pythiae
733 2383 824 2426 oraaulo
850 2394 877 2426 ae
896 2369 1081 2438 ‘pbilosophorum
1105 2383 1132 2426 da
1157 2383 1282 2428 animarum
1304 2373 1461 2432 manenintl'tl‘

316 2450 426 2496 sententia
444 2449 593 2494 Tertullianus
611 2450 713 2493 ostendat
729 2461 875 2504 quoscunque
893 2459 990 2496 mortuos
1008 2451 1109 2496 homines
1127 2453 1148 2494 in
1166 2451 1285 2508 pristinum
1302 2450 1358 2494 ritae
1373 2451 1435 2489 cuttu

611 2517 759 2561 restituendos
778 2525 799 2560 et
816 2519 915 2573 opposita
933 2527 1062 2574 argumente
1081 2519 1156 2563 diluet.

362 2631 535 2709 Quanquam
558 2630 762 2710 superioribus
785 2632 965 2712 argumentis
977 2632 1172 2694 Tertullianus
1195 2630 1411 2695 evidentissime
1427 2623 1467 2685 dt·

276 2715 486 2778 monshaicrit
512 2715 658 2794 quoslibet
685 2715 820 2778 homines
847 2733 937 2796 posse
960 2717 1170 2795 omnipotentis
1193 2719 1249 2780 Dei
1271 2719 1411 2780 voluntate
1428 2725 1468 2770 cx·

276 2800 443 2862 suscitaris
465 2806 561 2861 morte
583 2800 688 2880 quovis
710 2802 799 2861 modo
821 2801 961 2880 oppetita,
982 2801 1115 2880 pluribus
1137 2812 1238 2865 tamen
1261 2801 1398 2881 exemplis
1415 2796 1471 2856 haec

275 2887 450 2948 confirmare
472 2883 584 2946 nititur.
615 2885 674 2946 Sed
697 2885 882 2947 dissimulare
904 2887 946 2946 las
968 2885 1055 2947 nobis
1077 2904 1137 2948 non
1160 2896 1207 2949 est
1228 2888 1288 2963 his,
1311 2893 1407 2966 utpote
1425 2893 1471 2940 nou

275 2970 396 3032 omnino
418 2970 549 3051 paribus,
573 2970 675 3032 conlici
697 2988 758 3030 non
780 2989 871 3050 posse
891 2972 1051 3049 perlectam
1073 2980 1102 3033 et
1124 2975 1259 3036 numeris
1283 2971 1414 3034 omnibus
1429 2961 1472 3023 ab·

275 3055 402 3117 solutam
434 3055 578 3118 humanae
600 3055 827 3116 resurrectionis
850 3055 1143 3118 demonstrationem.
1186 3057 1225 3118 At
1246 3058 1286 3120 iis
1309 3056 1407 3118 saltem
1425 3061 1473 3109 non

274 3139 373 3218 inepte
395 3139 561 3200 confirmari
581 3147 682 3218 potest
702 3141 812 3201 frustra
834 3159 850 3200 a
872 3138 1029 3218 gentilibus
1051 3141 1152 3221 negari
1173 3141 1314 3204 homines
1336 3140 1370 3202 ad
1386 3130 1473 3218 prlstt'-

274 3241 346 3284 num
367 3224 499 3284 revocari
520 3241 612 3302 posse
635 3231 798 3285 transactae
820 3223 894 3285 vitae
915 3232 1031 3286 statam.

358 3307 534 3368 Praemissis
563 3315 661 3369 autem
682 3308 825 3369 adversus
847 3309 1033 3370 morosiores
1055 3309 1173 3371 criticos
1196 3311 1283 3373 hisce
1305 3301 1474 3371 observatio-

273 3391 361 3452 nibus
399 3391 562 3452 audiendus
591 3400 637 3452 est
663 3393 790 3471 ipsemet
817 3393 1012 3455 Tertullianus
1045 3394 1230 3470 (Tertullien.
1253 3394 1405 3477 Apologet
1424 3401 1476 3464 cap·

272 3477 353 3553 48.):
375 3475 533 3554 Sipnotum
554 3487 606 3547 est,
628 3476 732 3555 inquit,
755 3489 784 3539 et
802 3495 860 3557 per
874 3481 983 3558 ipsum,
1003 3478 1136 3540 videlicet
1151 3479 1256 3554 Deum,
1281 3482 1423 3543 humanm
1436 3489 1477 3532 rt·

271 3565 473 3624 surrectionis
495 3559 662 3640 ememplarn
685 3566 717 3622 in
739 3566 941 3625 testemonium
963 3564 1056 3625 vobis.
1086 3565 1154 3626 loc
1174 3567 1309 3645 qnotidie
1331 3559 1477 3639 r'nterstttt

271 3646 445 3728 resplendet
466 3656 495 3706 et
517 3646 656 3707 tenebrae
672 3650 748 3726 pure·
766 3651 830 3708 otae
851 3647 1013 3710 decedendo
1028 3649 1205 3720 succedunt,
1229 3651 1335 3712 sidere
1349 3647 1478 3725 deponor

270 3735 468 3793 recictaennt.
511 3730 544 3790 ln
571 3730 780 3810 manuscriptis
809 3732 922 3793 nostris
951 3733 1165 3812 exemplaribus
1194 3742 1225 3794 et
1254 3734 1345 3796 editis
1366 3723 1476 3808 Rigaltit

271 3815 502 3896 antiquioribus:
529 3814 693 3886 livescunt,
716 3816 745 3877 id
768 3824 823 3889 est,
846 3816 889 3877 ati
910 3835 946 3878 ex
967 3816 1062 3878 Plinio
1083 3817 1184 3898 liquet,
1206 3819 1274 3880 vira
1296 3818 1371 3878 liunt
1402 3810 1479 3888 (Plin-

269 3897 321 3962 lib.
344 3900 431 3962 xvn.
453 3900 555 3961 Natur.
578 3899 652 3962 llist
675 3917 738 3979 cap.
762 3903 834 3976 td).
876 3900 976 3982 Pergit
996 3902 1104 3966 humor
1124 3911 1244 3964 noster:
1272 3903 1417 3982 Tempora
1434 3893 1479 3956 ott

270 3985 394 4065 finolam,
417 3987 579 4065 inceptant,
601 3985 725 4063 fructus
749 3997 985 4058 consumuntur,
1015 3987 1103 4048 iidem
1125 3987 1322 4067 manuscripti
1344 3981 1436 4048 nostri
1454 3983 1480 4040 tl

271 4069 342 4128 editi
363 4069 480 4130 codices
507 4079 764 4140 commntantur,
793 4079 822 4132 et
843 4071 980 4132 redeam.
1026 4071 1112 4136 Certe
1132 4075 1248 4134 semino
1270 4075 1401 4136 nonniaa'
1418 4081 1479 4128 cor·

270 4162 366 4232 rupto
393 4163 422 4215 et
448 4154 598 4216 desoluto
624 4155 803 4234 foecundius
831 4163 978 4234 serpant:
1012 4161 1111 4218 omnia
1128 4157 1291 4236 pereunda
1312 4161 1478 4220 aquomst„

270 4241 372 4299 omnio
393 4239 428 4299 de
446 4241 575 4301 interitu
594 4240 806 4319 reformentur
833 4238 966 4314 (Tertull.
986 4239 1036 4301 lib.
1060 4241 1096 4302 de
1117 4241 1291 4303 llesurrect
1319 4241 1405 4302 Gara.
1425 4249 1481 4309 cap·

272 4323 346 4396 ln).
390 4321 448 4382 Sed
475 4321 550 4385 haec
574 4321 623 4386 ille
650 4323 754 4386 maiori
780 4321 938 4386 verborum
965 4342 1074 4406 pompa
1094 4325 1152 4387 alio
1173 4326 1204 4386 in
1225 4325 1305 4387 libro
1327 4317 1480 4404 prosequi·

268 4413 318 4467 tur
349 4411 379 4466 et
409 4405 528 4470 brevius
550 4399 694 4472 llinumns
723 4407 813 4482 Felix,
844 4415 929 4488 atque
960 4409 1082 4484 tiberim
1112 4409 1298 4492 Theophilus
1326 4407 1482 4472 habachs-

263 4491 617 4656 ffi’ff‘m'dmdum
650 4494 717 4557 alibi
745 4492 937 4576 patefecimus
968 4493 1133 4571 (Dissertat
1161 4495 1191 4557 in
1222 4495 1335 4558 blinuc.
1369 4511 1430 4574 cap.
1452 4490 1480 4550 l·
