3132 5238
258 351 301 414 46
484 364 674 408 nissenrarto
697 363 734 405 ΒΕ
757 363 950 406 TERTULLthl
972 363 1038 406 vt'ta
1058 363 1096 406 ET
1119 364 1250 406 semiruta

261 517 343 590 dixit,
364 527 426 578 urm
447 518 631 594 anonymum
652 515 689 576 de
711 515 904 586 Haeresibus,
928 515 974 577 cui
995 513 1207 576 Praedestinati
1229 514 1345 576 titulum
1368 514 1484 577 addidit

260 602 436 664 Sirmondus
459 619 521 680 cap.
536 603 588 666 26.
610 601 682 666 haec
703 600 825 661 habere:
850 605 973 679 scripsit
987 611 1095 662 cantra
1110 619 1160 662 eos
1176 600 1227 672 (de
1243 599 1479 680 Cataphrygibus

259 681 399 766 loquitur)
416 686 529 748 nomn
543 685 574 746 S.
588 684 677 748 Soter
689 703 770 766 papa
784 687 872 768 urbis
888 693 915 746 et
926 685 1104 764 Apollonias
1119 685 1319 766 Ephesiorum
1334 691 1482 762 antestes,-

260 783 369 834 contra
381 789 454 853 quos
469 773 596 850 scripsit
612 769 815 832 Tertullianus
828 770 990 851 presbyter
1006 769 1271 850 Carthaginiensis.
1287 769 1375 831 Vides
1392 788 1482 849 pres·

259 857 394 936 hymnum
419 873 480 916 non
501 855 621 927 Romae,
643 854 695 916 sed
711 853 884 935 Carthagine
898 854 1007 916 luisse:
1030 854 1109 932 quod
1124 853 1162 914 oh
1176 855 1310 916 suorum
1325 855 1482 916 doctorum

259 940 462 1003 auctoritatem
484 947 643 1001 annotasse
663 939 745 1000 iuvit.

344 1025 405 1086 lam
432 1024 468 1086 ad
497 1043 531 1086 ea
558 1043 632 1104 quae
659 1031 725 1086 ante
752 1023 867 1102 lapsum
895 1041 950 1102 pro
979 1023 1110 1086 Ecclesia
1137 1024 1182 1086 vel
1210 1024 1270 1103 egit
1291 1023 1337 1086 sal
1357 1023 1483 1103 scripsit

259 1111 421 1190 presbyter,
443 1109 618 1172 veniendum
641 1115 695 1170 est.

771 1309 892 1372 CAPUT
915 1309 965 1372 111.

269 1435 321 1494 Qvo
340 1433 370 1484 ds
389 1433 492 1482 Praxeas
510 1432 533 1482 in
553 1432 640 1488 Urbem
658 1432 757 1482 adventu
777 1433 854 1494 agitor
872 1442 896 1482 et
915 1431 1056 1482 Tertulliani
1074 1439 1157 1480 contra
1177 1429 1323 1480 Praxeanum
1341 1430 1481 1494 qnempiam

591 1501 737 1550 haereticum
757 1499 898 1564 Carthagine
916 1508 983 1562 gesta
1001 1499 1146 1548 referuntur.
1550 1485 1551 1522 ¹

344 1617 463 1678 Certant
490 1616 567 1677 inter
594 1635 626 1676 se
652 1616 708 1677 viri
731 1615 837 1677 eruditi
859 1633 948 1695 super
969 1623 1100 1694 tempore
1122 1631 1180 1692 quo
1201 1613 1330 1675 Praxeas
1351 1633 1386 1674 ex
1406 1613 1478 1676 Asia

188 1777 191 1782 ¹
258 1702 382 1766 Romam
409 1700 530 1760 veniens
553 1701 687 1762 haeresin
708 1719 807 1774 suam,
837 1719 921 1780 mnam
944 1708 1047 1779 pastea
1068 1699 1182 1760 Noites
1205 1707 1234 1759 et
1255 1698 1397 1760 Sabadius
1419 1699 1476 1760 dc·
1550 1743 1551 1778 ,

257 1786 429 1858 tenderunt,
459 1803 561 1845 serere
588 1803 727 1864 agressus
756 1793 810 1846 ost.
855 1785 931 1846 Sunt
958 1785 1008 1864 qni
1037 1803 1103 1846 cum
1125 1783 1275 1844 Eleutheri
1304 1783 1474 1862 pontificatu

191 1913 196 1928 .
258 1871 387 1932 Praxeas
415 1869 571 1930 adventum
597 1869 628 1929 in
657 1870 758 1930 urbem
787 1871 973 1949 coniungant.
1018 1869 1067 1931 Sic
1092 1868 1250 1929 Blondclns
1279 1876 1381 1929 noster
1406 1879 1480 1947 post

257 1953 418 2016 Pamclium
446 1961 481 2026 ct·
495 1953 675 2033 Bosquctum
702 1954 734 2014 in
755 1953 884 2015 Historia
907 1955 1005 2016 Gabia
1028 1953 1140 2016 Eccles.
1184 1956 1259 2016 Sunt
1288 1953 1337 2031 qui
1365 1953 1478 2014 ultimis

257 2050 371 2102 tantmn
397 2039 486 2100 huius
514 2039 605 2098 seculi
632 2039 733 2110 annis,
762 2039 792 2098 id
820 2046 866 2099 est
893 2039 970 2100 circa
997 2056 1106 2100 annum
1129 2038 1248 2100 cxcii.
1272 2037 1327 2098 suh
1348 2037 1480 2100 Victoris

256 2125 427 2206 pontificatu
447 2123 580 2184 Praxean
601 2122 724 2184 Romam
751 2123 870 2186 venisse
892 2123 1078 2184 contendant.
1123 2122 1173 2184 Sic
1193 2123 1340 2184 Baronius
1363 2124 1401 2184 ad
1423 2141 1480 2184 an-

259 2207 470 2272 numCllCVl.
494 2211 523 2284 6.
548 2211 597 2270 17.
621 2211 722 2272 et18.

342 2292 462 2355 iliror'
453 2311 485 2352 m
506 2311 539 2354 re
560 2292 666 2354 taciti
659 2311 690 2354 m
711 2300 810 2371 partes
832 2292 963 2354 diversas
986 2293 1059 2355 itum
1082 2293 1182 2354 luisse.
1216 2291 1376 2370 Utriusque
1399 2292 1507 2354 idem

257 2398 328 2440 suae
354 2378 516 2440 sententiae
544 2378 651 2439 lundus
678 2378 759 2438 locus
782 2387 827 2439 cst
849 2377 1020 2438 Tertulliani
1042 2377 1183 2439 adversus
1204 2377 1335 2438 Praxean
1358 2395 1422 2456 cap.
1449 2381 1476 2440 i.

257 2482 345 2542 mrem
372 2463 445 2524 adeo
472 2461 521 2522 hic
541 2479 615 2541 opus
638 2472 684 2524 est
705 2461 917 2525 transcribere:
940 2462 1001 2524 late
1019 2467 1139 2542 prtinus
1162 2462 1304 2538 (Praxean
1326 2461 1476 2542 iutelligit)

258 2567 295 2610 ea
310 2553 382 2609 Asia
404 2547 459 2609 boc
479 2565 573 2625 penna
593 2543 808 2627 perversitatis
830 2547 934 2610 intulit
949 2547 1059 2610 Romae
1076 2547 1161 2609 bomo
1180 2556 1209 2608 et
1223 2546 1299 2608 alios
1314 2550 1476 2627 inquietus,

256 2637 384 2713 insuper
406 2634 440 2692 de
462 2635 624 2693 iactatione
644 2637 791 2710 martyrii
809 2633 946 2711 inflatus,
970 2633 1005 2695 ob
1028 2631 1126 2694 solum
1148 2641 1177 2692 et
1199 2631 1328 2711 simplest
1343 2642 1373 2692 et
1388 2633 1478 2694 breve

257 2721 389 2780 carceris
418 2717 561 2786 taedium,
590 2717 709 2796 qnando
738 2721 795 2778 etsi
826 2735 936 2796 corpus
969 2736 1057 2778 suurn
1079 2717 1254 2779 tradidisset
1276 2719 1478 2790 merendum,
1550 2721 1551 2730 ³

228 2843 230 2849 -
256 2801 335 2864 nibil
356 2801 544 2882 profecisset,
569 2800 755 2863 dilectionem
770 2801 828 2863 Dei
839 2819 901 2863 non
918 2802 1038 2872 babens,
1062 2806 1147 2864 cuens
1164 2803 1346 2864 chamennia
1361 2821 1482 2883 meoque
1550 2797 1551 2802 ’

257 2891 450 2968 eupupnovit.
494 2885 570 2946 Nam
597 2887 675 2947 idean
696 2898 767 2948 tnnc
787 2890 961 2967 episcopum
982 2886 1158 2956 Romanum,
1187 2897 1396 2965 opnoscenteen
1419 2891 1482 2948 iana

253 2972 430 3052 prophetias
452 2970 598 3040 Montani,
622 2970 753 3046 Priscae,
778 2971 971 3040 Maairnillae,
994 2981 1024 3032 et
1046 2989 1083 3032 eac
1104 2989 1138 3032 ea
1161 2975 1312 3050 apnitivne
1330 2988 1404 3050 pace
1427 2990 1481 3032 ec-

138 3091 141 3098 ,
256 3057 354 3118 clesiis
371 3057 458 3116 Asiae
481 3065 509 3116 et
526 3054 675 3134 Pbrypiae
696 3056 876 3135 inserentem
897 3055 981 3135 salsa
1003 3056 1132 3136 deipsis
1152 3055 1309 3136 prophetis
1331 3065 1358 3116 et
1378 3053 1479 3116 eccle-

256 3145 310 3202 siis
330 3157 436 3201 eornm
452 3140 665 3210 adseverando,
689 3150 717 3202 et
732 3158 965 3220 praecessorum
988 3144 1052 3201 eius
1068 3144 1264 3202 auctoritates
1280 3138 1478 3219 defendendo,

258 3229 351 3303 caepit
373 3234 402 3284 et
424 3224 542 3285 litteras
561 3228 646 3303 pacis
669 3241 813 3286 revocare
834 3229 894 3286 iarn
916 3228 1047 3296 emissas,
1071 3235 1099 3286 et
1121 3243 1140 3284 o
1151 3228 1310 3306 proposito
1327 3227 1480 3302 recipien-

257 3311 365 3371 dorum
381 3308 594 3370 charismatum
609 3325 793 3370 conmsaare.
818 3307 867 3372 lta
882 3309 939 3371 duo
955 3313 1074 3389 nepotis
1089 3309 1203 3372 diaboli
1215 3308 1351 3370 Promeae
1364 3308 1481 3372 homae

199 3397 201 3406 '
252 3397 443 3474 procuravit,
464 3393 656 3473 prophetiam
671 3392 789 3472 ecpulit
809 3404 838 3455 et
853 3393 993 3456 haeresin
1018 3393 1131 3464 intulit,
1151 3392 1340 3474 paracletum
1354 3395 1481 3472 [upavit

256 3489 285 3540 et
302 3488 422 3556 patrem
444 3479 605 3557 crncifim't.
643 3477 877 3540 Fruticaverant
891 3496 1003 3540 avenae
1018 3478 1205 3548 Praxeanae,
1229 3477 1276 3539 bic
1290 3495 1404 3560 petoque
1421 3499 1481 3542 su-

252 3567 483 3644 perseminatae,
507 3560 721 3624 dormientibus
741 3561 844 3623 multis
866 3567 899 3624 in
920 3563 1108 3642 airnplicimte
1130 3565 1293 3632 doctrinae,
1316 3563 1483 3626 traductae

256 3645 360 3710 debinc
379 3665 438 3727 per
460 3665 544 3727 menn
566 3645 647 3708 Deus
670 3647 776 3716 volrsit,
799 3651 888 3708 etiarn
909 3648 1030 3710 evulsae
1051 3648 1240 3711 videbantur.
1265 3648 1400 3728 Dareique
1425 3668 1483 3710 ca-

255 3743 344 3796 verat
369 3735 536 3812 pristinum
564 3733 670 3794 doctor
697 3732 731 3793 de
760 3733 962 3795 emendatione
989 3751 1046 3794 sno
1068 3745 1097 3796 et
1117 3743 1217 3794 manet
1240 3732 1482 3812 chiropraphaun

256 3817 338 3899 apud
356 3816 525 3897 psychicos,
549 3817 630 3895 apud
651 3834 724 3896 qnos
748 3827 819 3877 tunc
840 3827 923 3896 peste
945 3837 994 3879 res
1017 3829 1076 3890 cst;
1100 3819 1206 3879 scinde
1228 3816 1391 3878 sr'sslentmm
1438 3817 1483 3880 Iit

254 3921 311 3965 nos
327 3903 443 3982 quidem
454 3911 562 3981 postca
576 3904 688 3979 opnitio
712 3901 864 3980 paracleti
884 3913 972 3982 atque
997 3903 1132 3981 defensio
1155 3903 1303 3964 disiunxit
1318 3889 1481 3982 apspclu-

255 3991 308 4048 cis.
332 3989 448 4048 dvenae
470 4004 542 4048 vero
565 3985 636 4047 illae
656 3991 759 4067 utrque
782 3995 853 4048 tunc
875 4005 972 4048 semen
994 3997 1201 4049 senescerent.
1239 3985 1289 4049 lta
1309 3985 1483 4067 aliquando

251 4088 312 4150 per
335 4069 507 4149 hypocrisin
529 4069 657 4134 subdola
677 4075 836 4134 vivacitate
859 4069 989 4133 latitavit
1010 4081 1039 4132 et
1060 4090 1140 4133 nunc
1162 4073 1259 4134 denuo
1281 4075 1391 4152 erupit.
1416 4069 1484 4136 Sed

255 4164 286 4216 et
308 4155 403 4216 denno
426 4156 638 4226 eradicabitur,
661 4160 691 4217 si
708 4154 839 4218 voluerit
861 4155 1015 4226 Donnnus,
1038 4160 1070 4217 in
1092 4161 1150 4220 isto
1174 4167 1338 4218 commeatu
1359 4166 1415 4217 etc.

340 4237 489 4302 Hactenus
505 4240 710 4313 Tertullianus,
732 4257 819 4319 quem
834 4241 907 4302 hacc
927 4240 1020 4319 capita
1042 4240 1118 4302 clare
1140 4259 1308 4320 supponere
1328 4239 1417 4313 haud,
1438 4253 1480 4303 ut

256 4322 394 4396 arbitror,
416 4331 526 4385 monere
548 4325 659 4388 dixero.
689 4324 785 4387 Unum
807 4332 862 4398 est,
884 4343 950 4386 cum
971 4324 1089 4386 advenit
1108 4325 1230 4387 Romam
1251 4325 1387 4398 Praxeas,
1410 4331 1480 4388 batn

255 4407 355 4487 plures
378 4407 469 4469 titisse
491 4407 520 4469 in
541 4410 609 4471 Asia
631 4420 661 4472 et
679 4409 806 4490 Phrygia
827 4409 965 4472 eeclesias
987 4427 1061 4490 quae
1075 4410 1205 4472 Monuni
1226 4417 1256 4471 et
1277 4409 1354 4471 illius
1376 4411 1478 4472 comi-

256 4501 318 4556 tum
341 4493 444 4555 salsam
465 4494 649 4572 prophetiam
670 4497 785 4557 inerant
805 4493 963 4574 amplexae.
1001 4493 1143 4570 hitertma,
1166 4513 1233 4557 eum
1255 4494 1304 4573 qui
1327 4503 1398 4568 tunc
1419 4495 1482 4557 luit

255 4577 575 4659 opiscopusilomanus
595 4579 626 4640 in
648 4579 865 4644 communionis
886 4580 1003 4661 signum
1025 4599 1090 4642 cum
1112 4579 1158 4642 his
1182 4578 1479 4642 ecclesiisineundae
