3078 5248
267 340 331 406 534
458 357 551 404 orem
566 359 759 431 recreemur
773 356 863 424 orrum
877 365 909 408 m
923 365 1113 410 uonrmrsrro
1129 369 1248 412 seeum
1261 371 1360 416 emens

267 507 322 570 siis
344 507 381 570 de
401 509 466 572 velo
490 511 632 605 uirginum
653 523 789 578 coortum
820 529 1052 588 commemorant
1084 529 1274 601 nostmmqne
1303 521 1481 602 Septimium

268 612 335 656 cum
362 593 419 666 eie,
453 613 502 674 qur
524 597 611 660 etiarn
634 599 761 678 virgines
783 602 920 664 velandas
939 624 1014 667 esse
1034 606 1190 685 putabant,
1223 607 1329 669 iecisse
1352 607 1481 670 demon·

269 677 398 740 straot¹¹.
442 679 517 740 Sunt
536 691 633 746 antem
655 703 689 746 ea
710 703 783 762 quac
804 686 859 748 hac
879 688 916 750 de
938 707 971 750 re
992 690 1022 750 in
1045 690 1121 754 libro
1149 692 1186 752 de
1208 692 1351 753 Oratione
1375 693 1480 772 dispe-

267 770 325 836 tat‚
348 763 492 826 simillima
514 765 589 828 libro
611 767 648 828 de
670 768 837 847 Virginibus
859 772 1008 846 Velandis,
1031 793 1117 854 quem
1139 777 1241 837 nescio
1263 795 1300 836 an
1323 777 1483 855 quisquam

271 847 451 910 Orthodoxis
474 849 639 914 adscribere
661 871 751 918 ausus
773 855 822 928 sit,
853 870 932 919 certe
953 875 1009 920 nec
1030 857 1179 922 Pemelius
1201 879 1257 922 nec
1270 860 1482 923 Tillemonties

161 1009 165 1018 ‚
267 932 497 1011 adscripserunt,
520 937 568 1014 qui
591 938 760 1018 ceteroquin
782 939 925 1019 plurimos
947 942 1117 1006 Tertulliani
1137 945 1231 1006 libros
1253 954 1390 1008 tuentur.
1426 947 1485 1008 tter

268 1017 401 1096 prolecto
423 1017 534 1080 absolvi
556 1020 639 1084 facile
660 1031 767 1102 potest,
795 1045 862 1086 cum
881 1026 1062 1090 Paracletum
1083 1030 1319 1092 nonemsdcem
1342 1040 1483 1092 sedetet

268 1109 301 1162 ut
324 1101 372 1162 ille
395 1100 540 1181 Spiritus,
574 1125 649 1185 quae
669 1108 717 1170 lex
744 1118 775 1170 et
801 1111 979 1189 evangelium
1006 1114 1175 1194 imperfecta
1201 1115 1418 1196 reliquissent,
1451 1119 1484 1176 ad

265 1186 461 1248 maturitatem
482 1191 637 1268 perducat,
666 1194 735 1270 binc
756 1195 874 1257 atinde
895 1195 1005 1264 taeter.
1038 1198 1153 1279 hocque
1175 1199 1348 1280 disciplinae
1373 1201 1483 1280 rigore,

267 1270 455 1368 etiamtqrrod
476 1275 512 1336 ad
534 1277 678 1356 virginum
700 1281 773 1353 vela,
795 1282 946 1344 meliorem
968 1283 1109 1347 ecclesiae
1122 1293 1245 1364 partem,
1267 1303 1379 1364 nempe
1396 1287 1481 1348 Mon-

265 1364 446 1430 tanrstrcam,
469 1360 652 1424 manifestam
674 1365 737 1426 lieri
760 1368 951 1442 contendatl‘,
978 1379 1130 1449 praeterea
1150 1370 1369 1450 monogamiam
1394 1389 1479 1449 prae-

266 1441 343 1538 dicet
364 1450 392 1503 et
413 1445 606 1509 revelationes
628 1447 717 1516 miras
739 1453 902 1532 praecentis
917 1454 981 1514 suis
995 1455 1152 1516 interserat
1162 1455 1180 1515 ¹.
1211 1455 1308 1527 Quare
1331 1453 1361 1515 si
1387 1455 1480 1516 velem

266 1545 410 1621 vrrgroum
432 1533 625 1598 Montanistas
647 1535 834 1600 acatholicis
858 1539 991 1610 secrevit,
1014 1540 1039 1600 si
1062 1539 1258 1602 Tertullianus
1280 1540 1347 1600 eius
1373 1559 1480 1600 neces·

266 1619 382 1679 ertatem
405 1635 440 1678 ex
462 1619 535 1699 ipsis
557 1620 699 1682 Paracleti
718 1621 766 1683 sui
787 1623 952 1702 praeceptis
974 1623 1004 1685 in
1026 1623 1123 1684 libello
1138 1623 1342 1686 llontanistico
1369 1625 1411 1687 de
1427 1625 1480 1685 Ve-

266 1696 361 1766 landis
383 1702 550 1782 Virginibus
573 1706 663 1780 ursit,
687 1707 712 1770 si
735 1707 860 1785 denique
883 1705 913 1766 ln
935 1707 1010 1768 libro
1034 1709 1070 1769 de
1094 1708 1235 1770 Oratione
1255 1709 1387 1770 eandem
1412 1729 1478 1770 serr-

266 1789 388 1849 tentiam
411 1787 501 1852 tuitus
525 1800 585 1864 est,
614 1809 666 1852 cur
687 1791 917 1870 ambigeremus,
946 1792 1015 1870 quid
1038 1801 1068 1854 et
1088 1793 1137 1854 hic
1157 1793 1324 1855 inhaeresi
1349 1795 1479 1874 scriptus

269 1871 331 1933 sict
359 1871 511 1936 Praeterea
540 1875 570 1935 in
599 1876 701 1937 eodem
730 1878 767 1938 de
790 1876 931 1937 Oratione
956 1877 1084 1938 libello¹¹¹
1106 1887 1317 1939 commemorat
1344 1897 1477 1940 comsan-

267 1976 335 2019 nem
356 1969 386 2022 tt
407 1965 494 2040 quan
510 1958 661 2040 pellicem
681 1965 787 2024 ieiunii
807 1961 994 2040 religionem,
1017 1981 1092 2040 quae
1114 1962 1161 2022 die
1182 1962 1344 2024 Pascbatos
1372 1963 1477 2026 obser-

265 2050 397 2122 varetur,
418 2045 495 2121 quod
518 2043 657 2106 indicium
678 2046 808 2126 praebet,
830 2046 975 2125 placuisse
996 2045 1052 2106 iam
1075 2055 1143 2108 tune
1164 2047 1343 2108 Tertulliano
1371 2067 1477 2110 secm-

266 2126 334 2188 dum
357 2127 540 2209 disciplinam
560 2128 803 2191 llontanistamm
825 2131 894 2204 alie,
927 2131 1065 2192 nimimm
1086 2131 1134 2192 ille
1155 2132 1246 2211 rigida
1268 2141 1298 2192 et
1319 2151 1404 2211 quae
1428 2135 1477 2194 sa-

265 2210 383 2271 tbolicis
412 2231 477 2273 cum
505 2214 549 2274 eis
577 2232 637 2274 non
659 2215 824 2276 communia
846 2223 930 2276 erant
960 2215 1136 2276 ieiuniorum
1164 2225 1329 2295 praecepta.
1392 2219 1480 2278 raiae

264 2301 372 2370 autem,
392 2296 549 2358 trinum·
571 2305 601 2359 et
621 2297 695 2360 alios
716 2299 796 2360 viros
818 2302 941 2362 doctos⁰
962 2300 1089 2376 libellum
1110 2301 1187 2362 inter
1207 2302 1402 2362 orthodoxos
1418 2303 1477 2363 ider

268 2383 449 2458 vindicasse,
483 2384 562 2464 quod
590 2386 620 2446 in
649 2403 685 2446 eo
708 2383 902 2446 Tertullianus
925 2385 1049 2448 Hermae
1076 2395 1226 2465 pastorem
1253 2405 1314 2446 non
1339 2387 1386 2447 ita
1410 2407 1478 2448 con·

264 2477 410 2542 remeate,
434 2469 606 2548 ecquidem
629 2488 696 2532 eum
718 2470 875 2532 contemsit
895 2469 927 2530 in
946 2469 1021 2531 libro
1044 2471 1080 2531 de
1101 2469 1241 2544 Pudicitia
1252 2485 1276 2545 ι,
1298 2489 1373 2531 cum
1399 2473 1479 2533 blon-

266 2554 372 2615 tanista
395 2555 459 2616 sine
488 2555 578 2616 dubio
607 2561 694 2616 esset.
737 2553 879 2616 Nimirum
908 2553 1109 2616 auctoritatem
1131 2555 1256 2617 Hermae
1287 2573 1351 2616 non
1387 2557 1428 2618 ita
1455 2559 1478 2617 in

263 2637 342 2698 libro
364 2640 400 2700 de
424 2639 564 2700 Oratione
586 2659 620 2701 ac
640 2639 671 2700 in
692 2639 742 2700 illo
764 2638 800 2700 de
820 2639 962 2700 Pudicitia
984 2639 1107 2718 deprimi
1130 2657 1205 2718 opus
1227 2647 1305 2704 erat.
1341 2643 1429 2719 quod
1450 2663 1478 2701 ea

266 2723 447 2786 Tertulliano
470 2741 530 2786 non
552 2717 798 2804 aeque'obsteret
818 2742 883 2788 cum
905 2723 1001 2795 illum,
1036 2741 1122 2804 quam
1149 2743 1215 2786 curn
1244 2724 1325 2785 hunc
1347 2725 1475 2786 libellam

262 2807 415 2872 scriberet.
444 2809 510 2871 Non
533 2810 664 2871 solemus
685 2828 739 2870 eos
761 2817 896 2871 auctores
917 2807 1072 2888 exagitare,
1094 2827 1218 2887 quorum
1240 2807 1330 2869 verba
1355 2819 1470 2872 senen-

266 2895 323 2957 tiae
345 2908 465 2956 nostrae
488 2915 548 2957 non
572 2895 706 2968 obstant3
743 2895 794 2956 sed
818 2893 843 2953 si
866 2894 1067 2963 adversentur,
1091 2903 1159 2954 tunc
1180 2894 1296 2954 demum
1321 2893 1361 2954 ad
1388 2895 1472 2954 tonb-

264 2981 388 3058 gendam
410 2999 512 3042 eorum
535 2980 621 3041 fldem
644 2979 834 3040 recurrimus.
877 2978 977 3056 ltaque
999 2996 1063 3038 cum
1078 2977 1200 3040 Hermas
1222 2987 1322 3057 partes
1338 2979 1480 3040 Montano

264 3067 426 3128 corbarias
448 3065 573 3138 iuvaret,
593 3056 801 3126 'Tertullianus
823 3062 853 3123 in
877 3081 943 3124 eum
966 3061 1098 3124 acerbius
1119 3061 1265 3124 invehitur
1286 3063 1316 3122 in
1341 3062 1427 3124 libro
1449 3065 1481 3124 de

263 3146 415 3222 Pudicitia,
437 3159 537 3210 contra
559 3168 639 3222 vero,
663 3168 728 3210 oum
750 3149 842 3220 locus,
865 3147 901 3209 de
922 3165 981 3226 quo
1004 3147 1033 3206 in
1053 3146 1129 3208 libro
1152 3147 1189 3207 de
1212 3146 1356 3208 Oratione
1375 3149 1482 3227 agitur.

265 3234 442 3312 nequidem
466 3233 629 3295 sententiae
650 3233 820 3294 Tertulliani
843 3233 1055 3304 adversaretur,
1078 3231 1146 3310 quid
1170 3249 1245 3310 opus
1267 3239 1343 3300 erat,
1375 3243 1416 3294 ut
1438 3233 1480 3292 in-

265 3326 427 3380 sectaretur
449 3317 512 3379 eius
534 3316 707 3379 auctorem?
728 3325 777 3378 aut
799 3336 872 3396 quae
894 3315 1076 3378 collectionis
1099 3314 1176 3376 illius
1192 3316 1251 3378 vis:
1274 3314 1481 3378 Tertullianus

263 3401 294 3462 in
312 3401 386 3462 libro
404 3402 440 3462 de
454 3400 592 3462 Oratione
603 3402 742 3464 Hermam
762 3421 822 3462 non
840 3401 950 3474 reiecit,
972 3420 1037 3462 eum
1052 3399 1202 3462 reiiciendi
1221 3399 1297 3462 nulla
1309 3405 1481 3463 necessita.-

264 3493 353 3557 csset,
383 3485 471 3564 igitur
492 3504 557 3546 cum
579 3485 685 3548 ceteris
708 3487 866 3547 Catholicis
888 3505 955 3547 eom
977 3484 1111 3564 probavit
1132 3492 1161 3545 et
1182 3502 1248 3546 cum
1270 3485 1306 3546 de
1331 3485 1482 3548 Oratione

262 3569 423 3644 scribebat,
446 3570 511 3648 ipse
534 3569 698 3632 Catholious
720 3570 797 3632 tuirt
829 3571 922 3640 tede,
951 3571 1029 3650 quod
1052 3569 1189 3630 Hermam
1212 3567 1309 3630 verbis
1333 3587 1482 3650 perquam

263 3655 407 3733 ambiguis
422 3657 533 3735 alleget
563 3655 700 3726 Hermos,
724 3655 827 3734 inquit,
850 3655 902 3716 ille
925 3661 1009 3718 coice
1032 3659 1187 3735 scriptore
1209 3656 1275 3733 sere
1290 3651 1416 3717 Pastor
1439 3661 1468 3716 ιιι

261 3742 416 3804 scribitur.
461 3742 600 3814 Viderint,
623 3741 672 3821 qui
695 3741 819 3802 Hermae
840 3747 989 3819 pastorem
1012 3758 1027 3798 a
1050 3738 1227 3801 Tertulliano
1249 3736 1314 3797 libri
1340 3741 1481 3800 canonici

260 3832 327 3892 loco
350 3828 479 3890 babituru
501 3845 569 3888 esse
591 3835 723 3898 censent,
746 3825 814 3904 quid
838 3823 894 3885 sibi
916 3823 985 3885 velit
1006 3822 1075 3885 illud
1096 3824 1180 3902 sere,
1203 3821 1346 3900 numquid
1367 3824 1417 3886 iia
1435 3825 1478 3886 lo·

261 3933 385 3994 quemue
406 3915 442 3974 de
464 3911 582 3991 scriptis
605 3910 669 3970 sine
691 3910 780 3971 dubio
801 3909 944 3988 probatis,
967 3925 1003 3968 an
1018 3907 1117 3988 potius
1133 3907 1271 3967 indicium
1287 3908 1340 3980 sit,
1363 3915 1481 3970 temere

261 4019 357 4078 neque
380 3997 485 4060 merito
500 3995 630 4058 Pastoris
651 3995 761 4056 bonum
783 4011 891 4054 nomen
907 3993 1032 4053 llermae
1052 3991 1148 4053 libello
1165 3992 1236 4063 dari,
1260 3990 1481 4054 aTertulliano

264 4084 457 4162 significatum
486 4099 562 4142 esse.
606 4079 737 4159 lienique
764 4079 853 4140 verba
882 4077 1000 4150 llilarii,
1034 4095 1068 4138 ex
1099 4075 1203 4155 quibus
1226 4073 1349 4136 ttmrus
1384 4097 1481 4158 opus-

262 4168 359 4230 culum
388 4168 424 4228 de
448 4165 604 4237 Oratione,
640 4173 793 4242 antequam
816 4161 1013 4223 Tertullianus
1042 4161 1077 4222 ad
1100 4159 1292 4222 llontanistas
1322 4159 1483 4229 deiiceret,

295 4338 318 4384 tr.
342 4336 441 4384 Tertull.
466 4335 496 4385 de
521 4336 585 4385 Orat.
610 4349 661 4390 cap.
680 4333 712 4384 ιι
736 4347 788 4398 sqq.
814 4347 841 4381 ex
926 4345 957 4380 nr.
975 4330 1010 4379 ld.
1030 4329 1070 4380 lib.
1089 4330 1118 4378 de
1137 4331 1250 4379 Oratione
1268 4343 1287 4378 c.
1309 4327 1351 4380 ii.

260 4404 317 4453 edit.
337 4402 420 4452 ιιιιιιῑ.
926 4415 948 4447 ιι.
968 4398 1035 4447 atrox.
1054 4397 1165 4448 citiore
1185 4413 1207 4460 p.
1226 4396 1266 4446 35.

294 4474 309 4521 i.
330 4471 392 4521 ldem
412 4471 441 4519 de
459 4469 519 4532 Virg.
538 4469 585 4518 Vel.
606 4485 625 4519 c.
646 4470 667 4517 1.
926 4484 948 4516 o.
968 4467 1000 4515 lo.
1020 4467 1132 4514 Peerson.
1154 4465 1177 4512 Vi
1196 4465 1242 4514 die.
1261 4463 1382 4523 lgnatian.
1406 4485 1430 4517 c.
1450 4467 1484 4514 lt.

272 4541 316 4590 ἰ.
335 4537 425 4588 lbidem
445 4553 464 4586 c.
483 4537 506 4586 ³.
610 4554 624 4590 ,·
925 4549 948 4599 p.
969 4535 1065 4583 Tertotl.
1085 4535 1114 4582 de
1138 4479 1203 4581 crab
1222 4547 1241 4580 c.
1263 4531 1301 4580 tt.

295 4609 310 4658 Ι.
331 4606 389 4658 lbid.
409 4621 428 4656 c.
448 4605 489 4654 ult.
926 4619 947 4666 q.
967 4601 1032 4652 ldetu
1051 4601 1080 4650 de
1099 4599 1212 4650 Pudicitia
1231 4617 1251 4650 c.
1273 4599 1304 4649 lO
1321 4615 1381 4665 sqq.
