3126 5250
280 365 346 430 250
381 383 574 426 utssnnrntto
590 383 620 424 tn
636 383 683 434 01].
699 380 784 425 CBPT.
799 381 886 470 FLOR:
903 377 1096 426 TERTllfflle
1109 381 1330 424 trotucsttctnt
1341 381 1417 422 CETT.

284 565 287 573 ·
366 532 425 594 Sed
446 533 568 594 munos
587 533 638 594 ille
659 531 846 612 progreditur
868 539 897 594 et
917 533 948 593 in
970 532 1058 594 citato
1078 530 1259 611 Apologetici
1279 529 1341 590 loeo
1362 529 1395 590 dc
1414 547 1470 590 om-
1529 535 1530 576 l

281 617 370 679 nibus
398 617 527 696 loquitur
558 617 718 697 generatim
741 617 915 679 Cbristianis
937 617 1096 678 daemones
1116 615 1309 678 eiicieutibus.
1349 613 1414 675 Nam
1433 615 1471 675 ille

281 701 359 764 baud
387 701 554 764 dubitanter
579 703 704 764 allirmst
731 711 840 763 tantam
868 703 962 763 tuisse
990 701 1203 762 multitudinem
1231 700 1384 779 gentilium,
1408 717 1470 777 quos

282 787 441 849 Christiani
462 805 478 847 a
501 787 677 848 daemonum
699 787 917 848 incursionibus
939 785 1110 860 liberabant,
1139 793 1172 846 ut
1203 785 1233 846 bi
1265 783 1374 846 sublata
1393 782 1469 844 bene·

180 875 182 880 ’
282 871 348 932 licio
370 872 420 932 illo
442 890 511 933 sese
543 872 616 934 satis
638 889 785 951 superque
806 871 842 933 ab
863 872 985 933 immani
1010 871 1171 934 eorundem
1194 869 1342 948 gentilium
1361 868 1468 930 crudeli·

281 963 341 1018 tate
362 956 569 1018 vindicassent.
613 955 659 1017 En
686 957 752 1036 ipsa
774 957 838 1018 eius
858 955 962 1018 verba:
1002 957 1078 1030 Quis
1100 975 1153 1018 aas
1176 955 1212 1016 oi
1233 955 1296 1015 illis
1318 953 1430 1016 ocutltis
1448 962 1470 1014 et

280 1059 488 1122 usquequaque
509 1035 697 1104 uastantibus
719 1053 829 1103 mentes
852 1053 880 1103 et
900 1043 1086 1104 valetudines
1108 1053 1227 1102 oestrus
1250 1040 1378 1101 hostibus
1398 1057 1470 1118 rope-

281 1138 337 1196 ret,
360 1147 379 1187 a
401 1127 625 1189 donnoniorurn
646 1129 818 1189 incursibus
842 1129 914 1198 dieo,
937 1145 1010 1208 quae
1034 1128 1067 1188 de
1088 1126 1172 1188 uoltis
1187 1130 1252 1186 sane
1263 1126 1399 1204 praesule,
1420 1126 1470 1182 sine

279 1212 413 1272 mercede
435 1209 634 1291 depellimus?
663 1211 838 1292 Suffecisset
861 1212 915 1274 boc
936 1211 1035 1274 solunt
1055 1205 1185 1272 nostrae
1199 1209 1318 1280 ultioni,
1340 1207 1411 1288 quad
1427 1225 1470 1266 oo-

280 1313 337 1357 cuu
359 1296 465 1358 scinde
483 1300 637 1376 possessio
660 1297 818 1358 mundis
834 1297 990 1377 spiritibus
1003 1306 1121 1377 poteret
1143 1293 1325 1366 (Tertullian.
1340 1289 1469 1370 Apologet.

282 1397 345 1459 sap.
367 1382 441 1456 tu).
483 1382 527 1440 Ad
557 1379 709 1460 Scapulam
738 1387 889 1460 praeterea
916 1381 995 1442 hunc
1023 1380 1070 1442 ille
1092 1379 1210 1458 scripsit
1232 1379 1262 1439 in
1284 1377 1411 1438 modum:
1440 1373 1470 1433 llt

280 1467 388 1544 quami
405 1465 524 1527 bonesti
543 1469 606 1527 oiri
626 1467 674 1546 (de
696 1464 870 1545 urthoribus
893 1469 971 1526 enirn
992 1485 1053 1526 non
1069 1465 1206 1542 dicimus)
1232 1474 1286 1525 aut
1299 1484 1318 1524 a
1332 1462 1468 1523 daunonals

281 1561 336 1611 aut
357 1550 577 1612 valetudinibus
601 1551 756 1612 resedisti
775 1562 847 1612 siant
869 1550 962 1618 (ldem
983 1551 1019 1610 ad
1042 1549 1157 1629 Scapul.
1174 1567 1237 1627 cap.
1253 1545 1321 1620 tl?
1349 1544 1415 1619 Quis
1427 1561 1467 1602 au·

280 1641 340 1694 tem
369 1633 442 1695 hacc
468 1653 528 1695 non
556 1635 652 1696 solum
681 1634 717 1694 ab
739 1634 905 1723 exorcistis,
932 1635 984 1696 sed
1007 1634 1043 1696 ab
1065 1634 1203 1694 omuibus
1226 1631 1394 1694 Christianis
1412 1629 1468 1688 lacta

280 1717 372 1780 brisso
394 1718 587 1781 dtffiubiun?
615 1720 711 1780 blinor
732 1720 811 1781 enim
834 1729 896 1780 erat
917 1727 986 1780 tunc
1007 1719 1218 1780 exorcistarum
1234 1733 1382 1786 uumerus,
1401 1728 1467 1792 quau
1529 1765 1530 1784 ,

279 1809 314 1948 qt
341 1803 362 1863 ii
390 1803 445 1864 soli
472 1815 583 1866 tantam
611 1804 765 1866 hominum
792 1804 1007 1868 multitudinem
1029 1823 1045 1866 a
1068 1805 1245 1865 daemonum
1268 1800 1422 1863 incursibus
1440 1796 1467 1856 li-

301 1895 427 1949 ararent.

368 1971 567 2044 Quamobrem
596 1992 661 2034 mm
688 1973 795 2034 ethnici
818 1973 981 2034 obiicerent
1002 1973 1187 2034 Christianos
1210 1970 1383 2052 reipublicae
1400 1981 1465 2046 pror·

282 2073 334 2118 sus
363 2075 429 2118 esse
460 2057 590 2130 inutiles,
620 2057 686 2119 illos
709 2058 752 2119 sic
773 2058 891 2119 refellit:
932 2058 1048 2131 Quanti
1068 2058 1181 2120 babsta's
1204 2061 1257 2138 qui
1276 2062 1336 2117 iarn
1356 2056 1388 2116 de
1406 2049 1462 2142 sciti

281 2143 438 2204 Metuonis
466 2141 644 2205 ecnttianti’
672 2142 757 2218 (lbid.
786 2162 850 2222 cap.
873 2145 947 2218 tt).
989 2145 1083 2221 Atque
1110 2143 1151 2203 ita
1178 2141 1300 2220 quidem
1326 2140 1354 2201 in
1380 2143 1459 2198 nutui

280 2226 430 2288 codicibus
452 2229 669 2307 manuscriptis.
699 2228 766 2288 Non
787 2229 885 2288 miuus
907 2236 1003 2288 autem
1026 2228 1101 2288 bene
1123 2228 1153 2288 in
1174 2227 1302 2306 antiquis
1317 2217 1461 2286 editionibus

283 2311 431 2384 Quantos,
460 2320 490 2371 et
516 2311 546 2371 in
568 2312 715 2374 Lacerdae
744 2313 872 2374 editione
898 2313 1036 2386 mando.
1081 2311 1255 2373 Tertulliani
1284 2310 1359 2370 enim
1385 2317 1464 2367 sensus

281 2403 340 2456 est:
364 2396 394 2456 st
412 2396 568 2458 Christiani
584 2397 760 2476 reipublicae
774 2397 892 2458 inutiles
908 2405 987 2470 sunt,
1009 2399 1108 2476 quanti
1133 2415 1204 2475 ergo
1221 2394 1377 2458 aestimatis
1396 2401 1466 2468 qtttt

281 2481 434 2625 innpret'io
465 2499 517 2542 eos
547 2482 672 2556 habetis,
700 2483 749 2561 qui
771 2489 817 2543 tot
848 2482 1001 2543 daemonia
1029 2491 1145 2560 tamque
1167 2499 1258 2561 saepe
1280 2499 1315 2541 ex
1334 2476 1409 2538 tobis
1426 2471 1466 2530 dt·

279 2583 318 2644 pe
339 2573 410 2632 unt,

281 2685 283 2692 ·
364 2650 473 2710 Verum
498 2650 568 2728 quid
596 2651 848 2730 argumentatione
870 2669 946 2730 opus
967 2647 1035 2711 est?
1077 2650 1182 2712 Nonne
1204 2646 1273 2730 ipse'
1294 2638 1468 2711 diutissimis

279 2733 379 2795 verbis
408 2733 521 2796 edixit?
565 2735 672 2797 lussus
700 2756 718 2796 a
745 2735 874 2816 quolibet
897 2735 1068 2798 Christiano
1091 2735 1173 2816 loqui
1193 2740 1324 2816 spiritus
1354 2729 1400 2792 ille
1423 2737 1470 2818 tqn

279 2837 312 2881 re
338 2821 507 2882 damonem
537 2821 728 2901 confitebitur
754 2821 789 2881 de
815 2839 898 2891 vero,
928 2837 1016 2900 worn
1038 2820 1111 2882 olibi
1132 2821 1220 2882 duam
1243 2823 1276 2883 de
1298 2817 1373 2899 falsa
1401 2805 1469 2886 (liti-

279 2914 343 2984 bap.
366 2907 440 2980 TN).
483 2905 587 2966 Nonne
614 2905 700 2966 edam
722 2905 758 2966 ed
781 2905 907 2966 cundem
928 2905 1081 2983 Scapulam
1102 2905 1209 2966 iterum
1234 2899 1370 2984 scripsit?
1404 2895 1468 2957 litt

278 3007 381 3051 mones
410 3007 472 3051 non
494 3001 610 3051 tanturn
632 2994 812 3070 respuimus,
843 3007 947 3052 oerum
969 3001 1000 3051 et
1021 2994 1201 3052 reuirseiruus
1228 3003 1256 3054 et
1280 2985 1396 3070 quotue
1412 2990 1467 3040 tro-

280 3075 415 3135 ducimus
437 3085 466 3135 et
487 3075 523 3136 de
545 3076 710 3136 bomirubus
733 3075 921 3156 capellanus,
944 3079 1020 3136 sicut
1039 3075 1182 3154 plurimis
1203 3088 1313 3138 uotum
1333 3077 1370 3134 est
1392 3061 1468 3159 (litii

278 3157 330 3217 lib.
354 3160 389 3218 ad
412 3158 526 3236 Scapul.
550 3177 612 3238 cap.
636 3157 703 3232 3·l‘?
745 3161 782 3220 At
802 3160 867 3238 quis
889 3177 949 3219 non
977 3159 1075 3219 videat
1101 3159 1173 3220 haec
1199 3177 1264 3220 non
1287 3159 1322 3221 de
1343 3153 1469 3216 extrusit

279 3249 403 3313 tantum,
432 3242 484 3303 sed
512 3243 549 3303 de
578 3243 715 3304 omnibus
744 3243 819 3305 dicta
841 3244 933 3304 luisse
956 3242 1152 3305 Christianis?
1195 3245 1320 3306 Maxima
1340 3254 1402 3317 ergo
1421 3233 1472 3291 01³¹

279 3341 341 3386 non
374 3325 462 3386 modo
493 3328 721 3399 exorcistarum,
756 3329 808 3390 sed
838 3329 968 3390 omnium
999 3328 1236 3390 Christianorum
1273 3330 1302 3390 in
1334 3326 1470 3387 daemones

280 3415 423 3488 potestas,
445 3429 501 3488 qua
523 3409 590 3472 illos
613 3431 648 3472 ex
669 3412 854 3472 ethnicorum
877 3413 1051 3491 corporibus
1075 3413 1253 3492 saepissime
1275 3407 1425 3474 eiiciebaat
1453 3484 1457 3496 ι

366 3493 397 3554 Si
419 3495 485 3572 quis
508 3503 604 3556 autem
626 3495 754 3574 inquirat
775 3497 853 3557 unde
875 3505 924 3558 aut
945 3517 1003 3576 quo
1026 3498 1228 3559 nominatam
1255 3498 1398 3562 habereut,
1418 3489 1472 3548 huit

278 3577 472 3658 respondebit
504 3579 715 3642 Tertullianus:
754 3581 857 3642 Omnis
880 3594 996 3653 nostra,
1031 3584 1088 3644 boc
1115 3591 1160 3644 est
1190 3572 1471 3645 Christianorumt't

277 3663 349 3726 illos
382 3665 541 3725 daemones
575 3667 735 3727 dominatio
763 3675 791 3727 et
814 3677 950 3747 potestus
979 3669 1013 3728 de
1040 3672 1243 3730 nominatione
1273 3667 1390 3731 Cbristi,
1421 3655 1471 3716 sire

276 3749 403 3830 prolato,
426 3750 542 3830 quando
565 3749 723 3811 daemones
744 3751 925 3823 adimebant,
948 3751 1057 3813 Christi
1068 3752 1198 3824 nomine,
1221 3751 1302 3814 ualet
1320 3759 1348 3812 et
1362 3747 1394 3808 de
1407 3757 1471 3803 cttr

278 3839 493 3898 memoratione
520 3853 631 3908 eorum,
662 3855 736 3916 quoe
764 3837 823 3898 sibi
848 3855 867 3898 a
889 3836 950 3898 Deo
969 3855 1027 3916 per
1047 3837 1200 3899 arbitrum
1223 3838 1373 3900 Christum
1392 3825 1471 3919 initi

278 3926 382 3982 nentia
413 3930 572 4002 aspectant
603 3919 695 3994 (Idem
722 3918 874 3998 Apologet.
903 3939 966 4000 cap.
988 3924 1062 3999 id).
1105 3921 1243 3982 Nonnulli
1272 3935 1352 3989 vero,
1381 3909 1472 4005 nudati

278 4011 376 4064 tamen
403 4003 594 4084 manuscripti
621 4005 737 4066 codices
759 4006 929 4068 auctoritate
950 4005 1024 4080 tuti,
1050 4005 1208 4085 legendum
1230 4009 1351 4067 censent
1371 4007 1472 4060 ecurt·

279 4093 410 4161 natione,
439 4089 516 4150 haud
539 4089 626 4150 dubie
648 4090 714 4168 quia
736 4089 895 4151 daemones
916 4107 970 4169 per
990 4089 1082 4151 Deum
1104 4091 1211 4162 urum,
1240 4089 1289 4168 qui
1311 4085 1471 4148 instetutus

280 4177 327 4232 est
345 4172 427 4234 rivos
449 4183 479 4235 et
499 4183 645 4247 mortuos,
667 4174 884 4236 adiuuabantur.
926 4177 963 4235 tt
983 4173 1054 4236 satit
1076 4175 1202 4236 sortasse
1224 4191 1285 4235 non
1307 4165 1470 4233 animadver-

278 4263 380 4317 terunt
406 4257 437 4317 in
464 4265 546 4320 textu
568 4259 739 4321 Tertulliani
766 4260 852 4338 paulo
879 4267 948 4339 post
974 4259 1115 4338 scriptum
1144 4261 1178 4321 de
1205 4253 1471 4338 repraesentatione

279 4340 358 4419 quod
386 4341 463 4402 idern
491 4352 538 4406 est
564 4363 598 4406 ac
617 4345 906 4418 commemoratione,
933 4347 1010 4423 ipnis
1030 4344 1116 4406 illisu
1138 4348 1329 4420 aeternique
1350 4325 1472 4421 puniend

279 4433 351 4486 sunt
372 4425 540 4489 daemones.
583 4429 699 4492 videsis
722 4429 880 4492 Eusebium
908 4429 980 4490 haec
1000 4428 1031 4489 in
1053 4445 1106 4490 sua
1127 4429 1164 4490 de
1186 4425 1367 4490 Constantini
1391 4418 1472 4491 litim

277 4509 411 4572 laudibus
439 4512 572 4573 oratione
600 4524 784 4576 enarrantem
816 4514 947 4593 aliosque
975 4532 991 4575 a
1019 4513 1107 4575 nobis
1140 4513 1208 4574 alibi
1229 4513 1334 4573 citatos
1366 4495 1471 4582 (liniti

280 4595 363 4658 Orat.
385 4595 423 4657 de
444 4597 598 4660 Constant,
617 4599 710 4678 blagn.
732 4599 824 4661 Laud.
847 4617 909 4680 cap.
935 4601 983 4664 16.
1006 4617 1035 4680 p.
1059 4601 1120 4664 658
1143 4607 1173 4660 et
1193 4603 1298 4676 seqq).
