3020 5230
413 371 612 491 corrosano.
635 411 698 456 aaa.
721 409 848 456 sumn.
1181 397 1244 464 bdb

168 561 268 614 Tertuli.
287 562 339 613 ade.
357 561 448 613 islant.
807 563 870 614 iren.
889 571 971 614 eontra
990 563 1088 614 iiaeres.

14 657 71 710 ate.
97 644 199 725 itaque
220 654 254 708 ut
268 653 374 707 nautae
389 645 426 706 ad
441 644 603 726 symbolam
655 647 709 720 ίας
722 640 843 729 ταύτης
856 643 959 730 βουλῇ
972 629 1034 730 μιᾷ
1055 646 1108 710 καὶ
1169 644 1240 734 ώμῃ

15 749 136 809 semper
151 730 295 802 exultant,
312 730 368 790 tale
383 730 490 810 aliquid
507 739 537 792 et
550 745 606 790 aas
654 725 693 792 τὸ
722 729 791 793 πᾶν
815 726 980 813 πλήρωμα
1005 731 1072 794 τῶν
1085 667 1242 798 eridano.

15 833 100 886 onos,
123 833 215 876 unum
235 814 292 875 iam
314 832 419 876 omnes
434 814 522 876 etiarn
538 815 602 876 tora
655 811 927 890 συνευδοκοῦντος
951 815 1010 877 τοῦ
1023 818 1060 878 Χ
1079 815 1173 878 ιστοῦ
1188 817 1242 882 καὶ

15 919 71 972 ma,
95 898 203 960 nedum
223 898 379 971 sententia,
400 898 602 960 convenienti·
653 898 712 960 τοῦ
734 894 930 978 πνεύματος,
954 898 1030 962 τοῦ·
1053 837 1089 962 dd
1115 922 1185 962 πατ
1206 897 1243 976 ὸς

15 984 71 1045 bus
95 983 169 1061 ipsis
191 1001 308 1063 quoque
328 982 468 1044 iratribus
489 991 520 1044 et
537 1000 601 1043 ma·
654 973 763 1045 αὗτῶν
779 979 1160 1066 συνεπισφραγιζομένου
1198 981 1244 1049 ἀ
1292 993 1295 1002 “

15 1067 135 1146 gistris,
165 1066 284 1128 Christo
315 1076 344 1128 et
369 1066 492 1145 spiritu,
523 1067 603 1146 quod
633 1063 790 1130 »ἕκαστον
810 1066 877 1130 τῶν
896 1063 1058 1145 Atatem,
1090 1060 1174 1152 ὅπερ
1196 1061 1243 1136 ai-

15 1151 159 1231 optimum
170 1160 257 1230 atque
268 1150 498 1230 pulcherrimum
506 1169 602 1212 unus·
650 1172 707 1230 χεν
729 1147 763 1213 ἐν
785 1145 891 1233 ἑαυτῷ
912 1148 1085 1216 κάλλιστον
1105 1152 1159 1216 καὶ
1186 1145 1244 1217 ἇν-

15 1236 142 1316 quisque
152 1233 315 1316 llorabot‘l,
332 1237 489 1296 conterunt
499 1235 529 1295 in
539 1253 603 1296 me·
653 1230 850 1334 θηρώτατον
865 1239 1164 1318 συνενεγκαμένους,
1188 1237 1243 1302 καὶ

15 1321 97 1381 dium
119 1326 175 1380 ete.
205 1317 296 1396 igitur
318 1339 354 1379 ex
375 1337 443 1380 aare
464 1318 604 1380 collatitio
653 1340 758 1382 ταυτα
773 1311 941 1402 ἁρμοδίως
956 1318 1156 1398 πλέξαντας,
1187 1321 1242 1386 καὶ

15 1404 107 1482 [quod
123 1403 215 1478 aiunt)
232 1402 261 1462 in
276 1395 423 1464 honorem
438 1411 467 1464 et
481 1403 605 1482 gloriam
656 1397 804 1483 ἐμμελῶς
850 1399 1036 1480 ἑνώσαντας
1077 1403 1244 1489 προβαλέ-

14 1487 126 1567 patris,
163 1485 392 1565 pulcherrimum
426 1487 604 1549 Pleromatis
657 1489 743 1550 σθαι
762 1482 983 1570 προβλήματα
1003 1486 1050 1564 εἷς
1070 1485 1168 1589 τιμὴν
1188 1489 1242 1554 καὶ

15 1571 118 1654 sidus·
140 1571 326 1650 iunctumque
341 1572 503 1649 perieulum
519 1590 603 1632 oom-
657 1567 755 1647 δόξαν
792 1572 851 1634 τοῦ
881 1572 998 1653 ’βυθοῦ
1037 1571 1244 1638 τελειοτατον

15 1657 154 1734 pingunt,
176 1655 284 1728 iesum,
306 1674 373 1716 eum
395 1655 606 1732 cognominant
655 1650 775 1730 κάλλος
794 1678 831 1720 τε
850 1655 904 1719 καὶ
929 1651 1050 1740 ἄστρον
1077 1657 1137 1720 τοῦ
1157 1657 1243 1743 πλη-

15 1741 162 1812 Soterem,
175 1749 205 1800 et
216 1740 377 1810 Uiriatum,
391 1749 421 1801 et
432 1739 606 1802 Sermonem
656 1735 809 1822 ρώματσς
828 1738 953 1804 τέλειον
973 1737 1101 1824 καρπὸν
1115 1737 1173 1805 τὸν
1185 1736 1245 1827 ’1η-

16 1827 53 1888 de
74 1821 246 1905 parauisset,
269 1831 297 1883 et
317 1829 417 1886 omnio
432 1823 500 1896 iam,
522 1831 555 1883 ut
570 1842 605 1884 ex
657 1823 746 1899 σοῦν,
778 1817 818 1887 ὃν
838 1825 892 1887 κα1
914 1826 1053 1926 Σωτῆρα
1079 1846 1244 1910 προςαμο-

17 1907 151 1968 omnium
181 1907 376 1968 deiioratione
402 1915 606 1969 eonstruotum
656 1907 818 1991 ρευθῆναι
842 1909 1053 1990 καὶΧριστσν
1067 1906 1259 1994 καὶΛόγον’

16 2001 75 2054 etc.
114 1991 152 2053 Ut
170 1999 268 2053 autem
294 2001 408 2053 tantum
436 1991 607 2072 sigillarium
658 1994 928 2074 πατρωνυμικῶς,
955 1993 1008 2057 καὶ
1031 1989 1137 2072 (κατὰ)
1159 1991 1246 2059 πάν-

16 2075 543 2155 extrinseeuaquoqueinornassent,
556 2095 608 2138 so-
658 2096 715 2152 τα,
747 2072 804 2140 διὰ
829 2073 868 2140 τὸ
893 2069 963 2140 ἀπὸ
988 2073 1123 2142 πάντων
1150 2071 1244 2144 εἶναι.

18 2160 150 2225 teiiitea⁸
171 2159 198 2220 ei
220 2160 341 2238 angelos
356 2161 520 2239 proterunt
551 2160 608 2222 Par
659 2157 864 2245 δορυφόρους
889 2183 926 2225 τε
952 2152 1130 2239 αἰτιῶν-εἷς
1149 2160 1246 2248 τιμὴν

17 2263 114 2323 genus
129 2243 215 2305 οιαὶ.
657 2239 716 2327 τὴν
745 2237 854 2308 αὐτῶν
884 2237 1051 2328 ὁμογενεῖς
1073 2239 1248 2330 Ἀγγέλους
1271 2319 1272 2323 ρ

659 2328 981 2414 συμπροβεβλῆσθαι
994 2329 1061 2394 κτλ.
1144 2343 1153 2353 ·

258 2463 292 2515 Ca
311 2495 318 2514 .
337 2461 377 2514 11.
905 2465 936 2516 Ca
956 2465 1005 2516 .1.

64 2563 194 2642 Namque
224 2477 411 2642 Entdymesis
446 2561 507 2624 sive
537 2561 608 2625 ium*
644 2625 651 2636 ,
705 2560 773 2646 θὴν
790 2480 987 2648 Ἐνθυμηιξιν
1012 2565 1071 2648 τῆς
1094 2559 1163 2628 ἄνω
1183 2568 1249 2628 Σο-

16 2647 200 2720 dehamotb,
227 2647 306 2726 quod
328 2646 434 2708 abhinc
454 2646 607 2724 scriptum,
634 2679 637 2686 ⁴
660 2651 751 2794 Ξίας,
774 2641 812 2730 ἣν
831 2641 1246 2747 καὶἈχαμὼθριαΙλσῦσιν,

16 2735 80 2793 boe
93 2731 157 2792 solo
173 2730 418 2810 ininterpretabili
430 2728 561 2804 nomine,
575 2739 609 2792 ut
682 2734 907 2832 φορισθεῖσαν
928 2731 986 2794 τοῦ
1007 2729 1246 2878 Πληρωματσς,
1277 2774 1282 2782 -

16 2835 87 2878 curn
128 2815 198 2876 vitio
232 2814 400 2876 individuae
426 2813 608 2894 passionis*
659 2814 777 2897 σοντῷ
788 2809 905 2890 πάθει,
922 2813 1071 2896 λέγουσιν
1099 2822 1247 2893 νσκιαῒς,

16 2899 150 2981 exploso
169 2900 241 2972 est¹,
267 2899 297 2959 in
317 2897 382 2960 inea
397 2897 518 2958 luminis
534 2897 609 2958 alia-'
658 2897 712 2962 xci
733 2893 920 2977 κενώματος
934 2894 1063 2972 τόποις.
1094 2895 1249 2998 ἐκβεβρά-

17 2997 87 3046 na¹¹¹
107 2983 187 3063 quod
209 2982 440 3063 pleromatis
461 2999 511 3042 res
527 2989 609 3056 est¹¹,
662 2986 749 3048 σθαι
762 2977 845 3045 κατὰ
860 2973 1009 3065 ἀνάγκην,
1027 2978 1088 3058 ἔξω
1103 3004 1164 3065 γαρ
1176 3004 1250 3067 φω-

17 3071 47 3130 in
74 3087 196 3129 vacuum
217 3075 304 3145 atque
329 3066 415 3128 inane
439 3065 517 3127 iilud
537 3065 611 3146 Bpa'-
661 3061 719 3142 τὸς
754 3063 897 3149 ἐγένετο,
934 3065 988 3129 καὶ
1012 3063 1255 3149 -Πληρώματσς

17 3156 119 3222 nam'0,
140 3149 318 3212 miserabilis
334 3150 412 3211 enim
428 3149 464 3211 da
480 3151 545 3210 loeo
560 3169 610 3212 res
662 3145 829 3232 ἄμορφος,
860 3149 914 3212 καὶ
945 3141 1107 3228 ἆνείδεσς,
1124 3144 1248 3234 ’ὥςπερ

17 3246 79 3302 est.
101 3234 610 3310 Certeneoiormaneoiaciosuila;
662 3231 820 3317 ἔκτριυμα,
843 3229 900 3298 διὰ
919 3229 958 3296 τὸ
977 3231 1079 3318 μηδὲν
1100 3231 1251 3319 κατειλη-

18 3408 86 3458 idern
99 3405 195 3468 longam
208 3404 344 3454 irrisionem
358 3403 388 3453 da
407 3405 485 3454 nautia
504 3413 527 3454 et
544 3419 610 3468 syro·
662 3405 722 3454 ioter
746 3404 1044 3468 satellites-coaequales?
1079 3401 1141 3453 illud
1169 3405 1248 3453 inveni

18 3473 87 3524 boiis
107 3481 239 3522 nautarum.
264 3471 333 3529 erod
353 3485 428 3533 genua
445 3472 567 3522 scribendi
586 3473 610 3522 in
662 3478 699 3522 est
717 3471 843 3536 scriptoris
861 3471 990 3533 reiugiom,
1008 3470 1049 3536 qui
1068 3470 1248 3531 noninteiiigo-

20 3557 47 3594 re
68 3540 182 3590 historica
201 3548 240 3589 eat
257 3553 342 3602 parom
361 3539 610 3604 imgiierurnautop-
662 3539 711 3589 bat.
746 3539 860 3589 irenaeus
880 3539 951 3588 habat
969 3545 1044 3588 totum
1064 3546 1136 3601 caput
1153 3539 1251 3586 tortium

18 3615 171 3676 ρστῑοοοιος
190 3607 418 3670 adeoomoiaquasi
437 3608 504 3656 tomo
524 3617 548 3658 at
565 3621 610 3657 ua·
662 3607 730 3657 cuius
749 3607 772 3656 in
782 3605 932 3657 Tertulliano
951 3613 1042 3656 tautum
1062 3604 1251 3655 estbreuisaima

21 3675 79 3728 buia
99 3673 286 3724 oreootonmr.
663 3675 767 3738 epitoma
786 3687 839 3736 cap.
862 3672 899 3722 13.

58 3759 78 3792 c.
100 3743 164 3790 liaeo
187 3753 287 3802 graeca:
316 3737 365 3788 τοῦ
389 3731 496 3804 πατρὸς
518 3730 611 3787 abor
695 3741 711 3788 i.
730 3755 797 3803 quom
816 3746 845 3798 et,
872 3729 905 3797 ἣν
921 3733 977 3793 aeui,
997 3737 1129 3796 describit,
1153 3737 1199 3784 lom
1218 3757 1251 3770 -·

21 3800 362 3872 συνιπισφραγιζομένοο,
385 3807 467 3856 omisit
482 3806 554 3855 aliam
573 3807 612 3856 in·
663 3807 944 3870 quodobtalooserlptam,
964 3805 1028 3854 clara
1044 3803 1149 3852 ostendit
1166 3809 1250 3851 auoto-

23 3887 120 3938 terpres
139 3873 239 3922 irenaei.
663 3886 715 3921 rem
740 3886 798 3936 praa
823 3870 900 3920 oculis
926 3871 1040 3935 babuisse
1066 3883 1151 3930 graeca
1177 3868 1251 3930 baec;

60 3942 83 3991 d.
101 3941 212 4000 lloredoi,
241 3928 451 4001 ἀνθηρότατον.
500 3935 611 3986 cetarum
663 3939 728 4002 quod
756 3946 835 3988 aotam
862 3946 932 3999 negat
949 3953 977 3988 sa
995 3935 1148 3998 interpretari
1168 3947 1273 3997 possa„

24 4008 113 4074 partim
132 4007 219 4074 omittit
230 4004 403 4066 Tertullianus,
421 4003 508 4068 partito
521 4003 614 4054 ludicra
663 4005 813 4056 demonstrat
831 4006 895 4070 qood
920 4005 955 4055 uir
979 4004 1062 4054 ieviter
1081 4004 1125 4053 bas
1143 4016 1182 4050 rea
1201 4009 1251 4052 tra·

24 4091 70 4126 sua
88 4074 161 4123 addit
663 4071 778 4122 curarint
795 4071 920 4122 Catholici.
1007 4095 1018 4114 ·

60 4157 80 4191 a.
100 4131 213 4204 ἄστρον,
239 4140 286 4189 iam
304 4139 414 4203 sequitur
439 4153 524 4202 graeca
541 4151 613 4202 pres·
694 4138 724 4253 13
740 4139 799 4188 Taso
810 4139 892 4190 multis
910 4137 989 4187 sarbia
1008 4135 1131 4196 describit,
1151 4129 1201 4183 σὺν
1212 4131 1251 4200 τᾷ

25 4211 85 4261 aius.
663 4218 703 4254 σα
724 4218 756 4254 ει.

60 4279 78 4328 1.
97 4278 126 4326 de
140 4276 259 4339 ραιταίιιι,
282 4287 367 4336 graece
384 4269 609 4341 πατρωνυμιιινῖς.
697 4273 713 4322 Ι.
732 4273 791 4322 nodi
802 4271 919 4320 debebat:
938 4269 1252 4335 e(auperiorllpierooacla,·

61 4359 84 4407 ς.
102 4343 144 4392 Sic
162 4349 185 4390 at
203 4341 322 4404 interpres
340 4341 441 4390 irenaei.
663 4338 772 4403 explosa,
790 4329 981 4402 ἐκβεβράσθαι.
1122 4395 1129 4413 Ι
1216 4389 1223 4396 ,

61 4412 85 4462 b.
104 4408 207 4460 Tertuii.
226 4409 300 4458 multa
318 4409 365 4456 iam
384 4409 414 4458 de
432 4422 477 4457 auo
495 4408 569 4466 addit,
587 4415 613 4456 ut
698 4421 730 4456 ro.
750 4407 790 4456 Sic
808 4405 938 4456 describit:
955 4398 985 4452 ἐν
1002 4401 1080 4456 σκιᾶς
1097 4415 1200 4455 ποσσις.

27 4480 134 4530 irrideat.
170 4477 235 4526 inter
253 4475 294 4526 illa
311 4477 383 4525 attam
402 4475 461 4525 baec
479 4475 563 4524 babet:
591 4477 614 4524 si
699 4488 722 4523 n.
741 4475 848 4524 Sensus:
873 4475 935 4537 quod
952 4473 1027 4522 loures
1044 4481 1090 4521 eto.
1119 4471 1145 4520 ln
1163 4483 1251 4532 graeco

26 4563 80 4597 cero
99 4543 392 4597 Soteri'coasudstootioos
420 4542 536 4605 (condique
553 4544 613 4592 enim
665 4555 721 4592 raro
740 4541 809 4590 aliter
827 4539 907 4588 babet.

23 4615 128 4680 posim
149 4613 244 4674 inveni),
272 4625 332 4676 qaue
356 4613 399 4661 erit
417 4612 540 4660 anatomia
563 4611 613 4660 ιιίιι
699 4622 723 4660 o.
740 4607 775 4659 lle
794 4617 846 4658 suc
857 4606 923 4658 addit
941 4611 964 4656 at
982 4605 1051 4657 ridet.
1136 4623 1141 4632 ·
