3082 5238
265 357 328 422 584
350 372 388 414 os
403 369 478 414 vem
491 367 605 410 sarire
620 369 656 410 so
669 367 817 410 ooorsuu
831 367 1017 414 mmrrorors
1031 367 1229 412 rraromnun
1243 341 1426 414 omrorirro

265 527 389 615 quartos
411 515 478 580 trib.
503 524 569 612 pot.
592 517 683 580 Cetae
711 516 811 578 medio
839 535 867 578 a.
889 513 985 612 CCXI.
1014 516 1123 580 merito
1150 515 1240 578 debet
1264 517 1443 598 adsignare
1476 539 1492 582 a

263 601 596 764 tntttsttt
612 600 1492 778 liblffitillil‘f'lgifftll‘ig'fflss

263 781 309 867 ret
330 779 360 849 pt
381 770 454 843 hoc,
486 768 596 830 librum
617 767 791 829 Tertulliani
813 767 850 828 de
871 765 963 828 Pallio
985 767 1084 828 medio
1113 767 1177 830 eius
1199 769 1268 830 anni
1291 787 1364 830 esse
1388 789 1491 832 meao-

262 867 377 916 trorem
1182 877 1187 882 ·

792 1021 822 1094 a.
851 963 983 1080 xxxts

345 1138 404 1198 Sed
426 1155 493 1198 cunt
515 1133 679 1196 accuratior
701 1133 769 1194 anni
792 1133 874 1206 eius,
908 1151 967 1212 quo
990 1131 1119 1212 scriptus
1149 1133 1197 1193 lrie
1217 1133 1294 1194 liber
1315 1144 1385 1207 oet,
1423 1137 1493 1197 ratio

260 1221 441 1302 postuletur,
464 1219 514 1298 qui
529 1219 587 1278 ista
602 1216 739 1279 subtilius
761 1217 921 1290 dissemnt,
943 1217 1062 1289 abeunt,
1085 1226 1225 1294 quanmm
1247 1217 1349 1288 rideo,
1375 1218 1410 1278 In
1436 1239 1494 1280 eam

170 1353 174 1360 .
261 1305 453 1374 sententiam,
487 1311 521 1364 nt
548 1301 578 1362 in
600 1319 709 1362 annum
733 1299 829 1362 CCXI.
853 1319 919 1361 eum
943 1300 1158 1362 coniiciendmn
1180 1300 1379 1362 arbitrentur.
1421 1303 1494 1364 Itrbil

261 1388 341 1451 enim
369 1396 485 1448 ceteros
513 1402 680 1458 moramur,
717 1385 768 1463 qui
796 1402 901 1445 versus
930 1385 1019 1444 linem
1047 1383 1163 1464 imperii
1192 1385 1293 1445 Severi
1324 1385 1390 1446 boc
1422 1406 1493 1465 opas

261 1479 410 1534 exaratum
437 1470 531 1547 magis
564 1469 701 1530 tmiverse
732 1468 940 1547 pronunciant.
984 1468 1043 1528 Sed
1071 1468 1121 1545 qui
1150 1468 1244 1546 magis
1274 1487 1344 1530 eam
1369 1487 1441 1529 rem
1462 1471 1492 1529 ad

261 1554 450 1619 subtilitatem
473 1552 712 1630 chronologicam
734 1560 908 1629 exegerunt.
942 1551 1021 1612 Sam.
1044 1551 1235 1631 basnagius¹²
1266 1561 1297 1612 et
1325 1553 1383 1631 qui
1416 1553 1492 1612 illum

261 1640 403 1718 requitur,
426 1639 497 1698 Ven.
521 1635 759 1714 Gottingensium
782 1635 972 1706 Walchiusr,
996 1635 1035 1707 hi,
1059 1635 1189 1714 iuquam,
1213 1653 1335 1714 eoquo
1362 1635 1491 1698 diximus

259 1742 337 1784 anno
360 1721 503 1801 scriptum
524 1720 603 1781 bunc
624 1717 730 1780 libmm
753 1736 822 1780 esse
845 1719 1024 1788 decernunt;
1061 1726 1130 1780 sont
1151 1719 1230 1779 enim
1251 1719 1411 1796 quaedam
1434 1722 1490 1781 eius

258 1807 327 1868 libri
348 1805 556 1868 similitudines
579 1821 644 1864 eum
666 1802 755 1864 rebus
783 1821 908 1880 quarum
934 1801 982 1862 bic
1004 1801 1202 1862 Tertullianus
1230 1803 1428 1864 mentionem
1450 1805 1491 1864 io-

259 1891 337 1951 iecit
380 1889 489 1948 Verum
523 1888 578 1948 ista
605 1905 639 1947 re
666 1885 822 1965 diligenter
845 1885 1024 1958 examinata,
1046 1886 1119 1947 milri
1141 1886 1255 1947 animus
1277 1886 1383 1965 magis
1409 1889 1490 1948 indi-
1524 1897 1525 1904 ’

258 1973 338 2036 navit
359 1974 388 2033 in
411 1991 477 2034 eam
498 1977 686 2042 sententiam,
708 1971 789 2048 quod
810 1969 868 2030 iste
888 1969 1004 2031 libellos
1027 1969 1066 2030 sit
1087 1971 1148 2030 lere
1163 1971 1199 2030 ad
1214 1970 1303 2030 mem
1320 1989 1351 2030 a.
1370 1971 1490 2032 cestu.

259 2057 454 2135 compositus.
498 2055 593 2126 Quom
617 2053 654 2114 ob
678 2071 757 2126 rem,
786 2071 858 2132 pace
880 2053 1045 2114 venerandi
1068 2053 1145 2126 Viri,
1174 2071 1260 2132 quem
1285 2071 1385 2132 spero
1412 2056 1489 2116 Iac-ile

242 2131 372 2201 'veniam
395 2140 531 2201 daturum
554 2155 621 2198 esse
643 2135 756 2196 bomini
779 2137 906 2216 ingenuo
934 2155 1096 2214 rerumque
1118 2135 1184 2197 sine
1206 2136 1264 2197 ulla
1290 2139 1488 2198 contentione

258 2225 391 2285 Invenire
411 2221 532 2292 volenti,
555 2239 589 2280 ea
611 2219 760 2299 explicabo
782 2220 970 2294 brevissIme,
993 2239 1067 2298 quae
1091 2229 1291 2292 memorent,
1314 2229 1355 2282 nt
1378 2223 1420 2282 de
1442 2243 1487 2282 re

261 2307 348 2368 ritate
371 2306 435 2366 eius
460 2303 624 2364 sententiae
646 2303 844 2371 subdubitem,
868 2322 999 2383 quaeque
1014 2305 1050 2364 ad
1066 2322 1140 2375 eam,
1165 2322 1252 2382 mam
1275 2303 1359 2366 obiri
1376 2306 1488 2367 sellem.

258 2388 521 2452 commendandam
543 2389 637 2448 Iacere
658 2388 755 2465 aliquo
777 2387 867 2448 modo
890 2387 1035 2448 ridentur.
1065 2385 1205 2448 Videlicet
1225 2388 1284 2447 ista
1304 2407 1405 2450 secors
1423 2409 1487 2450 sen-

257 2473 394 2535 tientium
417 2471 518 2551 opinio
540 2471 677 2533 universa
700 2471 825 2532 ellicitur
847 2471 1038 2532 similitudine
1054 2489 1169 2543 eorum,
1191 2489 1266 2548 qnae
1282 2471 1487 2534 Tertullianus

257 2556 363 2630 babet,
397 2573 464 2617 cum
485 2553 539 2628 iis,
572 2573 647 2634 quae
669 2555 780 2616 sumus
802 2555 861 2616 isto
885 2573 962 2616 anno
985 2553 1080 2616 CCXI.
1104 2553 1275 2632 contigisse.
1322 2555 1390 2616 Sed
1416 2555 1488 2618 istud

257 2639 376 2720 quidem
404 2648 608 2718 argumentum
638 2637 755 2700 tametsi
783 2657 843 2700 non
872 2639 1005 2699 rideatur
1026 2638 1238 2717 repudiandum
1261 2657 1317 2716 per
1342 2659 1398 2712 se,
1434 2659 1487 2700 noo

257 2732 354 2786 tamen
377 2724 516 2794 multum,
539 2723 662 2802 opinor,
685 2721 830 2784 firmitatis
853 2721 956 2794 habet,
980 2721 1005 2782 si
1028 2721 1129 2782 eadem
1153 2720 1314 2802 similitudo
1342 2741 1394 2794 ea,
1420 2743 1487 2802 qtae

256 2808 464 2870 aTertuIIiaoo
488 2805 565 2870 dicta
587 2813 667 2878 sunt,
689 2805 848 2866 intercedit
868 2824 933 2867 oum
957 2803 1006 2878 ils,
1029 2823 1103 2883 quae
1125 2805 1283 2866 extiterunt
1304 2823 1334 2866 a.
1354 2806 1487 2868 ccvttt.

257 2900 287 2953 et
308 2891 415 2952 amittit
434 2891 493 2952 mm
514 2889 659 2968 probandi
682 2906 811 2962 omnem,
843 2889 869 2949 si
891 2889 991 2968 possit
1013 2887 1131 2950 ostendi
1153 2907 1180 2948 a.
1203 2887 1299 2950 CCXI.
1324 2888 1422 2967 plane
1445 2891 1486 2950 di-

256 2993 343 3036 versa
374 2974 518 3036 accidisse
551 2971 587 3034 ab
620 2973 674 3044 iis,
712 2991 787 3052 quae
815 2971 842 3032 is
871 2971 901 3032 in
929 2971 1006 3032 libro
1029 2980 1133 3032 nostro
1155 2972 1330 3052 memoriae⁵
1342 2975 1487 3051 prodidit

257 3057 345 3131 Quod
366 3066 524 3136 utrumque
548 3057 595 3117 bio
616 3057 655 3116 lta
678 3075 712 3117 se
739 3073 866 3133 prorsus
894 3055 992 3117 habet
1036 3055 1125 3126 Nam,
1162 3061 1195 3116 ut
1226 3055 1262 3116 de
1293 3055 1359 3117 hoo
1394 3059 1486 3118 dicam

254 3143 351 3222 prImo
373 3141 451 3213 loco,
474 3158 539 3201 cum
562 3147 698 3201 nostrum
713 3139 842 3201 libellum
862 3139 968 3200 litteris
984 3139 1136 3200 mandaret
1149 3137 1366 3214 Tertullianus
1392 3143 1487 3204 stria

253 3225 312 3286 iarn
335 3223 456 3284 vacabat
476 3241 493 3284 a
514 3232 611 3285 terrae
632 3223 762 3292 motibus
785 3225 822 3294 (c.
839 3225 868 3286 2.
891 3223 1088 3302 p.133.t.):
1107 3225 1193 3302 pacis
1215 3233 1306 3284 oront
1331 3235 1363 3285 et
1386 3245 1485 3286 neae

254 3325 312 3368 noc
336 3311 414 3378 otio,
443 3307 479 3368 od
501 3310 628 3386 imperio
651 3319 680 3370 ct
702 3325 720 3368 o
742 3305 824 3369 coelo
848 3309 919 3369 benc
940 3319 1010 3368 erut
1031 3309 1069 3377 (c.
1096 3310 1147 3383 l.).
1192 3306 1248 3366 Sed
1272 3325 1309 3366 eo
1334 3316 1486 3388 tempore,

254 3407 314 3469 quo
336 3390 373 3450 ad
395 3389 548 3468 Scapulam
569 3390 744 3469 perscripsit
766 3408 809 3462 oa,
832 3389 940 3468 quibus
962 3389 1091 3451 animum
1114 3389 1179 3450 eius
1201 3399 1360 3452 revocaret
1384 3412 1404 3453 a
1422 3413 1486 3454 cro·

254 3471 372 3534 delitate
394 3474 535 3535 adversus
552 3472 747 3546 Christianos,
770 3474 850 3552 qnod
872 3475 933 3535 lere
954 3475 1061 3534 samum
1084 3482 1131 3534 est
1152 3493 1178 3534 a.
1196 3473 1302 3545 ccxl,
1327 3483 1366 3536 ut
1380 3487 1486 3554 poster

253 3556 442 3631 doeebImus,
464 3558 522 3619 iam
544 3567 612 3618 ante
634 3573 741 3618 annum
764 3557 923 3630 Imbribus,
952 3559 1036 3636 igne,
1060 3556 1243 3627 tonitrubus,
1266 3557 1394 3620 delectu
1419 3561 1486 3620 solis

254 3639 378 3720 aliisque
405 3639 555 3719 perterriti
579 3649 664 3702 erant
685 3641 822 3702 Africani.
868 3641 951 3713 Quae
979 3641 1078 3701 omnia
1106 3659 1173 3702 cum
1196 3639 1410 3704 Tertullianus
1436 3647 1485 3706 de-

252 3725 352 3786 lendat
372 3741 537 3802 poenarum
558 3722 653 3784 Instar
674 3725 766 3786 luisse
788 3725 912 3785 deorum
935 3723 1098 3785 cultoribus
1119 3731 1295 3804 propterea,
1331 3729 1425 3804 quod
1447 3736 1486 3790 tot

251 3807 439 3870 miseriarum
472 3807 503 3868 in
533 3803 715 3868 Christianos
746 3806 882 3870 incendia
911 3808 1121 3881 excitaverant,
1158 3825 1282 3869 necesse
1316 3819 1370 3871 est
1406 3831 1485 3873 sane.

251 3892 340 3954 istam
369 3891 476 3952 borum
504 3891 688 3952 vexationem
717 3891 775 3952 iam
802 3909 898 3970 usque
925 3892 961 3954 ab
984 3892 1100 3971 integro
1129 3909 1207 3953 anno
1229 3892 1352 3954 durmin
1376 3895 1483 3958 misse

250 3975 311 4054 Age
333 3974 423 4054 Igitur
445 3975 490 4036 lac
511 3993 537 4036 a.
560 3973 655 4035 CCXI.
679 3974 823 4056 scriptum
845 3993 912 4036 esse
934 3975 971 4036 de
991 3975 1083 4037 Pallio
1105 3975 1247 4046 libellum,
1270 3993 1379 4038 nonne
1408 3979 1483 4040 Ter·

250 4059 389 4120 tollianus
411 4056 571 4137 pugnantia
593 4057 732 4137 quuitur,
756 4057 806 4137 qui
829 4057 924 4120 eidem
947 4058 1073 4138 tempori
1095 4069 1125 4119 et
1146 4077 1294 4120 summum
1316 4065 1483 4142 prosperi·

250 4149 338 4202 tatem
362 4149 391 4202 et
412 4141 592 4203 calamitates
615 4141 805 4219 gravissimas
827 4140 951 4203 tribuit?
994 4143 1087 4221 Atque
1109 4141 1158 4204 bio
1185 4161 1240 4220 ego
1262 4161 1326 4203 non
1351 4145 1484 4208 inficior.

250 4225 307 4284 dici
330 4224 452 4285 forsitan
467 4243 570 4304 posse,
592 4225 672 4304 quod
694 4225 741 4285 bis
764 4225 975 4287 calamitatibus
997 4226 1210 4304 aliquantisper
1223 4227 1367 4288 remissis
1384 4232 1485 4309 quieta

250 4307 334 4388 quasi
360 4325 394 4368 ao
421 4309 574 4389 tranquilla
602 4308 754 4371 interiecta
776 4309 928 4370 intervalla
950 4309 1069 4371 luerint.
1113 4308 1172 4370 Sed
1202 4327 1267 4370 cum
1290 4313 1416 4376 veteris
1440 4315 1483 4375 bi·

284 4489 307 4538 p.
327 4475 353 4524 u
371 4476 503 4527 retortu.
522 4478 835 4530 sottum-metentium.
921 4493 945 4541 q.
962 4461 996 4526 'tn
1014 4479 1200 4543 terrenaeque
1219 4478 1287 4528 ratio
1307 4479 1485 4550 ontimana

248 4542 317 4592 Tom.
337 4543 364 4592 ll.
384 4557 408 4608 p.
427 4541 485 4620 ²¹⁷:
883 4545 994 4596 Tmaram
1013 4546 1205 4598 Christianorum
1223 4561 1248 4610 p.
1265 4543 1316 4596 stt
1339 4564 1382 4616 sq.
