3122 5250
545 395 679 442 lucrans
699 395 759 442 mc.
781 395 819 440 uu
840 395 968 440 nonnus.
1302 381 1362 447 ast

143 550 267 632 probro
294 549 462 620 ducerent·
473 565 568 628 pauor
593 549 626 612 id
653 548 805 611 loeuuum
830 565 894 610 uos
914 548 1001 612 modu
1023 547 1142 610 lucore
1160 551 1268 611 muium
1289 549 1365 614 reii-

191 650 281 697 orum
303 651 418 706 cerere,
446 633 499 696 sed
518 638 606 696 erema
627 633 711 696 tribu
730 637 848 695 moueri
865 635 1020 695 notatione
1042 635 1180 694 censurio
1200 633 1367 699 voluerum

150 653 286 798 ddugust
307 717 358 779 lib.
379 717 417 780 11.
439 717 477 779 de
498 716 582 780 Cirit
604 717 657 779 liei
679 735 741 796 cap.
760 719 832 793 13.).
863 716 958 790 Quam
980 716 1099 796 quidem
1121 715 1271 781 Ciceronis
1292 739 1364 782 sen-

149 803 282 878 tentiam,
304 803 343 864 ita
365 802 491 875 citatam,
513 801 562 864 bis
583 801 682 864 laudat
694 801 857 881 probatque
873 800 1121 880 subsequentibus
1135 801 1247 864 verbis:
1271 804 1366 868 Proe-

149 888 237 950 eiuru
263 905 337 949 eoae
364 897 393 950 et
415 887 554 950 laudibus
575 886 719 950 llmuouis
739 887 970 949 annumerando
987 887 1161 968 prudmn'o,
1189 889 1241 950 sed
1260 889 1367 953 uellem

149 991 183 1035 se
204 977 273 1053 spru
293 982 478 1052 resumetur,
500 975 736 1035 coenitaretur.

144 1071 149 1078 ·
235 1056 291 1118 lliu
318 1056 416 1140 itaque
446 1055 574 1136 optimae
595 1055 662 1118 illae
682 1055 763 1134 leges
785 1072 847 1116 non
867 1055 1031 1133 viguemnt
1073 1055 1146 1117 Nam
1168 1055 1366 1120 Tertullianus

148 1141 286 1202 ethnicos
315 1141 355 1202 ita
382 1140 543 1204 insectatus
571 1149 631 1202 est:
671 1139 758 1202 Video
787 1151 815 1203 et
843 1139 964 1202 tireotru
990 1157 1045 1202 uec
1065 1139 1187 1221 sinpulu
1207 1159 1262 1204 uec
1282 1143 1367 1205 nudo

148 1219 335 1300 (Tertullian.
357 1225 510 1305 Apologet.
532 1243 594 1305 cap.
617 1227 677 1301 6.):
714 1241 775 1285 non
808 1224 922 1304 singula
951 1223 1079 1303 quidem,
1114 1224 1181 1304 quia
1213 1225 1365 1306 prioribus

148 1309 262 1372 eversis
288 1309 376 1388 longe
403 1308 485 1388 plura
507 1309 616 1389 ubique
636 1317 782 1371 terramm
804 1316 1017 1370 exstruxerant.
1059 1307 1177 1372 Addidit
1194 1327 1251 1372 uec
1272 1312 1364 1386 audo,

148 1395 291 1474 quoniam
314 1392 449 1456 solebant
469 1393 537 1457 illuc
557 1412 617 1456 non
631 1401 713 1456 veste
728 1393 886 1466 communi,
909 1393 962 1454 sed
976 1392 1082 1471 penula
1096 1392 1191 1456 induti
1206 1395 1366 1458 confluere.

148 1477 196 1540 Ne
224 1479 302 1540 enim
324 1479 373 1542 osi
401 1479 502 1554 bieaue,
531 1478 635 1557 inquit,
666 1477 806 1560 uoluptas
827 1480 977 1560 inpudico
997 1479 1133 1558 stiparet,
1158 1482 1255 1559 primi
1273 1479 1365 1544 luce·

149 1565 303 1627 daemonii
335 1565 436 1626 odium
465 1561 594 1641 pmuloe
627 1563 706 1626 ludis
741 1566 994 1646 excapitaverunt.
1037 1563 1071 1624 ln
1099 1562 1237 1625 omnibus
1267 1571 1365 1626 autern

147 1647 360 1727 manuscriptis
390 1656 421 1709 et
447 1654 515 1709 ante
536 1646 692 1726 Rigaltium
715 1646 829 1709 exorsis
851 1645 1002 1709 codicibus
1024 1665 1084 1708 non
1106 1649 1206 1711 odium
1225 1647 1364 1728 penulae,

149 1733 205 1796 sed
228 1732 400 1811 simpliciter
416 1731 560 1812 pmulum
579 1731 713 1811 legimus.
755 1731 789 1793 ln
811 1730 947 1793 obscuris
972 1749 1043 1793 vero
1065 1749 1100 1793 ac
1119 1733 1197 1794 lorte
1219 1735 1365 1813 corruptis

148 1817 234 1880 bisce
255 1817 353 1880 verbis
375 1816 553 1896 explicandis
575 1833 661 1878 suum
683 1816 790 1878 emditi
811 1815 960 1896 ingenium
981 1834 1042 1877 non
1063 1834 1166 1895 parum
1189 1835 1261 1880 sane
1276 1837 1364 1880 exer-

149 1911 284 1964 cuerumt
327 1901 472 1963 Heraldus
499 1899 579 1962 enim
604 1909 688 1981 putat
713 1901 751 1963 iis
777 1901 903 1962 forsitan
922 1900 1083 1980 significari
1114 1901 1250 1980 penulam
1277 1921 1364 1983 quarn

148 1986 284 2048 mcendis
305 1986 412 2066 pluviis
432 1985 696 2048 Lacedaemonium
716 1985 855 2065 belligera
876 2003 948 2064 gens
971 1985 1223 2065 ermgitaverata
1251 1987 1363 2050 Roma-

147 2072 198 2133 nis
219 2071 256 2132 ad
277 2071 364 2133 ludos
385 2070 543 2151 patientius
566 2070 743 2151 spectandos
764 2070 858 2132 luisse
880 2070 1046 2132 adhibitam.
1076 2070 1182 2132 Verum
1205 2070 1363 2134 Tertullia-

147 2174 208 2219 nus
230 2156 309 2217 illam
330 2173 393 2217 non
413 2155 502 2216 modo
523 2154 560 2216 ad
581 2173 669 2216 usum
690 2155 855 2228 militarem,
878 2155 931 2216 sed
953 2155 988 2216 ad
1003 2154 1091 2216 ludos
1107 2155 1194 2218 etiam
1209 2156 1245 2217 ab
1260 2155 1365 2219 iisdem
1426 2185 1432 2194 ·

147 2239 393 2304 Lacedaemoniis
415 2239 561 2301 inventam
583 2239 656 2302 satis
678 2247 779 2318 aperte
801 2239 936 2301 declarat
979 2239 1122 2319 Rigaltius
1143 2258 1214 2302 vero
1229 2242 1364 2322 suspica-

148 2334 200 2387 tur
221 2325 303 2387 illum
324 2324 436 2387 bonico
456 2324 537 2403 loqui
559 2323 596 2386 de
617 2323 744 2404 penulis,
772 2331 875 2404 utpote
896 2323 1019 2386 nimium
1041 2324 1175 2403 gravibus
1198 2334 1227 2387 et
1247 2325 1364 2406 ponde-

148 2409 241 2484 rosis,
266 2427 341 2489 quae
364 2408 472 2470 idcirco
496 2407 596 2470 odium
616 2409 716 2489 potius
739 2427 826 2488 quam
847 2408 1025 2488 voluptatem
1047 2427 1146 2470 creare
1160 2411 1366 2492 poterantbt

148 2513 294 2576 quorsum
316 2493 513 2556 Tertullianus
539 2492 586 2554 bis
614 2493 712 2555 verbis
740 2492 840 2573 potius
868 2513 954 2573 quam
985 2491 1049 2556 aliis
1071 2501 1101 2555 et
1120 2495 1365 2573 praecedentibus

148 2587 181 2642 et
203 2578 454 2658 subsequentibus
477 2576 588 2639 ironice
609 2576 805 2658 loqueretur?

235 2663 312 2738 Quia
343 2663 432 2744 igitur
459 2661 654 2724 Tertullianus
688 2662 753 2724 sine
786 2661 880 2723 ironia
907 2668 937 2722 et
964 2661 1105 2723 affirmate
1132 2661 1213 2741 loqui
1240 2663 1365 2738 videtur,

148 2748 299 2811 existimat
329 2748 439 2810 idcirco
471 2746 625 2810 Ferrarius
658 2765 726 2807 eum
756 2745 798 2808 ibi
828 2745 970 2808 memoria
1005 2745 1120 2825 lapsum
1155 2765 1189 2807 ac
1220 2748 1366 2828 pertulum

145 2833 307 2914 scripsisse
328 2849 383 2912 pro
406 2832 608 2895 endromidem
628 2829 721 2906 (Ferr.
742 2829 822 2892 Part
837 2829 872 2890 ll.
895 2829 932 2892 de
954 2829 997 2890 lle
1018 2829 1097 2890 Vest
1120 2829 1169 2890 lib.
1185 2831 1220 2892 Π.
1237 2834 1363 2911 cap.l.)‚

146 2937 224 2999 quae
246 2935 347 2980 crassa
368 2917 456 2979 etiarn
478 2924 508 2977 et
529 2915 640 2977 hirsuta
660 2915 753 2976 restis
776 2921 839 2975 erat
860 2931 894 2975 ac
914 2913 1076 2993 palaestrae
1098 2913 1160 2974 sive
1181 2915 1280 2995 potius
1294 2921 1366 2994 post

145 3003 335 3084 palaestram,
363 3019 424 3063 non
451 3001 550 3062 minus
578 3018 664 3079 quarn
684 2999 792 3079 penula
813 2997 904 3059 utilis.
947 2997 980 3059 ln
1003 3015 1074 3059 suae
1095 3006 1192 3060 autem
1215 2999 1365 3079 opinionis

146 3087 403 3151 confirmationem
423 3085 497 3147 baec
516 3085 630 3164 profert
648 3082 788 3146 llartialis
810 3082 953 3144 carmina:

302 3171 390 3233 llouc
411 3171 467 3234 tabi
479 3169 662 3250 Sequanicae
678 3171 820 3249 piupuem
842 3169 980 3231 rectricis
1003 3165 1163 3240 alcusam,

284 3269 286 3274 ’
370 3255 454 3328 Quae
476 3254 735 3316 mceuamoumm
758 3251 889 3314 barbaro
906 3269 1014 3314 uomere
1037 3251 1132 3327 lubet,

303 3339 444 3417 Sordida,
467 3341 519 3402 sed
538 3337 635 3418 pelido
657 3356 720 3400 uos
740 3337 950 3416 adaperueodu
971 3335 1134 3408 Ilecmtbri,

365 3424 465 3498 bono,
484 3426 678 3505 pereprisum
697 3425 843 3484 mittimus
864 3422 1048 3493 eudromidc,

304 3508 364 3571 Seu
386 3509 499 3571 lautum
520 3525 638 3570 ceroma
659 3511 743 3578 teris,
767 3507 931 3587 tepidumve
952 3510 1082 3585 impono,

369 3591 438 3656 Siue
460 3593 606 3674 burpostu
624 3611 717 3654 muas
733 3590 950 3674 pulverulenta
970 3595 1067 3670 rupis.

819 3674 952 3752 (llartial.
974 3673 1025 3735 lib.
1047 3673 1093 3736 lv.
1116 3673 1215 3754 Epigr.
1240 3675 1302 3749 19.)

233 3762 344 3823 Verum
371 3759 445 3821 nibil
470 3777 594 3840 prorsus
616 3775 740 3822 necesse
759 3759 876 3822 ridetur
897 3776 1006 3820 nomen
1025 3758 1166 3838 penulae,
1189 3755 1268 3836 quod
1290 3773 1364 3816 con-

147 3855 264 3909 stanter
291 3845 323 3906 in
352 3843 490 3906 omnibus
517 3843 668 3906 codicibus
696 3841 811 3923 legitur,
839 3851 963 3924 propter
984 3843 1183 3905 coniecturam
1204 3841 1364 3902 immutari.

145 3931 277 3994 Dubium
300 3929 449 3991 enimvero
470 3929 581 3991 nemini
604 3945 670 3990 esse
691 3935 800 4007 potest,
821 3927 893 4007 qudo
915 3927 1038 3989 llonrani
1059 3923 1187 4005 penulati
1208 3923 1285 3985 ludis
1305 3941 1364 4003 pu-

145 4015 234 4078 blicis
256 4015 446 4076 interessent.
477 4013 576 4076 Testis
599 4011 744 4092 siquidem
758 4012 845 4078 uobis
859 4020 904 4074 est
918 4011 1078 4074 Suetonius
1095 4009 1214 4071 Galbam
1235 4008 1364 4088 impera-

147 4107 256 4178 torem„
273 4099 408 4172 iussisse,
436 4105 469 4160 ut
495 4097 537 4160 illi
565 4097 596 4160 in
624 4096 751 4177 quodam
783 4095 909 4158 solemni
931 4095 1095 4176 spectaculo
1117 4111 1224 4156 mcum
1242 4093 1365 4176 penulis

147 4189 343 4249 emouerent
364 4183 498 4260 (Sueten.
520 4182 551 4244 in
571 4181 635 4244 viu
644 4181 763 4245 «Galbae
784 4199 847 4261 cap.
870 4183 923 4257 6.).
958 4181 991 4242 ln
1013 4179 1116 4242 Dionis
1136 4195 1207 4239 uero
1228 4177 1366 4257 llpitome

145 4269 275 4349 legimus
291 4265 485 4332 Commodum
507 4267 715 4347 imperatorem
736 4265 924 4345 pmecepisse
945 4273 979 4326 ut
999 4265 1035 4326 ad
1057 4261 1191 4326 dunum
1212 4263 1291 4342 quod
1309 4263 1364 4324 de-

147 4353 193 4416 dit
230 4352 427 4434 gladiatorum
454 4368 562 4414 munus
595 4359 749 4414 senatores
777 4351 809 4411 in
837 4349 982 4412 theatrum
1009 4347 1156 4410 venirent:
1185 4341 1240 4410 'Tra
1267 4369 1304 4412 re
1323 4347 1365 4431 τῇ

147 4437 252 4523 στολῇ
274 4437 314 4522 τῇ
338 4431 464 4501 ἱππάδι
484 4436 537 4501 καὶ
560 4432 595 4500 ὲν
614 4441 690 4513 ταῖς
710 4428 870 4517 petiam
891 4429 938 4510 alc
958 4427 997 4496 τὸ
1018 4433 1161 4516 θέατρον
1176 4429 1364 4497 elucidata:

147 4522 295 4604 Equester·
314 4531 396 4584 ueste
418 4531 446 4584 et
463 4520 578 4603 pesulo
599 4523 720 4584 indutos
741 4522 843 4582 uenire
857 4523 890 4580 iu
904 4519 1055 4581 theutrum
1067 4521 1158 4581 iussit
1177 4517 1365 4598 (Epitllion.

146 4605 268 4672 inlita
290 4605 445 4682 commodi
464 4625 495 4689 p.
517 4608 614 4685 tib).
658 4605 724 4679 uuo
750 4603 869 4708 qiddem
882 4610 997 4698 ¹ornatu
1017 4621 1166 4686 nunquam
1187 4611 1275 4666 antea
1292 4599 1367 4664 illud
