3144 5236
486 349 621 404 taurona
643 347 702 394 arc.
725 349 762 394 ιι
783 349 912 396 ιιιιιιιιιι.
1252 337 1311 402 llil

91 505 145 563 erit
164 511 193 562 et
214 503 311 562 aaut
330 502 429 563 diuini
448 511 478 562 et
500 499 626 562 demoni
646 501 819 582 differenda
847 503 903 564 sud
925 503 1030 564 iisdem
1050 503 1122 566 licet
1142 507 1315 568 uomieilus

91 586 305 655 umbrorum,
338 603 414 666 ques
436 595 498 646 tant
519 591 734 665 complanabo
757 587 853 665 efficit
875 591 907 648 iu
930 587 1048 649 bomine
1069 591 1313 669 eormptililitee

92 671 275 732 substantiae
296 670 453 742 humanae,
482 687 570 750 qaam
592 674 840 750 incorruptorios
861 672 979 733 iollae
1003 672 1101 753 officit
1121 675 1314 753 incorrupti·

93 755 184 816 bilitas
206 755 399 816 substantioe
420 755 548 814 diuinae.

166 837 308 900 Petnvias
329 837 428 916 itaque
449 837 518 899 inde
533 837 643 916 colligit
657 837 870 900 Tertullianum
890 838 1104 902 existimavisse
1119 849 1179 902 mm
1193 841 1224 903 in
1238 841 1313 916 lleo,

91 941 170 999 quam
193 922 228 982 iu
252 921 373 982 bomine
402 941 470 982 esse
497 939 624 999 eorpus,
656 922 903 1000 quemadmodum
930 923 1094 1002 passiones
1109 925 1171 986 sive
1193 943 1339 1000 seusun·

90 1014 182 1068 motus
207 1012 240 1066 et
261 1006 400 1076 affectus,
433 1006 485 1065 sed
514 1023 550 1065 eo
578 1005 767 1077 discrimine,
802 1007 881 1086 quod
909 1008 940 1066 in
968 1008 1088 1069 bomine
1112 1013 1312 1090 corruptorii,

91 1091 117 1151 in
147 1089 211 1150 lleo
246 1096 343 1150 autem
376 1093 603 1170 t'ueorruptorii
632 1089 700 1150 sint.
744 1089 824 1151 Nihil
851 1107 921 1169 ergo
948 1100 1102 1170 repugnat,
1136 1092 1232 1171 inquit
1253 1093 1312 1167 ille,
1428 1153 1433 1158 .

91 1174 246 1253 quominus
268 1181 365 1235 stante
394 1173 564 1235 Tertulliani
593 1173 733 1252 opinione
765 1175 844 1236 Deus
873 1173 978 1236 habeat
999 1195 1118 1254 eorpus,
1151 1176 1230 1254 quod
1252 1195 1313 1237 non

89 1258 230 1337 possibile
250 1257 388 1336 quidem,
422 1258 475 1319 sed
502 1262 767 1337 incorruptorium
795 1277 865 1319 essu
886 1259 1042 1337 putaverit.
1093 1261 1131 1320 lt
1163 1261 1313 1340 expendas

90 1341 180 1414 adim,
205 1351 306 1403 utrum
328 1339 468 1402 Petavius
481 1350 672 1421 perspectum
693 1343 816 1404 omnino
838 1341 1054 1420 habueritque
1076 1361 1168 1405 sensu
1191 1342 1312 1406 Tertul-

91 1427 178 1488 lianus
201 1426 350 1505 acceperit
371 1426 441 1488 illud
459 1427 614 1506 passibilis
637 1443 757 1498 nemen,
779 1427 858 1505 quod
879 1426 971 1488 allen
987 1427 1124 1490 excludit.
1153 1428 1219 1488 Non
1233 1428 1314 1490 enim

92 1511 164 1572 aliud
186 1531 224 1571 eo
248 1511 416 1589 siguificare
438 1509 567 1580 videbar,
601 1509 760 1590 nisi·quod
781 1509 889 1588 aliquid
910 1510 1073 1590 imperfecti
1096 1519 1126 1572 et
1147 1521 1313 1573 oomntuta-

93 1593 155 1656 bilis
177 1607 281 1656 seeum
304 1595 454 1674 importat
484 1593 589 1656 Nonne
610 1611 681 1672 erge
702 1595 883 1673 Augustinus
906 1603 985 1656 recte
1007 1594 1081 1655 dixit
1101 1595 1315 1658 Tertullianum

94 1687 139 1738 aut
157 1697 261 1740 seeum
282 1697 414 1758 pugnare
445 1688 496 1740 eut
521 1685 654 1740 mutasse
681 1680 867 1752 senitentiam,
895 1697 961 1742 oum
982 1678 1111 1740 asseruit
1131 1677 1223 1740 ileum
1246 1697 1316 1740 ease

95 1781 197 1842 corpus
220 1773 250 1824 et
272 1781 361 1824 omne
383 1779 491 1841 corpm
513 1781 580 1824 esse
599 1761 783 1843 passibilei'·
813 1763 885 1825 llam
908 1763 988 1823 Deus
1016 1763 1251 1842 perfectissimus
1280 1779 1316 1825 ne

93 1847 275 1926 simplicitate
309 1847 448 1926 omnique
480 1847 695 1925 perfectionum
726 1865 836 1926 genere
864 1846 1112 1908 utmulatissimus
1136 1855 1192 1908 est
1236 1845 1315 1907 Nibil

94 1930 180 2008 igitm
199 1949 323 2011 promus
346 1929 509 2009 impulecti
531 1929 640 1992 babere
662 1939 771 2010 potest.
814 1929 892 2010 Ergo
915 1947 1031 1992 summa
1051 1931 1194 2009 perlectis
1209 1931 1262 1992 bet
1284 1938 1316 1992 et

93 2033 196 2094 eorpus
216 2033 321 2076 seeum
342 2023 474 2094 pugnant
496 2024 526 2076 et
545 2015 576 2075 in
598 2015 660 2076 lleo
683 2031 751 2076 esse
773 2032 834 2075 non
856 2023 995 2094 pessunt

175 2099 314 2160 Ceterum
336 2099 469 2178 quamvis
490 2099 628 2160 Petavius
650 2098 838 2177 probavisset
858 2097 1069 2160 Tertullianum
1092 2115 1154 2159 nou
1175 2097 1316 2159 incidisse

97 2183 123 2242 iu
143 2183 244 2246 uuam
269 2183 388 2262 aliquod
410 2183 668 2255 contradictionis,
692 2185 799 2244 latetur
827 2192 926 2243 tanim
948 2181 993 2242 vir
1020 2183 1069 2244 ille
1090 2181 1314 2244 eruditissimus

97 2267 211 2328 munds
233 2267 306 2328 illud
328 2285 395 2327 esse
417 2267 575 2339 momenti,
611 2267 690 2346 quod
711 2267 892 2344 Augustinus
921 2267 977 2327 alio
1006 2267 1037 2327 in
1066 2266 1142 2326 libro
1165 2265 1201 2326 ad
1224 2283 1314 2326 eacu-

99 2351 216 2412 sandum
238 2349 450 2413 Tertullianum
472 2352 544 2412 baec
566 2352 596 2412 in
618 2351 706 2412 umba
729 2351 845 2412 retulit:
869 2351 1004 2430 (august
1026 2350 1076 2411 lib.
1101 2349 1137 2410 de
1160 2348 1314 2412 llaercsib.

98 2453 156 2513 cap.
171 2437 221 2500 86.
237 2439 396 2514 pag-ibn:
419 2435 617 2496 Tertullianus
636 2431 741 2515 posset
762 2452 879 2516 quoquo
901 2436 989 2496 modo
1009 2439 1120 2514 putari
1140 2439 1236 2512 paam
1257 2449 1316 2502 uo-

98 2529 192 2580 ιιιιιι
206 2521 463 2600 substantiamque
478 2521 611 2581 divinum
632 2537 745 2599 eorpus
767 2537 886 2594 uocare,
916 2536 978 2580 aon
1000 2517 1060 2578 tole
1084 2535 1204 2597 eorpus,
1230 2520 1315 2578 urias

97 2617 195 2680 partes
218 2603 295 2664 aliae
315 2609 455 2675 maiores,
478 2603 557 2664 aliae
577 2607 708 2664 minores
732 2603 854 2665 υιιιιιιι
874 2603 924 2664 oel
943 2601 1066 2664 debeant
1083 2605 1217 2680 eogitari,
1240 2617 1317 2682 qua·

101 2687 138 2746 lio
158 2701 230 2751 aaut
252 2693 361 2757 omnia,
385 2707 459 2768 quae
477 2693 604 2768 proprie
619 2689 744 2748 dicimus
765 2704 897 2766 corpora
913 2731 921 2747 .
937 2729 969 2749 ..
993 2686 1046 2746 sed
1058 2687 1169 2764 potuit,
1192 2693 1229 2744 at
1243 2685 1316 2753 daiot',

99 2783 257 2850 propterea
274 2778 385 2850 putari
406 2791 516 2850 earpm
539 2789 605 2832 eum
633 2773 745 2840 dicere,
783 2776 853 2850 quia
887 2786 950 2829 noa
977 2778 1022 2828 ιιι
1055 2765 1147 2836 atttt,
1185 2783 1247 2826 noa
1273 2775 1319 2826 ιιι

101 2860 236 2931 inuitas,
264 2874 327 2918 nou
349 2865 394 2917 ιιι
416 2860 556 2935 eorporis
579 2855 628 2915 vel
649 2859 766 2915 animae
788 2854 935 2934 qualitas,
965 2851 1145 2930 sodalique
1171 2859 1252 2910 totus
1285 2859 1319 2910 et

101 2957 151 3016 per
178 2940 314 3001 locorum
342 2943 442 3020 spotia
463 2939 550 3000 nullo
570 2943 705 3017 partitus
743 2943 775 2998 iu
796 2955 853 2999 ιιιι
882 2947 981 2996 tornea
1002 2943 1117 2994 uatum
1138 2943 1228 3012 atque
1248 2931 1319 2992 sub-

102 3029 207 3086 stantia
227 3023 453 3085 innutabiliter
470 3032 638 3103 pertundet.
1220 3095 1226 3109 ι

180 3107 285 3168 llirum
306 3115 405 3167 tamen
427 3105 588 3177 nonnullis,
612 3103 719 3182 quibos
743 3102 816 3162 satis
837 3109 908 3162 nota
930 3117 991 3160 non
1013 3099 1052 3160 sit
1073 3097 1228 3176 Augustim
1250 3114 1318 3158 mo·

104 3189 201 3262 destia,
230 3193 357 3252 sortasse
379 3189 534 3262 videbitur,
568 3207 622 3250 eur
643 3187 690 3248 ille
713 3187 831 3266 penitus
860 3187 1007 3247 allirmare
1035 3201 1095 3243 non
1117 3180 1223 3242 audeat
1244 3181 1320 3242 buno

105 3273 190 3352 ipsam
212 3293 326 3348 revera,
350 3274 403 3336 sed
425 3293 541 3355 quoquo
563 3274 649 3335 modo
672 3289 761 3350 posse
782 3270 879 3348 putari
895 3267 1066 3329 Tertulliani
1088 3265 1181 3328 luisse
1196 3273 1320 3326 senteu-

106 3359 178 3418 tiam.
219 3359 279 3421 lam
301 3359 381 3420 enim
404 3357 588 3419 ostendimus
617 3373 684 3416 eum
707 3356 785 3416 baud
808 3353 935 3415 obscure
963 3349 1157 3413 declararisse
1186 3348 1321 3426 corporis

109 3443 217 3503 nomine
239 3463 255 3504 a
278 3461 312 3504 se
335 3441 456 3520 intelligi
478 3440 685 3518 substantiam,
708 3457 783 3518 quae
804 3437 909 3517 quovis
931 3437 1020 3498 modo
1044 3432 1144 3495 existit
1172 3441 1202 3493 st
1228 3431 1321 3492 nihile

108 3527 266 3603 opponitur.
297 3527 452 3587 Praeterea
474 3523 734 3586 animadvertimus
757 3521 951 3584 substantiam
973 3520 1009 3580 ab
1033 3538 1068 3580 eo
1091 3517 1181 3578 dividi
1204 3516 1235 3576 in
1251 3533 1320 3575 cor-

109 3627 217 3686 poream
240 3619 270 3672 et
291 3611 506 3688 incorpoream,
538 3609 568 3669 id
591 3616 638 3668 est
669 3608 767 3669 orunis
797 3605 920 3667 omnino
949 3604 1084 3683 corporis
1108 3606 1259 3678 expertem
1292 3605 1323 3657 et

109 3697 336 3850 lililslili
358 3691 658 3855 {tibitibi
678 3692 782 3836 titii
799 3708 895 3834 ‘stit
909 3686 1323 3848 itittlltttttttt:

110 3879 175 3922 sane
195 3863 332 3924 omnibus
354 3862 442 3939 longe
463 3859 721 3940 praestantiorem.
748 3858 785 3918 Et
807 3864 887 3917 certe
909 3873 1041 3917 summae
1063 3850 1141 3911 illius
1162 3843 1322 3940 perieptio·

113 3962 160 4004 tues
188 3956 272 4025 atique
300 3945 415 4006 inlinita
442 3963 542 4006 rerum
571 3943 703 4004 omnium
725 3941 856 4018 cognitio
881 3948 911 4001 et
932 3937 1055 4000 seientia
1088 3951 1103 3991 a
1132 3927 1323 4000 'Tertullum'

113 4027 188 4090 siarti
208 4031 294 4110 paulo
317 4047 409 4109 supra
431 4027 662 4098 observavimus,
694 4035 752 4086 um
773 4025 937 4086 luculenter
963 4019 1125 4080 vindicatae
1153 4012 1226 4074 nibil
1256 4029 1324 4108 om·

115 4111 175 4172 uiuo
195 4114 330 4194 corporei
352 4113 461 4174 babere
484 4118 620 4191 possunt.
663 4109 781 4170 Nullum
811 4106 957 4185 siquidem
985 4117 1105 4196 corpus,
1138 4103 1325 4192 quantumvis

116 4203 204 4262 leone.
236 4197 314 4259 nulla
338 4197 459 4258 materia
481 4195 614 4274 quolibet
633 4201 717 4254 motu
739 4191 861 4270 agitata,
884 4189 980 4251 nullae
1002 4193 1102 4255 atoma,
1124 4197 1229 4278 quovis
1251 4197 1326 4240 eon-

117 4295 191 4341 eurau
210 4282 288 4342 inter
309 4301 342 4342 se
365 4281 569 4351 cohaerentes,
602 4285 733 4358 possunt
759 4275 804 4335 rei
825 4273 959 4344 alicuius,
992 4268 1205 4362 multominus
1227 4279 1328 4324 rerum

115 4365 231 4426 ennium
254 4365 373 4426 ellieere
396 4362 604 4442 cognitionem.
648 4361 713 4421 Non
734 4358 831 4439 potuit
859 4374 929 4435 ergo
952 4351 1150 4446 Tertullianus
1173 4347 1328 4442 [leo'oor-

117 4461 161 4520 bus
189 4449 234 4510 vel
262 4447 400 4528 corporei
429 4445 539 4525 aliquid
575 4443 717 4515 tribuere,
751 4441 809 4502 uisi
837 4441 895 4500 hec
924 4437 1054 4507 nemine,
1091 4439 1167 4495 siout
1187 4431 1326 4524 uidimus,

115 4529 298 4594 ιιιΙιιιιιιιίιιιι
326 4536 377 4594 sui
402 4533 532 4611 generis,
567 4530 595 4591 id
625 4536 672 4590 est
704 4525 793 4588 divini
822 4532 853 4585 et
876 4520 1019 4601 ‘spiritalis
1041 4517 1226 4581 intellexerit.
1270 4510 1331 4573 Sed
