3166 5250
530 392 663 436 rocroan
685 393 744 438 ure.
766 394 803 436 ne
824 393 951 438 uonsnr.
1288 383 1350 447 485
1449 363 1452 373 “

134 556 182 610 est
215 543 336 624 templo,
369 561 452 616 oros,
486 543 659 614 simulacro,
691 547 780 606 tuate
801 545 872 607 deos
891 545 1049 626 puluinar,
1076 547 1223 626 fiomc'uee,
1246 550 1352 632 luper-
1399 533 1409 551 ⁶

116 641 186 694 ‘cos
208 628 343 703 (Sueten.
366 629 418 690 lul.
443 628 527 690 Caes.
549 647 611 708 cop.
635 631 708 704 76.).
754 628 831 702 Quin
859 631 946 696 eriam
976 649 1012 690 eo
1040 633 1188 710 processit
1210 635 1282 698 lraeo
1302 639 1351 698 in-

134 732 207 775 sana
230 713 413 774 ethnicorum
436 713 581 793 impietas,
611 721 642 775 ut
663 713 794 774 Valerius
816 715 959 776 Maximus
981 734 1072 777 ansus
1095 715 1134 776 sit
1155 716 1232 778 huno
1253 719 1351 799 ipsum

132 799 242 860 Iulium
265 798 422 860 Caesarem
449 798 496 859 his
510 798 621 859 serbis
649 798 779 879 precari:
820 797 896 861 Tuos
925 819 997 862 oros
1032 813 1140 882 uroque
1161 809 1352 868 seuerissime

133 883 255 962 teusplo,
279 885 345 946 diue
367 882 437 952 lull,
459 893 621 946 oeuerotue
645 902 709 956 oro,
731 895 767 944 ut
786 887 921 964 propitio
944 903 978 947 oc
999 887 1120 964 sooeutt'
1139 891 1260 949 uumirre
1282 900 1352 952 torr-

133 979 236 1030 torum
260 987 347 1030 cosus
369 972 510 1029 virorum
530 969 586 1030 sub
609 973 657 1029 tue·
675 969 806 1052 eorempll
828 970 985 1050 pracsidio
1008 988 1042 1030 oc
1065 971 1159 1034 tutelo
1181 973 1353 1038 delitescere

127 1056 263 1132 potioris
286 1051 358 1128 (Vel.
380 1052 454 1112 blan.
475 1051 526 1112 lib.
548 1051 571 1112 Ι.
594 1070 657 1131 cap.
681 1055 711 1116 6.
734 1057 763 1130 ξ.
789 1055 861 1131 13.).

219 1136 382 1199 Modestior
403 1136 520 1216 quidem
542 1136 597 1197 tuit
616 1137 779 1216 imperator
799 1138 958 1216 Augustus,
983 1137 1041 1218 qui,
1065 1147 1141 1201 teste
1164 1140 1258 1202 adhuc
1274 1142 1350 1204 Sne-

130 1219 226 1294 tonio‚
256 1221 365 1302 templo
393 1226 526 1301 quemuis
554 1226 647 1283 sciret
673 1228 762 1284 etium
785 1223 1022 1303 proconsulibus
1044 1225 1167 1287 deceret
1184 1226 1291 1300 solere,
1320 1233 1352 1290 iu

130 1305 223 1370 mullo
251 1315 348 1368 temere
372 1309 541 1386 prouiucr'o,
575 1310 638 1368 uisa·
663 1312 812 1369 commum·
837 1327 891 1369 suc
914 1307 1080 1388 Romaeque
1101 1315 1219 1372 uomiue
1241 1318 1352 1393 recepit

132 1390 268 1466 (Sueten.
284 1391 356 1468 Aug.
369 1409 432 1469 cap.
448 1393 523 1466 52).
554 1390 612 1452 Sed
626 1391 700 1452 haec
721 1399 817 1453 temen
840 1392 948 1472 templa
970 1394 1090 1471 recepit,
1113 1413 1187 1473 quae
1208 1413 1269 1457 non
1285 1398 1351 1458 sine

132 1475 196 1536 veri
223 1473 387 1554 summique
409 1473 462 1536 Dei
489 1475 596 1536 iniuria
624 1474 715 1554 recipi
741 1484 887 1556 poterent.
929 1477 986 1539 dlii
1015 1477 1114 1557 itaque
1142 1479 1350 1560 multomagis

132 1559 301 1632 damnandi,
324 1559 374 1638 qui
396 1559 468 1620 haec
488 1559 601 1640 aliaque
621 1559 728 1640 templa
751 1560 812 1622 sive
827 1561 1012 1640 imperatoris
1028 1563 1091 1624 sire
1106 1564 1192 1625 etiam
1208 1565 1350 1645 reipubli-

133 1664 185 1706 cae
216 1644 337 1734 nomine
368 1643 535 1705 condidere.
581 1644 658 1717 Quid
692 1662 762 1724 ergo
796 1645 950 1707 dcundum
979 1647 1015 1708 de
1037 1647 1204 1712 domitiano
1227 1649 1351 1730 aliisque

133 1728 372 1791 sceleratissimis
394 1728 631 1808 imperatoribus,
654 1729 714 1810 qui,
736 1739 768 1790 nt
781 1730 930 1792 Romanae
944 1731 1087 1794 historiae
1102 1733 1263 1813 scriptores
1278 1753 1350 1796 ner-

14 1809 15 1816 '
134 1823 211 1887 rent,
245 1813 395 1875 iusserunt
427 1833 460 1875 se
492 1814 645 1892 appellari
659 1815 732 1876 deos
760 1815 874 1895 sibique
901 1816 1008 1896 templa
1042 1817 1214 1880 aedificari?
1253 1819 1350 1880 Nemo

136 1905 215 1960 certe
246 1898 308 1960 sani
340 1897 444 1978 eapitis
475 1899 565 1960 homo
596 1898 656 1974 boe
687 1918 835 1971 summum
867 1900 1026 2017 impietatiq
1055 1902 1152 1964 scelus
1180 1923 1247 1964 esse
1270 1903 1349 1965 diffi-

15 2067 16 2082 χ
132 1979 253 2044 'lebiton

221 2065 279 2128 Sed
310 2067 441 2141 adverte,
474 2085 593 2146 quaeso,
627 2085 714 2146 quam
744 2087 828 2130 caeca
855 2077 885 2131 et
912 2069 1055 2132 indomita
1083 2071 1172 2132 luerit
1198 2072 1350 2150 gentilium

132 2151 304 2232 peruicacia,
326 2151 462 2231 impietas
486 2158 515 2212 et
536 2151 665 2234 avaritia.
695 2151 762 2215 Non
784 2152 868 2227 aliem
891 2171 964 2216 sane
985 2154 1023 2216 ob
1046 2174 1164 2217 censam
1186 2156 1233 2218 dei
1248 2157 1348 2218 cuius·

131 2236 204 2298 libet
224 2235 365 2316 templum
387 2236 534 2314 aedesque
555 2255 639 2298 saera
660 2237 852 2311 construitur,
874 2237 933 2300 nisi
955 2247 987 2300 nt
1008 2241 1209 2320 frequentetur
1230 2240 1266 2301 ab
1282 2259 1348 2302 om-

131 2320 219 2383 nihus
242 2329 330 2400 atque
351 2320 460 2384 idcirco
482 2320 583 2394 tacitis,
618 2321 801 2384 voluntarius
823 2341 857 2384 ac
877 2323 1021 2402 gratuitus
1044 2325 1156 2386 cunetis
1180 2343 1247 2386 esse
1263 2325 1350 2386 debet

132 2405 211 2468 illins
233 2405 340 2466 aditus.
384 2404 590 2467 Verumtamen
612 2406 731 2477 ethnici,
755 2406 832 2467 sieut
853 2425 967 2468 summa
989 2407 1141 2486 iniquitate
1164 2408 1348 2471 Christianos

132 2492 169 2553 ad
191 2509 226 2551 ea
247 2489 380 2551 adeunda
401 2489 482 2550 omni
507 2508 669 2568 poenarum
690 2509 799 2568 genere
821 2509 927 2570 cogere
947 2490 1130 2564 nitebantur,
1159 2493 1198 2554 ita
1222 2495 1349 2555 maximo

133 2574 269 2636 avaritiae
297 2573 367 2634 vitio
396 2573 518 2652 gentiles
542 2593 621 2640 ,snos
649 2575 686 2635 iis
715 2575 772 2636 nisi
800 2575 866 2636 dato
895 2576 990 2656 pretio
1020 2577 1167 2638 arcebant.
1210 2576 1269 2639 Per
1295 2595 1349 2640 eos

133 2659 281 2721 enimvero
309 2657 382 2719 nulli
408 2677 533 2738 prorsus
554 2657 659 2720 licebat
672 2657 709 2742 ¹in
731 2659 870 2738 templum
889 2660 1007 2740 aliquod
1029 2661 1119 2739 gratis
1141 2661 1265 2740 ingredi,
1295 2663 1349 2724 sed

132 2765 149 2806 e
176 2743 308 2824 quolibet
339 2743 507 2804 introeunte
540 2742 702 2820 exigebant.
733 2743 828 2823 inquit
856 2743 1063 2818 Tertullianus,
1096 2747 1258 2809 mercedem
1286 2765 1348 2826 pro

133 2828 200 2892 solo
228 2827 340 2908 templi,
367 2846 427 2907 pro
455 2829 539 2890 odltu
567 2831 651 2889 socri
680 2827 1223 2908 (Tertullianhpologet.oap.13.),
1251 2828 1350 2890 idest

134 2932 233 2975 secree
266 2912 346 2974 aedis
378 2911 525 2991 ingressu.
571 2911 637 2974 Soli
665 2918 761 2972 antem
789 2911 910 2975 nomine
938 2913 979 2974 ibi
1000 2912 1171 2992 designatur
1191 2912 1283 2978 loeus,
1317 2913 1348 2973 in

14 2999 16 3094 ζ
135 3017 192 3077 quo
215 2998 287 3060 haec
308 3015 391 3059 sacra
414 2997 501 3058 aedes
525 3003 692 3057 constructe
715 3003 787 3057 erat.
818 2996 906 3068 Quod
929 2997 1047 3077 quidem
1062 2997 1164 3058 Cicero
1181 2996 1263 3057 bisce
1278 3015 1346 3058 ver-

133 3080 180 3142 bis
211 3082 286 3144 dare
318 3081 456 3162 explieat:
493 3079 599 3143 Solum
626 3090 759 3152 vertunt,
788 3080 843 3143 boc
864 3093 911 3144 est
937 3083 1034 3144 sedem
1055 3100 1090 3143 oo
1113 3080 1209 3144 locum
1230 3093 1386 3144 mutout.

136 3165 238 3242 (Cicer.
261 3167 342 3228 Orat.
368 3169 417 3229 12.
439 3184 494 3245 pro
517 3163 640 3226 Caecina
660 3183 690 3242 p.
713 3166 809 3241 balb).
852 3165 926 3227 Alibi
957 3183 1043 3226 vero:
1083 3166 1238 3229 Civitatem
1261 3166 1347 3239 boue,

135 3249 236 3330 inquit,
266 3263 334 3314 oute
354 3263 557 3314 mutorcmou
575 3254 757 3331 potuissent,
787 3268 875 3332 quom
897 3251 986 3312 butus
1008 3249 1106 3312 solum
1128 3255 1258 3313 ciuitatis
1279 3270 1347 3314 mu-

14 3327 16 3364 *
136 3340 247 3400 totioue
272 3340 435 3398 uurtsseur
467 3335 521 3408 (Id.
545 3334 626 3396 Orat.
649 3335 700 3398 36.
722 3353 777 3414 pro
800 3333 916 3396 Cornel.
938 3331 1079 3415 balbop.
1103 3337 1175 3400 519.
1197 3335 1249 3397 lin.
1272 3337 1348 3415 38.).

133 3419 222 3482 Paulo
249 3420 351 3500 utique
379 3419 534 3482 obscurius
558 3418 754 3480 Tertullianus
782 3419 813 3480 in
839 3419 935 3500 primo
958 3419 994 3481 ed
1014 3418 1155 3482 Nationes
1176 3419 1252 3482 libro
1275 3421 1349 3482 dixit

133 3504 168 3566 ah
191 3505 315 3567 ethnicis
339 3503 506 3584 extorqueri
539 3504 704 3566 mercedem
729 3521 790 3585 pro
812 3505 973 3586 supitrbus,
993 3523 1054 3586 pro
1071 3509 1156 3567 ostiis
1170 3504 1347 3585 templorum

133 3589 250 3653 omlihet
277 3588 443 3669 aperiendis
472 3589 655 3662 (Tertullian.
677 3588 727 3651 lib.
750 3589 772 3650 l.
795 3588 831 3650 ad
853 3587 917 3649 Not.
941 3607 1003 3668 cap.
1029 3593 1102 3666 to).
1147 3589 1347 3651 Gothotredus
1420 3590 1424 3598 '

131 3683 228 3738 antem
251 3675 390 3755 opinatur
409 3683 581 3754 corruptum
603 3691 670 3734 esse
691 3673 749 3734 hoc
769 3691 878 3734 nomen
900 3673 1052 3754 stipitibus
1074 3673 1276 3752 relegendum
1291 3677 1348 3734 stl-

129 3761 227 3840 pr'bus,
246 3758 314 3840 qnia
341 3758 406 3840 ipse
433 3757 629 3819 Tertullianus
658 3757 687 3818 in
716 3757 906 3838 Apologetieo
929 3757 1062 3838 scripsit:
1100 3755 1198 3838 Stipes
1220 3767 1359 3838 quotus-¹

14 3835 15 3878 t
133 3849 254 3925 quisque
277 3849 335 3906 ium
355 3847 447 3906 t'octot
475 3841 566 3916 (Idem
589 3840 740 3921 Apologet.
764 3859 826 3921 cap.
850 3839 938 3919 idq?
980 3841 1017 3904 tt
1037 3841 1136 3922 priora
1157 3839 1236 3902 illius
1258 3837 1347 3901 verba

133 3936 203 3990 sunt
223 3928 259 3989 de
280 3927 420 4008 templum
442 3925 681 4006 ingredientibus
703 3925 872 4005 posteriora
892 3944 963 3987 vero
979 3925 1015 3988 de
1031 3926 1088 3987 iam
1103 3923 1258 4002 ingressis.
1280 3923 1346 3985 Non

119 4011 208 4074 *male
237 4031 306 4090 ergo
328 4011 471 4094 Rigaitius
498 4011 620 4073 retinuit
646 4027 755 4070 nomen
778 4010 940 4090 stepitt'bus,
974 4011 1027 4072 sed
1048 4009 1174 4087 aliquam
1196 4007 1347 4088 opinionis

135 4113 205 4158 suae
226 4097 370 4159 rationem
392 4095 516 4158 reddere
537 4093 669 4157 debebat.
712 4093 804 4155 Nobis
826 4112 895 4154 vero
918 4093 1000 4157 lacile
1020 4091 1248 4174 persuadebitur
1269 4091 1345 4154 'ler-

133 4180 286 4243 tullianum
306 4181 365 4244 boc
385 4181 505 4243 nomine
526 4181 678 4260 stipitibus
700 4175 864 4257 significare
885 4179 1014 4240 voluisse
1028 4184 1078 4240 ent
1092 4175 1203 4258 lapides
1218 4186 1268 4240 aut
1282 4177 1346 4238 lor-

14 4283 16 4316 <
134 4266 210 4328 sitan
243 4265 315 4328 deos
337 4265 519 4328 Termineles
547 4271 613 4326 ante
641 4263 757 4325 ianuam
787 4262 963 4341 templorum
991 4261 1119 4341 positos,
1151 4261 1201 4341 qui
1231 4262 1347 4342 stipites

14 4347 17 4388 ³
132 4370 235 4414 revere
256 4349 444 4426 vocabantur,
467 4349 552 4412 sicuti
575 4349 605 4410 in
627 4347 722 4410 citetis
737 4347 800 4409 aliis
815 4345 929 4409 nostris
945 4345 1200 4409 dissertationibus
1215 4354 1347 4409 veterum

131 4442 286 4518 poetarum
307 4435 442 4498 versibus
465 4433 647 4496 ostendimus
669 4431 835 4509 (Dissertat.
857 4432 888 4492 in
909 4430 1015 4493 Minue.
1038 4448 1101 4511 cap.
1126 4433 1174 4496 19.
1197 4431 1294 4497 bret
1317 4439 1348 4492 et

14 4527 16 4544 '
136 4525 184 4585 17.
207 4530 238 4584 et
258 4520 413 4583 Dissertet.
435 4520 466 4581 in
487 4519 616 4581 Lectant
638 4538 669 4599 p.
692 4519 743 4582 32.
765 4517 828 4581 Art.
843 4518 896 4594 2.).
939 4516 1012 4579 Nem
1034 4515 1075 4578 ibi
1096 4515 1144 4578 ille
1165 4515 1347 4596 distinguere

132 4605 248 4670 ridetur
276 4605 416 4689 stipitem,
446 4604 556 4668 ostium
584 4610 613 4666 et
633 4601 744 4665 aditum
765 4600 876 4684 templi,
906 4607 939 4664 nt
959 4600 1006 4664 bis
1029 4601 1175 4666 distinctis
1198 4600 1347 4665 avaritiam
