3126 5250
475 383 610 448 lucrosa
631 383 689 428 nte
710 383 749 428 aa
769 383 897 428 neuma.
1231 368 1293 434 tet

80 529 231 628 mnium,
244 539 333 628 'unta
353 530 438 629 cepis
456 531 591 596 albarum
612 533 896 608 wisamarum,
918 542 953 598 ut
972 533 1009 598 ad
1022 534 1079 598 has
1094 535 1292 598 mnfiaiendas

83 616 695 782 tuqulbdmllloorlrealtassellegtileerlltuberapidis
722 704 799 766 testa
827 703 891 782 pati
919 719 990 766 sane
1010 703 1058 766 rel
1078 703 1183 766 onon
1204 705 1292 768 ctiam

81 785 266 848 manandum
287 785 509 864 intemperantia
531 787 710 850 celebrantes
734 788 778 850 sia
801 787 973 850 reveritur:
994 789 1041 852 Ad
1054 789 1172 867 samm
1186 807 1293 854 comcs

79 869 240 950 Serapiou
262 869 411 951 sparteoli
430 871 645 936 annitebantur
667 871 848 945 (Tertullian.
861 873 1012 952 apologet
1028 891 1091 952 cap.
1101 875 1176 950 bb).
1199 874 1291 952 Spar-

78 955 143 1016 teali
156 964 270 1036 ‘autem
290 953 435 1034 quoddam
456 973 549 1034 mnus
571 964 634 1018 erat
654 957 789 1030 militum,
810 957 860 1036 qni
874 957 985 1020 Romae
1006 956 1038 1020 in
1057 957 1140 1020 urbis
1162 957 1291 1032 tutelam,

77 1048 108 1102 at
133 1037 181 1102 ait
209 1046 294 1100 velam
319 1039 464 1102 luvenalis
492 1039 649 1120 interpres,
683 1061 753 1104 cum
781 1041 876 1104 bamis
903 1051 933 1104 et
959 1059 1045 1122 aqua,
1074 1042 1181 1121 quibua
1208 1043 1291 1120 ignes

76 1123 305 1203 restingtterent,
327 1122 440 1203 uigilias
462 1124 585 1204 agebant
607 1126 746 1201 (lunensi.
770 1126 858 1189 Satin.
880 1127 954 1188 xit.
976 1146 1005 1188 v.
1027 1129 1122 1204 att).
1156 1127 1206 1190 Sic
1219 1145 1291 1188 uero

75 1207 360 1288 cognominabantur
379 1226 396 1270 a
418 1209 525 1271 tunicis
548 1218 578 1273 et
598 1210 812 1284 mbemtentis,
840 1211 918 1274 sicut
938 1212 1087 1274 nonatdlis
1109 1211 1215 1286 nisum,
1246 1211 1293 1276 sel

74 1293 178 1371 potins
199 1312 217 1354 a
238 1292 317 1354 vasis
339 1293 475 1372 sparteis,
498 1293 605 1373 quibus
627 1313 732 1374 aquam
752 1295 893 1358 strabam
936 1297 974 1357 At
995 1295 1166 1370 Suetonius,
1189 1297 1216 1360 si
1232 1296 1290 1360 aa*

75 1377 215 1438 sunbona
233 1377 318 1450 edes,
340 1375 407 1440 illos
429 1377 469 1440 ab
487 1379 618 1459 Anguste
641 1381 817 1460 imperatore
838 1380 990 1444 insuetos
1011 1380 1094 1444 bbae
1116 1381 1214 1444 verbis
1236 1382 1291 1444 de·

74 1461 210 1524 emet:
238 1463 391 1526 Aduersus
418 1465 554 1526 bscesdiu
581 1465 720 1528 means
742 1477 910 1528 maturans
932 1465 1090 1547 uigilesque
1112 1476 1292 1530 commeatu

76 1559 116 1610 est
147 1547 290 1620 (Sueten.
312 1545 363 1608 lib.
386 1547 421 1608 ll.
444 1547 475 1608 in
498 1547 561 1610 Vita
582 1548 705 1628 bugasti
734 1553 763 1626 5.
786 1551 860 1625 itt).
905 1549 980 1622 Quis
1011 1567 1081 1612 vara
1108 1550 1197 1614 iasile
1216 1569 1291 1635 ,nau

76 1630 227 1711 inuilegat
248 1631 459 1694 Tertullianum
479 1632 516 1694 de
536 1632 584 1694 bis
606 1651 703 1712 agere,
725 1633 785 1712 qui,
807 1652 873 1696 cunt
888 1633 994 1714 plebeii
1008 1635 1139 1714 vilesqrre
1153 1635 1290 1698 hemines

76 1725 180 1778 assent
209 1724 356 1794 noctuque
384 1734 438 1797 per
465 1715 569 1778 urbem
596 1718 788 1792 ambularent,
815 1717 852 1779 ad
878 1719 989 1782 famum
1021 1737 1130 1782 coenae
1151 1720 1291 1798 opiparas

76 1801 149 1862 leste
177 1799 328 1880 Serapidis
350 1800 508 1864 munaus
530 1802 726 1864 excimbantur
748 1810 777 1864 et
798 1801 835 1866 ad
857 1819 921 1864 eam
941 1801 1154 1866 accumbenti
1197 1804 1290 1865 Porro

75 1893 175 1948 autem
195 1885 268 1946 baec
288 1887 360 1946 leste
382 1893 410 1946 et
431 1903 514 1948 sacra
535 1885 667 1966 Sarapin
688 1907 743 1950 seu
759 1887 899 1967 Serapide
921 1887 968 1948 vel
981 1888 1132 1968 Serapidis
1153 1887 1215 1950 sive
1229 1888 1289 1950 lsi-

76 1969 122 2030 dis
142 1969 298 2049 appellata,
319 1969 454 2032 solebant
473 1989 575 2032 mense
588 1971 680 2050 Aprili
701 1972 852 2034 celebrari.
897 1971 956 2034 Sed
978 1972 1014 2034 de
1036 1973 1083 2034 his
1105 1974 1136 2034 in
1151 1974 1290 2052 superia-

77 2054 156 2116 ribus
185 2053 446 2116 dissertationibus
476 2055 599 2118 anobis
622 2064 719 2118 actum
740 2065 787 2118 eet
816 2056 982 2132 (Dissertat.
1005 2057 1035 2118 in
1057 2057 1163 2118 Minue
1187 2058 1288 2120 Oeten.

156 2223 324 2302 Sparteolis
352 2225 471 2302 peiores
492 2224 684 2302 proculdubio
707 2234 791 2286 erant
810 2225 941 2304 parasiti,
970 2224 1102 2286 eunium
1121 2245 1291 2290 mensarum

83 2307 241 2386 turpissimi
269 2307 409 2382 essedae,
441 2313 495 2389 qui
518 2311 671 2391 affectant,
703 2309 798 2389 inquit
817 2310 926 2374 tuear
953 2317 1066 2382 nasto,
1097 2313 1137 2374 ad
1162 2311 1291 2390 planam

86 2393 274 2468 {mundae
295 2392 442 2456 libertatis
464 2393 519 2456 sub
533 2407 757 2458 walorannus
779 2393 1124 2474 (Tertulliandpolaget
1138 2413 1200 2474 cap.
1215 2399 1288 2470 39.),

88 2475 171 2538 idest
191 2476 442 2556 quemadmodum
464 2495 499 2538 ex
522 2478 673 2551 Cicerone,
702 2479 846 2540 Suetonio
875 2479 998 2558 aliisque
1020 2479 1175 2558 colligitur,
1204 2481 1290 2560 quasi

90 2559 233 2638 stipendio
255 2561 350 2640 pretia
371 2571 402 2622 et
423 2563 557 2624 mercede
578 2567 693 2628 centris
709 2569 790 2626 inter
807 2564 999 2626 contumelias
1014 2565 1173 2643 nonanti
1183 2564 1288 2638 (Cicer.

89 2641 230 2708 libide
252 2645 336 2708 effic.
359 2665 388 2725 p.
411 2649 484 2712 372.
504 2645 556 2708 lin.
579 2650 609 2712 3.
631 2648 753 2710 Sueten.
777 2648 826 2710 lib.
849 2647 897 2708 111.
921 2648 951 2709 iu
973 2649 1036 2710 b'ita
1057 2647 1169 2709 Tiberii
1191 2653 1219 2726 ς.
1234 2654 1288 2726 7.).

85 2728 139 2790 ibo
157 2741 258 2793 autem
279 2730 310 2792 in
331 2730 406 2792 libro
429 2751 481 2794 eos
503 2742 588 2794 vocat
609 2737 722 2795 uestris
746 2738 914 2812 operarias,
937 2751 1012 2810 quos
1033 2731 1173 2810 patientia
1191 2751 1207 2794 a
1223 2733 1287 2794 dia-

84 2811 143 2876 bolo
174 2816 317 2895 inspirata
355 2816 576 2879 contumeliosis
607 2821 750 2896 petrosis
783 2819 963 2881 subiectione
998 2817 1144 2880 libertatis
1179 2818 1290 2880 addicit

83 2897 257 2968 (Tertullian.
278 2900 330 2961 lib.
351 2900 388 2962 de
409 2900 531 2966 Patient.
554 2919 616 2980 cap.
642 2903 715 2976 te).
756 2901 816 2962 Sed
844 2901 919 2962 hane
946 2900 1203 2976 ignavissimorum
1230 2901 1288 2962 he-

81 2983 185 3046 minum
207 2992 325 3063 gentem
347 3003 417 3063 prae
439 2985 547 3046 celans
569 2985 706 3063 graphice
722 2985 877 3048 Terentius
900 2985 1039 3063 depingit,
1062 2987 1191 3062 quamsi
1207 2985 1287 3046 adire

81 3077 105 3128 te
125 3086 183 3132 non
206 3069 313 3148 pigeat,
341 3069 420 3148 quod
440 3070 472 3131 in
494 3069 664 3131 Tertulliani
685 3069 783 3130 verbis
806 3069 964 3130 obscurum
996 3068 1129 3131 invenies
1159 3070 1286 3149 explica-

79 3161 135 3216 tum
154 3153 280 3216 babebis
301 3152 433 3227 (Terent
456 3153 588 3218 Eunuch.
611 3155 672 3214 Act.
695 3154 731 3216 ll.
754 3153 841 3214 Seen.
865 3157 917 3230 2.).

156 3238 200 3300 ab
229 3239 277 3299 bis
306 3239 406 3317 utique
434 3237 569 3301 amnibus
592 3239 664 3300 adea
687 3238 887 3318 intemperatis
909 3257 942 3300 aa
962 3236 1129 3300 libidinosis
1151 3239 1286 3300 ethnico-

79 3339 138 3383 mm
161 3322 263 3384 coenis
279 3331 309 3384 et
323 3321 461 3385 conviviis
477 3323 595 3402 penitus
610 3322 807 3384 abhorrebant
822 3322 990 3394 Christiani,
1012 3321 1060 3401 qui
1076 3340 1184 3402 corpus
1201 3343 1287 3386 snum

80 3413 133 3467 ban
165 3406 261 3486 longe
294 3406 447 3488 durisque,
478 3407 554 3470 sicut
582 3407 717 3480 diximus,
750 3407 867 3470 ieiuniis
895 3407 1079 3470 macerabant
1106 3416 1136 3470 et
1162 3427 1287 3487 quarum

80 3507 166 3554 coena
186 3491 308 3554 omnino
330 3491 449 3570 frugalis
472 3500 501 3554 et
523 3493 741 3556 modestissima
763 3500 835 3564 erat,
857 3492 900 3555 uti
920 3500 1025 3571 postea
1047 3492 1248 3554 ostendemus.

571 3711 736 3762 annicetus
754 3711 784 3760 ll.

81 3814 146 3864 Quam
164 3817 247 3860 diuersa
267 3814 348 3858 luerint
365 3814 528 3870 poenitentialia
546 3815 720 3858 Christianarum
738 3827 764 3858 ac
782 3817 894 3870 gentilium
912 3828 987 3871 aquarn,
1004 3815 1083 3870 qulbus
1101 3813 1131 3858 illi
1149 3815 1235 3857 eaelum
1253 3812 1286 3856 in-

165 3885 217 3928 vidia
237 3883 365 3932 nuntiabant,
384 3883 405 3924 bi
423 3893 474 3926 sara
493 3881 564 3938 lntpiis
583 3881 774 3937 superstitionibus
792 3895 867 3926 aarum
886 3883 955 3926 licum
973 3893 1061 3938 semper
1078 3881 1196 3924 irritabant.

161 3998 235 4062 Satis
259 3995 434 4062 Christianis
456 4017 517 4059 non
538 3999 593 4062 luit
613 4015 673 4060 nan
695 3997 790 4060 solum
806 3998 930 4076 publicis
945 3999 976 4060 in
991 3995 1210 4068 calamitatibus,
1233 3995 1286 4058 sed

81 4081 141 4143 aliis
163 4085 245 4146 etiam
268 4083 374 4145 diebus
397 4091 456 4145 tarn
478 4101 579 4144 severa
601 4091 775 4160 austeraque
796 4083 973 4145 ieiuniorum
995 4080 1199 4142 observatione
1213 4080 1287 4142 iram

81 4163 130 4226 bei
152 4167 278 4246 placare,
301 4167 355 4230 sed
376 4172 408 4230 in
430 4187 515 4244 specu
539 4167 635 4241 etiam,
659 4167 699 4228 ait
713 4167 920 4241 Tertullianus,
943 4179 971 4230 et
994 4171 1092 4228 cinere
1114 4164 1286 4230 uolutantes

81 4251 165 4320 (noda
190 4254 220 4314 in
248 4253 365 4316 duobus
394 4251 606 4332 antiquioribus
634 4251 782 4314 saucibus
810 4251 920 4314 nostris
943 4251 1130 4321 uoluitantca,
1158 4249 1253 4314 littera
1275 4255 1290 4314 i

81 4347 263 4414 pmcpastem
284 4337 404 4414 addita),
426 4339 540 4400 inuidia
555 4337 669 4400 saelum
684 4337 835 4400 teudinus
858 4335 1041 4410 (Tertulliani.
1054 4333 1205 4412 bpolaget
1220 4355 1285 4415 cap.

83 4421 155 4496 tu).
182 4423 256 4484 Turn
278 4423 376 4502 itaque
400 4421 493 4484 Deum
515 4421 663 4484 exoraturi
685 4439 753 4482 sese
777 4420 944 4482 volutabant
965 4420 995 4482 in
1017 4437 1102 4481 saeco
1124 4427 1153 4480 et
1175 4419 1284 4494 cinere,

83 4519 139 4563 non
162 4523 242 4568 senis
264 4516 351 4586 atque
372 4507 431 4580 alii,
460 4505 509 4584 qui
536 4505 681 4586 publicam
704 4505 742 4566 ab
765 4504 862 4566 scelus
884 4523 970 4583 grave
992 4503 1108 4583 aliquod
1130 4503 1160 4566 in
1189 4505 1284 4566 ecele-

83 4585 133 4650 siis
163 4593 367 4668 paenitentiam
399 4591 530 4672 agebant.
574 4591 688 4655 Horum
718 4590 868 4654 cmmvero
902 4589 1073 4670 disciplina,
1107 4589 1183 4652 sieut
1215 4589 1284 4655 alibi
