<?xml version="1.0" encoding="UTF-8"?>
<!DOCTYPE html PUBLIC "-//W3C//DTD XHTML 1.0 Transitional//EN"
    "http://www.w3.org/TR/xhtml1/DTD/xhtml1-transitional.dtd">
<html xmlns="http://www.w3.org/1999/xhtml" xml:lang="en" lang="en">
 <head>
  <title>
</title>
<meta http-equiv="Content-Type" content="text/html;charset=utf-8" />
  <meta name='ocr-system' content='tesseract 3.04.00' />
  <meta name='ocr-capabilities' content='ocr_page ocr_carea ocr_par ocr_line ocrx_word'/>
</head>
<body>
  <div class='ocr_page' id='page_1' title='image "./quaesupersuntom01oehlgoog_0020.png"; bbox 0 0 3132 5238; ppageno 0'>
   <div class='ocr_carea' id='block_1_1' title="bbox 495 373 1311 436">
    <p class='ocr_par' dir='ltr' id='par_1_1' title="bbox 495 373 1311 436">
     <span class='ocr_line' id='line_1_1' title="bbox 495 373 1311 436; baseline 0.012 -10"><span class='ocrx_word' id='word_1_1' title='bbox 495 381 630 428; x_wconf 77' lang='lat' dir='ltr'><strong>taurana</strong></span> <span class='ocrx_word' id='word_1_2' title='bbox 651 383 756 428; x_wconf 81' lang='lat' dir='ltr'><strong>racoao</strong></span> <span class='ocrx_word' id='word_1_3' title='bbox 778 383 915 429; x_wconf 74' lang='lat' dir='ltr'><strong>emeno.</strong></span> <span class='ocrx_word' id='word_1_4' title='bbox 1291 373 1311 436; x_wconf 79' lang='grc'>9</span> 
     </span>
    </p>
   </div>
   <div class='ocr_carea' id='block_1_2' title="bbox 95 529 1335 1120">
    <p class='ocr_par' dir='ltr' id='par_1_2' title="bbox 95 529 1335 1120">
     <span class='ocr_line' id='line_1_2' title="bbox 95 529 1312 616; baseline 0.003 -22"><span class='ocrx_word' id='word_1_5' title='bbox 95 534 193 594; x_wconf 81' lang='lat' dir='ltr'><strong>rienes</strong></span> <span class='ocrx_word' id='word_1_6' title='bbox 214 529 327 593; x_wconf 68' lang='lat' dir='ltr'><strong>reliob&#39;s</strong></span> <span class='ocrx_word' id='word_1_7' title='bbox 348 531 440 593; x_wconf 82' lang='lat' dir='ltr'><strong>ermis</strong></span> <span class='ocrx_word' id='word_1_8' title='bbox 460 549 636 612; x_wconf 77' lang='lat' dir='ltr'><strong>pomparum</strong></span> <span class='ocrx_word' id='word_1_9' title='bbox 658 531 758 597; x_wconf 84' lang='lat' dir='ltr'><strong>babitu</strong></span> <span class='ocrx_word' id='word_1_10' title='bbox 779 531 927 597; x_wconf 84' lang='lat' dir='ltr'><strong>laureatos</strong></span> <span class='ocrx_word' id='word_1_11' title='bbox 949 536 1143 614; x_wconf 82' lang='lat' dir='ltr'><strong>processisse,</strong></span> <span class='ocrx_word' id='word_1_12' title='bbox 1167 543 1197 597; x_wconf 91' lang='lat' dir='ltr'><strong>et</strong></span> <span class='ocrx_word' id='word_1_13' title='bbox 1218 537 1312 616; x_wconf 85' lang='lat' dir='ltr'><strong>Spar-</strong></span> 
     </span>
     <span class='ocr_line' id='line_1_3' title="bbox 95 615 1311 698; baseline 0.003 -20"><span class='ocrx_word' id='word_1_14' title='bbox 95 617 188 678; x_wconf 81' lang='lat' dir='ltr'><strong>lienus</strong></span> <span class='ocrx_word' id='word_1_15' title='bbox 211 633 246 677; x_wconf 82' lang='lat' dir='ltr'><strong>ac</strong></span> <span class='ocrx_word' id='word_1_16' title='bbox 271 615 339 678; x_wconf 83' lang='lat' dir='ltr'><strong>lasti</strong></span> <span class='ocrx_word' id='word_1_17' title='bbox 354 617 535 690; x_wconf 83' lang='lat' dir='ltr'><strong>consulares,</strong></span> <span class='ocrx_word' id='word_1_18' title='bbox 557 619 627 680; x_wconf 90' lang='lat' dir='ltr'><strong>dum</strong></span> <span class='ocrx_word' id='word_1_19' title='bbox 642 619 731 680; x_wconf 87' lang='lat' dir='ltr'><strong>llllll.</strong></span> <span class='ocrx_word' id='word_1_20' title='bbox 753 627 909 698; x_wconf 86' lang='lat' dir='ltr'><strong>postquam</strong></span> <span class='ocrx_word' id='word_1_21' title='bbox 932 620 963 680; x_wconf 91' lang='lat' dir='ltr'><strong>ia</strong></span> <span class='ocrx_word' id='word_1_22' title='bbox 984 620 1086 681; x_wconf 88' lang='lat' dir='ltr'><strong>urbem</strong></span> <span class='ocrx_word' id='word_1_23' title='bbox 1108 630 1230 682; x_wconf 83' lang='lat' dir='ltr'><strong>venerat</strong></span> <span class='ocrx_word' id='word_1_24' title='bbox 1253 621 1311 694; x_wconf 83' lang='lat' dir='ltr'><strong>die,</strong></span> 
     </span>
     <span class='ocr_line' id='line_1_4' title="bbox 95 699 1313 780; baseline 0.004 -18"><span class='ocrx_word' id='word_1_25' title='bbox 95 709 197 762; x_wconf 82' lang='lat' dir='ltr'><strong>uante</strong></span> <span class='ocrx_word' id='word_1_26' title='bbox 217 699 296 760; x_wconf 90' lang='lat' dir='ltr'><strong>diem</strong></span> <span class='ocrx_word' id='word_1_27' title='bbox 317 699 381 760; x_wconf 84' lang='lat' dir='ltr'><strong>llal.</strong></span> <span class='ocrx_word' id='word_1_28' title='bbox 403 700 456 762; x_wconf 93' lang='lat' dir='ltr'><strong>lul.</strong></span> <span class='ocrx_word' id='word_1_29' title='bbox 478 704 643 780; x_wconf 83' lang='lat' dir='ltr'><strong>proiectum</strong></span> <span class='ocrx_word' id='word_1_30' title='bbox 664 701 799 765; x_wconf 89' lang='lat' dir='ltr'><strong>scribunt</strong></span> <span class='ocrx_word' id='word_1_31' title='bbox 820 704 961 766; x_wconf 82' lang='lat' dir='ltr'><strong>Severum</strong></span> <span class='ocrx_word' id='word_1_32' title='bbox 984 703 1015 764; x_wconf 90' lang='lat' dir='ltr'><strong>in</strong></span> <span class='ocrx_word' id='word_1_33' title='bbox 1037 705 1189 766; x_wconf 78' lang='lat' dir='ltr'><strong>Orientem</strong></span> <span class='ocrx_word' id='word_1_34' title='bbox 1211 713 1313 767; x_wconf 83' lang='lat' dir='ltr'><strong>conuu</strong></span> 
     </span>
     <span class='ocr_line' id='line_1_5' title="bbox 95 785 1335 867; baseline 0.003 -21"><span class='ocrx_word' id='word_1_35' title='bbox 95 785 213 864; x_wconf 77' lang='lat' dir='ltr'><strong>Nigrum</strong></span> <span class='ocrx_word' id='word_1_36' title='bbox 228 793 395 863; x_wconf 64' lang='lat' dir='ltr'><strong>monum,</strong></span> <span class='ocrx_word' id='word_1_37' title='bbox 407 785 483 846; x_wconf 87' lang='lat' dir='ltr'><strong>datis</strong></span> <span class='ocrx_word' id='word_1_38' title='bbox 497 785 581 864; x_wconf 89' lang='lat' dir='ltr'><strong>prius</strong></span> <span class='ocrx_word' id='word_1_39' title='bbox 596 785 675 866; x_wconf 90' lang='lat' dir='ltr'><strong>plebi</strong></span> <span class='ocrx_word' id='word_1_40' title='bbox 691 788 841 867; x_wconf 69' lang='lat' dir='ltr'><strong>congiario</strong></span> <span class='ocrx_word' id='word_1_41' title='bbox 853 795 883 849; x_wconf 89' lang='lat' dir='ltr'><strong>et</strong></span> <span class='ocrx_word' id='word_1_42' title='bbox 893 788 1032 849; x_wconf 84' lang='lat' dir='ltr'><strong>donativa</strong></span> <span class='ocrx_word' id='word_1_43' title='bbox 1046 788 1202 862; x_wconf 86' lang='lat' dir='ltr'><strong>militibus;</strong></span> <span class='ocrx_word' id='word_1_44' title='bbox 1224 789 1310 850; x_wconf 88' lang='lat' dir='ltr'><strong>deni-</strong></span> <span class='ocrx_word' id='word_1_45' title='bbox 1332 795 1335 802; x_wconf 58' lang='lat'><strong>⁴</strong></span> 
     </span>
     <span class='ocr_line' id='line_1_6' title="bbox 96 869 1311 949; baseline 0.005 -19"><span class='ocrx_word' id='word_1_46' title='bbox 96 889 147 949; x_wconf 85' lang='lat' dir='ltr'><strong>que</strong></span> <span class='ocrx_word' id='word_1_47' title='bbox 171 877 202 930; x_wconf 88' lang='lat' dir='ltr'><strong>et</strong></span> <span class='ocrx_word' id='word_1_48' title='bbox 223 869 296 930; x_wconf 89' lang='lat' dir='ltr'><strong>baec</strong></span> <span class='ocrx_word' id='word_1_49' title='bbox 309 869 497 930; x_wconf 78' lang='lat' dir='ltr'><strong>numismatis</strong></span> <span class='ocrx_word' id='word_1_50' title='bbox 509 870 675 949; x_wconf 89' lang='lat' dir='ltr'><strong>inscriptio:</strong></span> <span class='ocrx_word' id='word_1_51' title='bbox 696 889 757 933; x_wconf 79' lang='lat' dir='ltr'><strong>aar.</strong></span> <span class='ocrx_word' id='word_1_52' title='bbox 770 889 850 932; x_wconf 78' lang='lat' dir='ltr'><strong>onas.</strong></span> <span class='ocrx_word' id='word_1_53' title='bbox 862 891 889 932; x_wconf 82' lang='lat' dir='ltr'><strong>u.</strong></span> <span class='ocrx_word' id='word_1_54' title='bbox 902 891 986 933; x_wconf 79' lang='lat' dir='ltr'><strong>sarr.</strong></span> <span class='ocrx_word' id='word_1_55' title='bbox 996 891 1058 933; x_wconf 81' lang='lat' dir='ltr'><strong>aar.</strong></span> <span class='ocrx_word' id='word_1_56' title='bbox 1071 891 1155 934; x_wconf 83' lang='lat' dir='ltr'><strong>rrnr.</strong></span> <span class='ocrx_word' id='word_1_57' title='bbox 1167 891 1233 936; x_wconf 81' lang='lat' dir='ltr'><strong>aaa.</strong></span> <span class='ocrx_word' id='word_1_58' title='bbox 1246 892 1311 936; x_wconf 89' lang='lat' dir='ltr'><strong>cos.</strong></span> 
     </span>
     <span class='ocr_line' id='line_1_7' title="bbox 97 955 1312 1035; baseline 0.003 -19"><span class='ocrx_word' id='word_1_59' title='bbox 97 964 497 1032; x_wconf 64' lang='lat' dir='ltr'><strong>mausolaeumque</strong></span> <span class='ocrx_word' id='word_1_60' title='bbox 509 955 735 1032; x_wconf 80' lang='lat' dir='ltr'><strong>pertinetetiam</strong></span> <span class='ocrx_word' id='word_1_61' title='bbox 746 957 824 1035; x_wconf 90' lang='lat' dir='ltr'><strong>quod</strong></span> <span class='ocrx_word' id='word_1_62' title='bbox 835 957 1047 1034; x_wconf 85' lang='lat' dir='ltr'><strong>praemittitur:</strong></span> <span class='ocrx_word' id='word_1_63' title='bbox 1061 956 1154 1019; x_wconf 83' lang='lat' dir='ltr'><strong>Faces</strong></span> <span class='ocrx_word' id='word_1_64' title='bbox 1165 969 1192 1020; x_wconf 87' lang='lat' dir='ltr'><strong>et</strong></span> <span class='ocrx_word' id='word_1_65' title='bbox 1205 959 1312 1020; x_wconf 84' lang='lat' dir='ltr'><strong>tlloror</strong></span> 
     </span>
     <span class='ocr_line' id='line_1_8' title="bbox 96 1037 1311 1120; baseline 0.004 -21"><span class='ocrx_word' id='word_1_66' title='bbox 96 1043 122 1099; x_wconf 86' lang='lat' dir='ltr'><strong>in</strong></span> <span class='ocrx_word' id='word_1_67' title='bbox 135 1037 293 1118; x_wconf 76' lang='lat' dir='ltr'><strong>publicum</strong></span> <span class='ocrx_word' id='word_1_68' title='bbox 304 1039 440 1108; x_wconf 78' lang='lat' dir='ltr'><strong>educere,</strong></span> <span class='ocrx_word' id='word_1_69' title='bbox 454 1043 575 1100; x_wconf 70' lang='lat' dir='ltr'><strong>uicaria</strong></span> <span class='ocrx_word' id='word_1_70' title='bbox 587 1039 716 1120; x_wconf 89' lang='lat' dir='ltr'><strong>epulari,</strong></span> <span class='ocrx_word' id='word_1_71' title='bbox 737 1045 886 1102; x_wconf 86' lang='lat' dir='ltr'><strong>civitatem</strong></span> <span class='ocrx_word' id='word_1_72' title='bbox 900 1043 1043 1103; x_wconf 85' lang='lat' dir='ltr'><strong>tabernae</strong></span> <span class='ocrx_word' id='word_1_73' title='bbox 1057 1041 1160 1104; x_wconf 82' lang='lat' dir='ltr'><strong>babitu</strong></span> <span class='ocrx_word' id='word_1_74' title='bbox 1174 1041 1311 1120; x_wconf 74' lang='lat' dir='ltr'><strong>abolefa-</strong></span> 
     </span>
    </p>
   </div>
   <div class='ocr_carea' id='block_1_3' title="bbox 98 1121 1545 1204">
    <p class='ocr_par' dir='ltr' id='par_1_3' title="bbox 98 1121 1545 1204">
     <span class='ocr_line' id='line_1_9' title="bbox 98 1121 1545 1204; baseline 0.003 -20"><span class='ocrx_word' id='word_1_75' title='bbox 98 1141 168 1192; x_wconf 88' lang='lat' dir='ltr'><strong>cere,</strong></span> <span class='ocrx_word' id='word_1_76' title='bbox 193 1125 263 1182; x_wconf 84' lang='lat' dir='ltr'><strong>oireo</strong></span> <span class='ocrx_word' id='word_1_77' title='bbox 288 1121 386 1183; x_wconf 65' lang='lat' dir='ltr'><strong>hrum</strong></span> <span class='ocrx_word' id='word_1_78' title='bbox 408 1139 520 1201; x_wconf 83' lang='lat' dir='ltr'><strong>capere.</strong></span> <span class='ocrx_word' id='word_1_79' title='bbox 564 1121 608 1184; x_wconf 92' lang='lat' dir='ltr'><strong>Ad</strong></span> <span class='ocrx_word' id='word_1_80' title='bbox 624 1123 702 1184; x_wconf 90' lang='lat' dir='ltr'><strong>bunc</strong></span> <span class='ocrx_word' id='word_1_81' title='bbox 714 1132 866 1202; x_wconf 83' lang='lat' dir='ltr'><strong>praeterea</strong></span> <span class='ocrx_word' id='word_1_82' title='bbox 877 1143 985 1187; x_wconf 82' lang='lat' dir='ltr'><strong>annum</strong></span> <span class='ocrx_word' id='word_1_83' title='bbox 996 1124 1146 1203; x_wconf 89' lang='lat' dir='ltr'><strong>pertinere</strong></span> <span class='ocrx_word' id='word_1_84' title='bbox 1157 1131 1312 1187; x_wconf 84' lang='lat' dir='ltr'><strong>censemus</strong></span> <span class='ocrx_word' id='word_1_85' title='bbox 1430 1138 1437 1148; x_wconf 87' lang='lat'><strong>·</strong></span> <span class='ocrx_word' id='word_1_86' title='bbox 1544 1197 1545 1204; x_wconf 8' lang='grc' dir='ltr'>ἵ</span> 
     </span>
    </p>
   </div>
   <div class='ocr_carea' id='block_1_4' title="bbox 97 1205 1374 2631">
    <p class='ocr_par' dir='ltr' id='par_1_4' title="bbox 97 1205 1374 2631">
     <span class='ocr_line' id='line_1_10' title="bbox 97 1205 1314 1288; baseline 0.002 -20"><span class='ocrx_word' id='word_1_87' title='bbox 97 1206 162 1268; x_wconf 87' lang='lat' dir='ltr'><strong>ilud</strong></span> <span class='ocrx_word' id='word_1_88' title='bbox 180 1205 232 1266; x_wconf 92' lang='lat' dir='ltr'><strong>lib.</strong></span> <span class='ocrx_word' id='word_1_89' title='bbox 240 1205 285 1266; x_wconf 91' lang='lat' dir='ltr'><strong>Ad</strong></span> <span class='ocrx_word' id='word_1_90' title='bbox 296 1205 466 1282; x_wconf 78' lang='lat' dir='ltr'><strong>Scapulam:</strong></span> <span class='ocrx_word' id='word_1_91' title='bbox 489 1205 557 1286; x_wconf 84' lang='lat' dir='ltr'><strong>lpse</strong></span> <span class='ocrx_word' id='word_1_92' title='bbox 569 1211 659 1268; x_wconf 85' lang='lat' dir='ltr'><strong>etiam</strong></span> <span class='ocrx_word' id='word_1_93' title='bbox 672 1207 803 1270; x_wconf 80' lang='lat' dir='ltr'><strong>Seuerus</strong></span> <span class='ocrx_word' id='word_1_94' title='bbox 812 1209 1314 1288; x_wconf 80' lang='lat' dir='ltr'><strong>paterAutaru&#39;ru&#39;Obrietiauarura</strong></span> 
     </span>
     <span class='ocr_line' id='line_1_11' title="bbox 97 1288 1314 1372; baseline 0.002 -20"><span class='ocrx_word' id='word_1_95' title='bbox 97 1309 207 1352; x_wconf 77' lang='lat' dir='ltr'><strong>memor</strong></span> <span class='ocrx_word' id='word_1_96' title='bbox 220 1290 292 1370; x_wconf 81' lang='lat' dir='ltr'><strong>suit.</strong></span> <span class='ocrx_word' id='word_1_97' title='bbox 309 1288 387 1350; x_wconf 84' lang='lat' dir='ltr'><strong>Nam</strong></span> <span class='ocrx_word' id='word_1_98' title='bbox 403 1299 432 1350; x_wconf 90' lang='lat' dir='ltr'><strong>et</strong></span> <span class='ocrx_word' id='word_1_99' title='bbox 443 1289 608 1352; x_wconf 87' lang='lat' dir='ltr'><strong>Proculum</strong></span> <span class='ocrx_word' id='word_1_100' title='bbox 619 1291 833 1363; x_wconf 70' lang='lat' dir='ltr'><strong>Christianum,</strong></span> <span class='ocrx_word' id='word_1_101' title='bbox 862 1297 915 1372; x_wconf 84' lang='lat' dir='ltr'><strong>pai</strong></span> <span class='ocrx_word' id='word_1_102' title='bbox 927 1291 1096 1372; x_wconf 76' lang='lat' dir='ltr'><strong>Torpacion</strong></span> <span class='ocrx_word' id='word_1_103' title='bbox 1121 1295 1314 1372; x_wconf 80' lang='lat' dir='ltr'><strong>capuamr&#39;ca-</strong></span> 
     </span>
     <span class='ocr_line' id='line_1_12' title="bbox 98 1373 1312 1457; baseline 0.002 -21"><span class='ocrx_word' id='word_1_104' title='bbox 98 1375 194 1444; x_wconf 85' lang='lat' dir='ltr'><strong>latur,</strong></span> <span class='ocrx_word' id='word_1_105' title='bbox 210 1373 364 1435; x_wconf 84' lang='lat' dir='ltr'><strong>liubodice</strong></span> <span class='ocrx_word' id='word_1_106' title='bbox 377 1386 620 1452; x_wconf 87' lang='lat' dir='ltr'><strong>procuratorem,</strong></span> <span class='ocrx_word' id='word_1_107' title='bbox 637 1381 689 1456; x_wconf 84' lang='lat' dir='ltr'><strong>qui</strong></span> <span class='ocrx_word' id='word_1_108' title='bbox 702 1395 768 1438; x_wconf 82' lang='lat' dir='ltr'><strong>earm</strong></span> <span class='ocrx_word' id='word_1_109' title='bbox 779 1395 839 1457; x_wconf 90' lang='lat' dir='ltr'><strong>per</strong></span> <span class='ocrx_word' id='word_1_110' title='bbox 855 1376 953 1439; x_wconf 86' lang='lat' dir='ltr'><strong>oleum</strong></span> <span class='ocrx_word' id='word_1_111' title='bbox 964 1377 1125 1456; x_wconf 79' lang='lat' dir='ltr'><strong>alr&#39;puauda</strong></span> <span class='ocrx_word' id='word_1_112' title='bbox 1140 1387 1312 1448; x_wconf 76' lang='lat' dir='ltr'><strong>curaverat,</strong></span> 
     </span>
     <span class='ocr_line' id='line_1_13' title="bbox 99 1457 1313 1542; baseline 0.003 -24"><span class='ocrx_word' id='word_1_113' title='bbox 99 1462 261 1540; x_wconf 73' lang='lat' dir='ltr'><strong>requisivit,</strong></span> <span class='ocrx_word' id='word_1_114' title='bbox 284 1467 312 1518; x_wconf 85' lang='lat' dir='ltr'><strong>et</strong></span> <span class='ocrx_word' id='word_1_115' title='bbox 327 1461 360 1518; x_wconf 83' lang='lat' dir='ltr'><strong>iu</strong></span> <span class='ocrx_word' id='word_1_116' title='bbox 371 1457 487 1539; x_wconf 82' lang='lat' dir='ltr'><strong>palatio</strong></span> <span class='ocrx_word' id='word_1_117' title='bbox 505 1477 559 1520; x_wconf 83' lang='lat' dir='ltr'><strong>erro</strong></span> <span class='ocrx_word' id='word_1_118' title='bbox 576 1460 787 1542; x_wconf 73' lang='lat' dir='ltr'><strong>intuitusque</strong></span> <span class='ocrx_word' id='word_1_119' title='bbox 803 1462 843 1522; x_wconf 94' lang='lat' dir='ltr'><strong>ad</strong></span> <span class='ocrx_word' id='word_1_120' title='bbox 857 1473 984 1522; x_wconf 75' lang='lat' dir='ltr'><strong>mortem</strong></span> <span class='ocrx_word' id='word_1_121' title='bbox 1000 1465 1080 1532; x_wconf 84' lang='lat' dir='ltr'><strong>eiue;</strong></span> <span class='ocrx_word' id='word_1_122' title='bbox 1103 1479 1189 1541; x_wconf 63' lang='lat' dir='ltr'><strong>wem</strong></span> <span class='ocrx_word' id='word_1_123' title='bbox 1204 1473 1233 1522; x_wconf 90' lang='lat' dir='ltr'><strong>et</strong></span> <span class='ocrx_word' id='word_1_124' title='bbox 1247 1457 1313 1522; x_wconf 84' lang='lat' dir='ltr'><strong>Aa·</strong></span> 
     </span>
     <span class='ocr_line' id='line_1_14' title="bbox 99 1543 1314 1622; baseline 0.002 -19"><span class='ocrx_word' id='word_1_125' title='bbox 99 1547 218 1604; x_wconf 80' lang='lat' dir='ltr'><strong>laninas</strong></span> <span class='ocrx_word' id='word_1_126' title='bbox 241 1545 351 1622; x_wconf 82' lang='lat' dir='ltr'><strong>opteine</strong></span> <span class='ocrx_word' id='word_1_127' title='bbox 372 1553 501 1604; x_wconf 84' lang='lat' dir='ltr'><strong>uouerat</strong></span> <span class='ocrx_word' id='word_1_128' title='bbox 518 1543 691 1606; x_wconf 80' lang='lat' dir='ltr'><strong>Cbrirtiaua</strong></span> <span class='ocrx_word' id='word_1_129' title='bbox 707 1545 783 1608; x_wconf 89' lang='lat' dir='ltr'><strong>lacte</strong></span> <span class='ocrx_word' id='word_1_130' title='bbox 799 1545 942 1607; x_wconf 84' lang='lat' dir='ltr'><strong>educatus</strong></span> <span class='ocrx_word' id='word_1_131' title='bbox 959 1546 1014 1618; x_wconf 89' lang='lat' dir='ltr'><strong>(Ad</strong></span> <span class='ocrx_word' id='word_1_132' title='bbox 1029 1545 1113 1622; x_wconf 89' lang='lat' dir='ltr'><strong>Scep.</strong></span> <span class='ocrx_word' id='word_1_133' title='bbox 1126 1563 1151 1605; x_wconf 74' lang='lat' dir='ltr'><strong>r.</strong></span> <span class='ocrx_word' id='word_1_134' title='bbox 1164 1547 1216 1620; x_wconf 87' lang='grc'>4.).</span> <span class='ocrx_word' id='word_1_135' title='bbox 1239 1544 1314 1606; x_wconf 87' lang='lat' dir='ltr'><strong>Nem</strong></span> 
     </span>
     <span class='ocr_line' id='line_1_15' title="bbox 100 1625 1313 1706; baseline 0.002 -18"><span class='ocrx_word' id='word_1_136' title='bbox 100 1626 231 1688; x_wconf 88' lang='lat' dir='ltr'><strong>morbum</strong></span> <span class='ocrx_word' id='word_1_137' title='bbox 246 1625 287 1686; x_wconf 90' lang='lat' dir='ltr'><strong>illi</strong></span> <span class='ocrx_word' id='word_1_138' title='bbox 303 1645 422 1704; x_wconf 80' lang='lat' dir='ltr'><strong>gravem</strong></span> <span class='ocrx_word' id='word_1_139' title='bbox 438 1627 598 1706; x_wconf 81' lang='lat' dir='ltr'><strong>contigisse</strong></span> <span class='ocrx_word' id='word_1_140' title='bbox 613 1628 698 1688; x_wconf 91' lang='lat' dir='ltr'><strong>initia</strong></span> <span class='ocrx_word' id='word_1_141' title='bbox 713 1629 841 1706; x_wconf 88' lang='lat' dir='ltr'><strong>imperii,</strong></span> <span class='ocrx_word' id='word_1_142' title='bbox 858 1647 893 1688; x_wconf 83' lang='lat' dir='ltr'><strong>ex</strong></span> <span class='ocrx_word' id='word_1_143' title='bbox 906 1628 989 1690; x_wconf 84' lang='lat' dir='ltr'><strong>Aelio</strong></span> <span class='ocrx_word' id='word_1_144' title='bbox 1000 1628 1169 1706; x_wconf 85' lang='lat' dir='ltr'><strong>Lampridio</strong></span> <span class='ocrx_word' id='word_1_145' title='bbox 1185 1629 1230 1689; x_wconf 85' lang='lat' dir='ltr'><strong>vel</strong></span> <span class='ocrx_word' id='word_1_146' title='bbox 1244 1628 1313 1690; x_wconf 88' lang='lat' dir='ltr'><strong>indo</strong></span> 
     </span>
     <span class='ocr_line' id='line_1_16' title="bbox 100 1711 1374 1790; baseline 0 -18"><span class='ocrx_word' id='word_1_147' title='bbox 100 1720 182 1788; x_wconf 84' lang='lat' dir='ltr'><strong>potet,</strong></span> <span class='ocrx_word' id='word_1_148' title='bbox 203 1711 284 1789; x_wconf 89' lang='lat' dir='ltr'><strong>quad</strong></span> <span class='ocrx_word' id='word_1_149' title='bbox 305 1729 396 1788; x_wconf 86' lang='lat' dir='ltr'><strong>quum</strong></span> <span class='ocrx_word' id='word_1_150' title='bbox 416 1711 468 1772; x_wconf 89' lang='lat' dir='ltr'><strong>lilii</strong></span> <span class='ocrx_word' id='word_1_151' title='bbox 490 1713 536 1772; x_wconf 88' lang='lat' dir='ltr'><strong>sui</strong></span> <span class='ocrx_word' id='word_1_152' title='bbox 558 1711 587 1772; x_wconf 85' lang='lat' dir='ltr'><strong>id</strong></span> <span class='ocrx_word' id='word_1_153' title='bbox 609 1713 713 1772; x_wconf 84' lang='lat' dir='ltr'><strong>aetatis</strong></span> <span class='ocrx_word' id='word_1_154' title='bbox 735 1730 796 1772; x_wconf 92' lang='lat' dir='ltr'><strong>uon</strong></span> <span class='ocrx_word' id='word_1_155' title='bbox 811 1712 955 1773; x_wconf 84' lang='lat' dir='ltr'><strong>baberent</strong></span> <span class='ocrx_word' id='word_1_156' title='bbox 969 1713 1163 1789; x_wconf 86' lang='lat' dir='ltr'><strong>utimperare</strong></span> <span class='ocrx_word' id='word_1_157' title='bbox 1178 1719 1311 1790; x_wconf 75' lang='lat' dir='ltr'><strong>praesent,</strong></span> <span class='ocrx_word' id='word_1_158' title='bbox 1372 1771 1374 1779; x_wconf 77' lang='grc'>,</span> 
     </span>
     <span class='ocr_line' id='line_1_17' title="bbox 101 1792 1312 1876; baseline 0.002 -21"><span class='ocrx_word' id='word_1_159' title='bbox 101 1792 235 1855; x_wconf 76' lang='lat' dir='ltr'><strong>Severum</strong></span> <span class='ocrx_word' id='word_1_160' title='bbox 257 1796 287 1855; x_wconf 88' lang='lat' dir='ltr'><strong>id</strong></span> <span class='ocrx_word' id='word_1_161' title='bbox 310 1795 341 1856; x_wconf 90' lang='lat' dir='ltr'><strong>in</strong></span> <span class='ocrx_word' id='word_1_162' title='bbox 363 1794 462 1855; x_wconf 85' lang='lat' dir='ltr'><strong>animo</strong></span> <span class='ocrx_word' id='word_1_163' title='bbox 483 1795 624 1856; x_wconf 87' lang='lat' dir='ltr'><strong>babuisse</strong></span> <span class='ocrx_word' id='word_1_164' title='bbox 646 1796 807 1874; x_wconf 84' lang='lat' dir='ltr'><strong>scripserit,</strong></span> <span class='ocrx_word' id='word_1_165' title='bbox 830 1805 873 1868; x_wconf 91' lang='lat' dir='ltr'><strong>ut,</strong></span> <span class='ocrx_word' id='word_1_166' title='bbox 895 1797 921 1856; x_wconf 86' lang='lat' dir='ltr'><strong>ei</strong></span> <span class='ocrx_word' id='word_1_167' title='bbox 944 1797 1012 1876; x_wconf 88' lang='lat' dir='ltr'><strong>quid</strong></span> <span class='ocrx_word' id='word_1_168' title='bbox 1035 1796 1093 1857; x_wconf 87' lang='lat' dir='ltr'><strong>sibi</strong></span> <span class='ocrx_word' id='word_1_169' title='bbox 1114 1798 1190 1858; x_wconf 88' lang='lat' dir='ltr'><strong>lorte</strong></span> <span class='ocrx_word' id='word_1_170' title='bbox 1205 1797 1312 1858; x_wconf 83' lang='lat' dir='ltr'><strong>buma-</strong></span> 
     </span>
     <span class='ocr_line' id='line_1_18' title="bbox 100 1879 1312 1957; baseline 0.002 -19"><span class='ocrx_word' id='word_1_171' title='bbox 100 1881 177 1939; x_wconf 90' lang='lat' dir='ltr'><strong>nitus</strong></span> <span class='ocrx_word' id='word_1_172' title='bbox 204 1879 376 1951; x_wconf 76' lang='lat' dir='ltr'><strong>erudisset,</strong></span> <span class='ocrx_word' id='word_1_173' title='bbox 408 1879 497 1957; x_wconf 79' lang='lat' dir='ltr'><strong>Niger</strong></span> <span class='ocrx_word' id='word_1_174' title='bbox 523 1879 703 1944; x_wconf 85' lang='lat' dir='ltr'><strong>Pescennius</strong></span> <span class='ocrx_word' id='word_1_175' title='bbox 736 1885 766 1941; x_wconf 87' lang='lat' dir='ltr'><strong>et</strong></span> <span class='ocrx_word' id='word_1_176' title='bbox 797 1880 919 1942; x_wconf 83' lang='lat' dir='ltr'><strong>Clodius</strong></span> <span class='ocrx_word' id='word_1_177' title='bbox 952 1880 1074 1942; x_wconf 76' lang='lat' dir='ltr'><strong>Albinus</strong></span> <span class='ocrx_word' id='word_1_178' title='bbox 1105 1882 1312 1955; x_wconf 76' lang='lat' dir='ltr'><strong>succederent3</strong></span> 
     </span>
     <span class='ocr_line' id='line_1_19' title="bbox 105 1963 1312 2042; baseline 0.002 -19"><span class='ocrx_word' id='word_1_179' title='bbox 105 1981 220 2040; x_wconf 78' lang='lat' dir='ltr'><strong>quoram</strong></span> <span class='ocrx_word' id='word_1_180' title='bbox 248 1963 298 2024; x_wconf 92' lang='lat' dir='ltr'><strong>ille</strong></span> <span class='ocrx_word' id='word_1_181' title='bbox 327 1963 442 2024; x_wconf 85' lang='lat' dir='ltr'><strong>occisus</strong></span> <span class='ocrx_word' id='word_1_182' title='bbox 463 1963 518 2024; x_wconf 87' lang='lat' dir='ltr'><strong>luit</strong></span> <span class='ocrx_word' id='word_1_183' title='bbox 537 1983 615 2024; x_wconf 87' lang='lat' dir='ltr'><strong>unna</strong></span> <span class='ocrx_word' id='word_1_184' title='bbox 638 1965 781 2042; x_wconf 87' lang='lat' dir='ltr'><strong>sequenti.</strong></span> <span class='ocrx_word' id='word_1_185' title='bbox 825 1965 861 2025; x_wconf 84' lang='lat' dir='ltr'><strong>lu</strong></span> <span class='ocrx_word' id='word_1_186' title='bbox 882 1981 973 2042; x_wconf 90' lang='lat' dir='ltr'><strong>quum</strong></span> <span class='ocrx_word' id='word_1_187' title='bbox 995 1964 1093 2036; x_wconf 85' lang='lat' dir='ltr'><strong>(sicuti</strong></span> <span class='ocrx_word' id='word_1_188' title='bbox 1115 1965 1191 2025; x_wconf 85' lang='lat' dir='ltr'><strong>inira</strong></span> <span class='ocrx_word' id='word_1_189' title='bbox 1211 1964 1312 2040; x_wconf 82' lang='lat' dir='ltr'><strong>latius)</strong></span> 
     </span>
     <span class='ocr_line' id='line_1_20' title="bbox 102 2047 1313 2127; baseline 0.001 -20"><span class='ocrx_word' id='word_1_190' title='bbox 102 2065 175 2107; x_wconf 86' lang='lat' dir='ltr'><strong>anuo</strong></span> <span class='ocrx_word' id='word_1_191' title='bbox 194 2047 288 2125; x_wconf 77' lang='lat' dir='ltr'><strong>ipsius</strong></span> <span class='ocrx_word' id='word_1_192' title='bbox 311 2048 360 2108; x_wconf 89' lang='lat' dir='ltr'><strong>lV.</strong></span> <span class='ocrx_word' id='word_1_193' title='bbox 381 2047 545 2108; x_wconf 75' lang='lat' dir='ltr'><strong>Antoninus</strong></span> <span class='ocrx_word' id='word_1_194' title='bbox 567 2065 675 2110; x_wconf 83' lang='lat' dir='ltr'><strong>annum</strong></span> <span class='ocrx_word' id='word_1_195' title='bbox 697 2067 787 2127; x_wconf 74' lang='lat' dir='ltr'><strong>agens</strong></span> <span class='ocrx_word' id='word_1_196' title='bbox 807 2049 886 2112; x_wconf 69' lang='lat' dir='ltr'><strong>utu.</strong></span> <span class='ocrx_word' id='word_1_197' title='bbox 917 2048 1032 2110; x_wconf 85' lang='lat' dir='ltr'><strong>Caesar.</strong></span> <span class='ocrx_word' id='word_1_198' title='bbox 1055 2049 1128 2126; x_wconf 87' lang='lat' dir='ltr'><strong>Aug.</strong></span> <span class='ocrx_word' id='word_1_199' title='bbox 1151 2048 1313 2126; x_wconf 82' lang='lat' dir='ltr'><strong>appellatus</strong></span> 
     </span>
     <span class='ocr_line' id='line_1_21' title="bbox 101 2131 1313 2210; baseline 0.001 -19"><span class='ocrx_word' id='word_1_200' title='bbox 101 2131 144 2202; x_wconf 88' lang='lat' dir='ltr'><strong>sil,</strong></span> <span class='ocrx_word' id='word_1_201' title='bbox 159 2131 312 2209; x_wconf 78' lang='lat' dir='ltr'><strong>oportebit</strong></span> <span class='ocrx_word' id='word_1_202' title='bbox 329 2132 389 2192; x_wconf 92' lang='lat' dir='ltr'><strong>huc</strong></span> <span class='ocrx_word' id='word_1_203' title='bbox 408 2133 518 2192; x_wconf 87' lang='lat' dir='ltr'><strong>relerrc</strong></span> <span class='ocrx_word' id='word_1_204' title='bbox 540 2133 619 2210; x_wconf 89' lang='lat' dir='ltr'><strong>quod</strong></span> <span class='ocrx_word' id='word_1_205' title='bbox 641 2133 677 2194; x_wconf 86' lang='lat' dir='ltr'><strong>de</strong></span> <span class='ocrx_word' id='word_1_206' title='bbox 699 2133 778 2193; x_wconf 83' lang='lat' dir='ltr'><strong>illiue</strong></span> <span class='ocrx_word' id='word_1_207' title='bbox 799 2133 1098 2194; x_wconf 83' lang='lat' dir='ltr'><strong>scribiteducatioue</strong></span> <span class='ocrx_word' id='word_1_208' title='bbox 1118 2133 1237 2193; x_wconf 92' lang='lat' dir='ltr'><strong>Auctor.</strong></span> <span class='ocrx_word' id='word_1_209' title='bbox 1260 2131 1313 2192; x_wconf 83' lang='lat' dir='ltr'><strong>uui</strong></span> 
     </span>
     <span class='ocr_line' id='line_1_22' title="bbox 101 2215 1313 2298; baseline 0.002 -22"><span class='ocrx_word' id='word_1_210' title='bbox 101 2215 189 2276; x_wconf 85' lang='lat' dir='ltr'><strong>sunile</strong></span> <span class='ocrx_word' id='word_1_211' title='bbox 212 2222 258 2276; x_wconf 85' lang='lat' dir='ltr'><strong>est</strong></span> <span class='ocrx_word' id='word_1_212' title='bbox 277 2215 349 2277; x_wconf 86' lang='lat' dir='ltr'><strong>illud</strong></span> <span class='ocrx_word' id='word_1_213' title='bbox 372 2216 408 2276; x_wconf 89' lang='lat' dir='ltr'><strong>de</strong></span> <span class='ocrx_word' id='word_1_214' title='bbox 431 2215 480 2276; x_wconf 92' lang='lat' dir='ltr'><strong>illo</strong></span> <span class='ocrx_word' id='word_1_215' title='bbox 503 2217 664 2294; x_wconf 84' lang='lat' dir='ltr'><strong>Spartiani:</strong></span> <span class='ocrx_word' id='word_1_216' title='bbox 692 2217 749 2288; x_wconf 90' lang='lat' dir='ltr'><strong>„Si</strong></span> <span class='ocrx_word' id='word_1_217' title='bbox 769 2221 880 2298; x_wconf 62' lang='lat' dir='ltr'><strong>wareto</strong></span> <span class='ocrx_word' id='word_1_218' title='bbox 903 2218 981 2296; x_wconf 76' lang='lat' dir='ltr'><strong>seris</strong></span> <span class='ocrx_word' id='word_1_219' title='bbox 1006 2217 1132 2280; x_wconf 84' lang='lat' dir='ltr'><strong>obiectae</strong></span> <span class='ocrx_word' id='word_1_220' title='bbox 1156 2217 1313 2279; x_wconf 84' lang='lat' dir='ltr'><strong>damnatos</strong></span> 
     </span>
     <span class='ocr_line' id='line_1_23' title="bbox 101 2299 1314 2382; baseline 0.001 -22"><span class='ocrx_word' id='word_1_221' title='bbox 101 2301 178 2370; x_wconf 85' lang='lat' dir='ltr'><strong>uidit,</strong></span> <span class='ocrx_word' id='word_1_222' title='bbox 200 2299 296 2378; x_wconf 61' lang='lat' dir='ltr'><strong>fleuit,</strong></span> <span class='ocrx_word' id='word_1_223' title='bbox 320 2312 376 2362; x_wconf 90' lang='lat' dir='ltr'><strong>aut</strong></span> <span class='ocrx_word' id='word_1_224' title='bbox 398 2301 500 2362; x_wconf 83' lang='lat' dir='ltr'><strong>curios</strong></span> <span class='ocrx_word' id='word_1_225' title='bbox 516 2305 636 2364; x_wconf 83' lang='lat' dir='ltr'><strong>auertit.</strong></span> <span class='ocrx_word' id='word_1_226' title='bbox 660 2301 817 2382; x_wconf 85' lang='lat' dir='ltr'><strong>Septeuuir</strong></span> <span class='ocrx_word' id='word_1_227' title='bbox 825 2319 914 2381; x_wconf 88' lang='lat' dir='ltr'><strong>puer,</strong></span> <span class='ocrx_word' id='word_1_228' title='bbox 931 2321 1022 2382; x_wconf 76' lang='lat' dir='ltr'><strong>prtum</strong></span> <span class='ocrx_word' id='word_1_229' title='bbox 1033 2301 1213 2363; x_wconf 73' lang='lat' dir='ltr'><strong>callusmem</strong></span> <span class='ocrx_word' id='word_1_230' title='bbox 1225 2318 1314 2362; x_wconf 82' lang='lat' dir='ltr'><strong>eurem</strong></span> 
     </span>
     <span class='ocr_line' id='line_1_24' title="bbox 97 2384 1314 2465; baseline -0.001 -20"><span class='ocrx_word' id='word_1_231' title='bbox 97 2402 224 2464; x_wconf 76' lang='lat' dir='ltr'><strong>puerum</strong></span> <span class='ocrx_word' id='word_1_232' title='bbox 253 2386 289 2446; x_wconf 86' lang='lat' dir='ltr'><strong>ab</strong></span> <span class='ocrx_word' id='word_1_233' title='bbox 318 2384 473 2446; x_wconf 78' lang='lat' dir='ltr'><strong>Iudaicam</strong></span> <span class='ocrx_word' id='word_1_234' title='bbox 494 2385 668 2465; x_wconf 80' lang='lat' dir='ltr'><strong>relipiouem</strong></span> <span class='ocrx_word' id='word_1_235' title='bbox 688 2391 813 2464; x_wconf 77' lang='lat' dir='ltr'><strong>pravius</strong></span> <span class='ocrx_word' id='word_1_236' title='bbox 835 2385 1026 2448; x_wconf 86' lang='lat' dir='ltr'><strong>uerberatum</strong></span> <span class='ocrx_word' id='word_1_237' title='bbox 1048 2387 1197 2456; x_wconf 78' lang='lat' dir='ltr'><strong>audieret,</strong></span> <span class='ocrx_word' id='word_1_238' title='bbox 1219 2401 1314 2465; x_wconf 82' lang='lat' dir='ltr'><strong>nepae</strong></span> 
     </span>
     <span class='ocr_line' id='line_1_25' title="bbox 98 2468 1313 2550; baseline 0.001 -22"><span class='ocrx_word' id='word_1_239' title='bbox 98 2481 212 2546; x_wconf 83' lang='lat' dir='ltr'><strong>patrem</strong></span> <span class='ocrx_word' id='word_1_240' title='bbox 234 2487 331 2540; x_wconf 73' lang='lat' dir='ltr'><strong>mum,</strong></span> <span class='ocrx_word' id='word_1_241' title='bbox 356 2487 449 2550; x_wconf 80' lang='lat' dir='ltr'><strong>neque</strong></span> <span class='ocrx_word' id='word_1_242' title='bbox 468 2480 588 2548; x_wconf 85' lang='lat' dir='ltr'><strong>patrem</strong></span> <span class='ocrx_word' id='word_1_243' title='bbox 607 2473 706 2550; x_wconf 85' lang='lat' dir='ltr'><strong>pueri,</strong></span> <span class='ocrx_word' id='word_1_244' title='bbox 730 2488 823 2549; x_wconf 80' lang='lat' dir='ltr'><strong>aeque</strong></span> <span class='ocrx_word' id='word_1_245' title='bbox 845 2481 998 2532; x_wconf 85' lang='lat' dir='ltr'><strong>auctorem</strong></span> <span class='ocrx_word' id='word_1_246' title='bbox 1016 2470 1177 2531; x_wconf 79' lang='lat' dir='ltr'><strong>cerberum</strong></span> <span class='ocrx_word' id='word_1_247' title='bbox 1194 2468 1247 2530; x_wconf 89' lang='lat' dir='ltr'><strong>diu</strong></span> <span class='ocrx_word' id='word_1_248' title='bbox 1262 2486 1313 2529; x_wconf 88' lang='lat' dir='ltr'><strong>re·-</strong></span> 
     </span>
     <span class='ocr_line' id='line_1_26' title="bbox 100 2551 1313 2631; baseline 0 -17"><span class='ocrx_word' id='word_1_249' title='bbox 100 2557 224 2630; x_wconf 64' lang='lat' dir='ltr'><strong>specict‘</strong></span> <span class='ocrx_word' id='word_1_250' title='bbox 269 2553 442 2614; x_wconf 72' lang='lat' dir='ltr'><strong>christiano</strong></span> <span class='ocrx_word' id='word_1_251' title='bbox 465 2571 538 2614; x_wconf 86' lang='lat' dir='ltr'><strong>oero</strong></span> <span class='ocrx_word' id='word_1_252' title='bbox 562 2554 637 2616; x_wconf 88' lang='lat' dir='ltr'><strong>lactc</strong></span> <span class='ocrx_word' id='word_1_253' title='bbox 663 2556 836 2624; x_wconf 87' lang='lat' dir='ltr'><strong>educatum,</strong></span> <span class='ocrx_word' id='word_1_254' title='bbox 869 2571 903 2614; x_wconf 85' lang='lat' dir='ltr'><strong>ex</strong></span> <span class='ocrx_word' id='word_1_255' title='bbox 931 2573 967 2615; x_wconf 87' lang='lat' dir='ltr'><strong>eo</strong></span> <span class='ocrx_word' id='word_1_256' title='bbox 994 2554 1200 2628; x_wconf 85' lang='lat' dir='ltr'><strong>consumatur,</strong></span> <span class='ocrx_word' id='word_1_257' title='bbox 1234 2551 1313 2631; x_wconf 88' lang='lat' dir='ltr'><strong>quod</strong></span> 
     </span>
    </p>
   </div>
   <div class='ocr_carea' id='block_1_5' title="bbox 98 2635 907 2736">
    <p class='ocr_par' dir='ltr' id='par_1_5' title="bbox 98 2635 907 2736">
     <span class='ocr_line' id='line_1_27' title="bbox 98 2635 907 2736; baseline 0.002 -40"><span class='ocrx_word' id='word_1_258' title='bbox 98 2635 229 2715; x_wconf 84' lang='lat' dir='ltr'><strong>bugdruri</strong></span> <span class='ocrx_word' id='word_1_259' title='bbox 249 2645 337 2698; x_wconf 86' lang='lat' dir='ltr'><strong>natus</strong></span> <span class='ocrx_word' id='word_1_260' title='bbox 360 2637 409 2710; x_wconf 85' lang='lat' dir='ltr'><strong>sit,</strong></span> <span class='ocrx_word' id='word_1_261' title='bbox 430 2636 480 2736; x_wconf 82' lang='lat' dir='ltr'><strong>ubi</strong></span> <span class='ocrx_word' id='word_1_262' title='bbox 503 2637 619 2715; x_wconf 80' lang='lat' dir='ltr'><strong>vigebat</strong></span> <span class='ocrx_word' id='word_1_263' title='bbox 638 2638 711 2699; x_wconf 87' lang='lat' dir='ltr'><strong>lidos</strong></span> <span class='ocrx_word' id='word_1_264' title='bbox 733 2637 907 2699; x_wconf 85' lang='lat' dir='ltr'><strong>Christiana.</strong></span> 
     </span>
    </p>
   </div>
   <div class='ocr_carea' id='block_1_6' title="bbox 20 2801 1319 4643">
    <p class='ocr_par' dir='ltr' id='par_1_6' title="bbox 20 2801 1319 4643">
     <span class='ocr_line' id='line_1_28' title="bbox 179 2801 1314 2884; baseline -0.001 -20"><span class='ocrx_word' id='word_1_265' title='bbox 179 2805 265 2866; x_wconf 86' lang='lat' dir='ltr'><strong>Anna</strong></span> <span class='ocrx_word' id='word_1_266' title='bbox 288 2805 406 2866; x_wconf 81' lang='lat' dir='ltr'><strong>Domini</strong></span> <span class='ocrx_word' id='word_1_267' title='bbox 421 2805 526 2868; x_wconf 85' lang='lat' dir='ltr'>CXCV.</span> <span class='ocrx_word' id='word_1_268' title='bbox 557 2806 627 2884; x_wconf 89' lang='lat' dir='ltr'><strong>imp.</strong></span> <span class='ocrx_word' id='word_1_269' title='bbox 652 2807 735 2866; x_wconf 83' lang='lat' dir='ltr'><strong>Caes.</strong></span> <span class='ocrx_word' id='word_1_270' title='bbox 757 2805 792 2866; x_wconf 88' lang='lat' dir='ltr'><strong>L.</strong></span> <span class='ocrx_word' id='word_1_271' title='bbox 816 2807 897 2884; x_wconf 81' lang='lat' dir='ltr'><strong>Sept</strong></span> <span class='ocrx_word' id='word_1_272' title='bbox 924 2805 991 2866; x_wconf 83' lang='lat' dir='ltr'><strong>Ser.</strong></span> <span class='ocrx_word' id='word_1_273' title='bbox 1016 2804 1095 2863; x_wconf 89' lang='lat' dir='ltr'><strong>Pert.</strong></span> <span class='ocrx_word' id='word_1_274' title='bbox 1121 2803 1194 2880; x_wconf 80' lang='lat' dir='ltr'><strong>Aug.</strong></span> <span class='ocrx_word' id='word_1_275' title='bbox 1220 2801 1257 2862; x_wconf 92' lang='lat' dir='ltr'><strong>ll.</strong></span> <span class='ocrx_word' id='word_1_276' title='bbox 1284 2810 1314 2864; x_wconf 87' lang='lat' dir='ltr'><strong>et</strong></span> 
     </span>
     <span class='ocr_line' id='line_1_29' title="bbox 99 2886 1313 2968; baseline -0.002 -20"><span class='ocrx_word' id='word_1_277' title='bbox 99 2887 130 2948; x_wconf 85' lang='lat' dir='ltr'><strong>u.</strong></span> <span class='ocrx_word' id='word_1_278' title='bbox 157 2887 261 2950; x_wconf 83' lang='lat' dir='ltr'><strong>Gladio</strong></span> <span class='ocrx_word' id='word_1_279' title='bbox 292 2891 374 2968; x_wconf 85' lang='lat' dir='ltr'><strong>Sept.</strong></span> <span class='ocrx_word' id='word_1_280' title='bbox 396 2889 501 2951; x_wconf 91' lang='lat' dir='ltr'><strong>Albino</strong></span> <span class='ocrx_word' id='word_1_281' title='bbox 516 2889 607 2952; x_wconf 75' lang='lat' dir='ltr'><strong>&#39;Caes</strong></span> <span class='ocrx_word' id='word_1_282' title='bbox 623 2890 659 2950; x_wconf 94' lang='lat' dir='ltr'><strong>ll.</strong></span> <span class='ocrx_word' id='word_1_283' title='bbox 682 2907 761 2950; x_wconf 85' lang='lat' dir='ltr'><strong>coss.</strong></span> <span class='ocrx_word' id='word_1_284' title='bbox 783 2907 851 2950; x_wconf 86' lang='lat' dir='ltr'><strong>ann.</strong></span> <span class='ocrx_word' id='word_1_285' title='bbox 873 2887 923 2948; x_wconf 90' lang='lat' dir='ltr'><strong>lX.</strong></span> <span class='ocrx_word' id='word_1_286' title='bbox 947 2889 977 2948; x_wconf 92' lang='lat' dir='ltr'><strong>S.</strong></span> <span class='ocrx_word' id='word_1_287' title='bbox 991 2887 1115 2946; x_wconf 83' lang='lat' dir='ltr'><strong>Victoris</strong></span> <span class='ocrx_word' id='word_1_288' title='bbox 1126 2886 1211 2945; x_wconf 83' lang='lat' dir='ltr'><strong>llam.</strong></span> <span class='ocrx_word' id='word_1_289' title='bbox 1229 2893 1313 2962; x_wconf 80' lang='lat' dir='ltr'><strong>pont.</strong></span> 
     </span>
     <span class='ocr_line' id='line_1_30' title="bbox 99 2967 1313 3052; baseline -0.003 -21"><span class='ocrx_word' id='word_1_290' title='bbox 99 2983 125 3032; x_wconf 87' lang='lat' dir='ltr'><strong>et</strong></span> <span class='ocrx_word' id='word_1_291' title='bbox 144 2973 241 3052; x_wconf 82' lang='lat' dir='ltr'><strong>ipsius</strong></span> <span class='ocrx_word' id='word_1_292' title='bbox 262 2974 365 3034; x_wconf 82' lang='lat' dir='ltr'><strong>Severi</strong></span> <span class='ocrx_word' id='word_1_293' title='bbox 387 2974 424 3034; x_wconf 93' lang='lat' dir='ltr'><strong>ll.</strong></span> <span class='ocrx_word' id='word_1_294' title='bbox 446 2972 726 3050; x_wconf 78' lang='lat' dir='ltr'><strong>edbaaCartbagine</strong></span> <span class='ocrx_word' id='word_1_295' title='bbox 738 2991 891 3034; x_wconf 76' lang='lat' dir='ltr'><strong>musarum</strong></span> <span class='ocrx_word' id='word_1_296' title='bbox 903 2970 1176 3032; x_wconf 85' lang='lat' dir='ltr'><strong>luisseadvooatum</strong></span> <span class='ocrx_word' id='word_1_297' title='bbox 1193 2967 1313 3028; x_wconf 85' lang='lat' dir='ltr'><strong>Tertul-</strong></span> 
     </span>
     <span class='ocr_line' id='line_1_31' title="bbox 99 3051 1314 3130; baseline -0.002 -14"><span class='ocrx_word' id='word_1_298' title='bbox 99 3056 204 3118; x_wconf 77' lang='lat' dir='ltr'><strong>lianum</strong></span> <span class='ocrx_word' id='word_1_299' title='bbox 222 3058 451 3118; x_wconf 81' lang='lat' dir='ltr'><strong>verisimileeat.</strong></span> <span class='ocrx_word' id='word_1_300' title='bbox 494 3057 537 3118; x_wconf 89' lang='lat' dir='ltr'><strong>Ad</strong></span> <span class='ocrx_word' id='word_1_301' title='bbox 560 3058 638 3117; x_wconf 87' lang='lat' dir='ltr'><strong>bunc</strong></span> <span class='ocrx_word' id='word_1_302' title='bbox 652 3063 871 3117; x_wconf 86' lang='lat' dir='ltr'><strong>autemannum</strong></span> <span class='ocrx_word' id='word_1_303' title='bbox 893 3053 997 3114; x_wconf 86' lang='lat' dir='ltr'><strong>relerri</strong></span> <span class='ocrx_word' id='word_1_304' title='bbox 1019 3052 1106 3114; x_wconf 84' lang='lat' dir='ltr'><strong>debet</strong></span> <span class='ocrx_word' id='word_1_305' title='bbox 1127 3051 1198 3112; x_wconf 91' lang='lat' dir='ltr'><strong>illud</strong></span> <span class='ocrx_word' id='word_1_306' title='bbox 1219 3051 1314 3130; x_wconf 88' lang='lat' dir='ltr'><strong>ipsius</strong></span> 
     </span>
     <span class='ocr_line' id='line_1_32' title="bbox 100 3138 1313 3220; baseline -0.002 -21"><span class='ocrx_word' id='word_1_307' title='bbox 100 3140 147 3200; x_wconf 88' lang='lat' dir='ltr'><strong>lib.</strong></span> <span class='ocrx_word' id='word_1_308' title='bbox 177 3142 221 3203; x_wconf 83' lang='lat' dir='ltr'><strong>Ad</strong></span> <span class='ocrx_word' id='word_1_309' title='bbox 244 3142 413 3220; x_wconf 79' lang='lat' dir='ltr'><strong>Smpulam:</strong></span> <span class='ocrx_word' id='word_1_310' title='bbox 451 3141 500 3203; x_wconf 84' lang='lat' dir='ltr'><strong>Sic</strong></span> <span class='ocrx_word' id='word_1_311' title='bbox 527 3153 556 3202; x_wconf 91' lang='lat' dir='ltr'><strong>et</strong></span> <span class='ocrx_word' id='word_1_312' title='bbox 585 3146 666 3204; x_wconf 78' lang='lat' dir='ltr'><strong>droa</strong></span> <span class='ocrx_word' id='word_1_313' title='bbox 691 3145 874 3202; x_wconf 82' lang='lat' dir='ltr'><strong>maiestatem</strong></span> <span class='ocrx_word' id='word_1_314' title='bbox 902 3141 1096 3216; x_wconf 66' lang='lat' dir='ltr'><strong>imperatorie</strong></span> <span class='ocrx_word' id='word_1_315' title='bbox 1118 3138 1313 3214; x_wconf 71' lang='lat' dir='ltr'><strong>infamamur,</strong></span> 
     </span>
     <span class='ocr_line' id='line_1_33' title="bbox 102 3222 1315 3307; baseline -0.001 -23"><span class='ocrx_word' id='word_1_316' title='bbox 102 3235 195 3288; x_wconf 75' lang='lat' dir='ltr'><strong>tamen</strong></span> <span class='ocrx_word' id='word_1_317' title='bbox 222 3245 377 3307; x_wconf 81' lang='lat' dir='ltr'><strong>nunquam</strong></span> <span class='ocrx_word' id='word_1_318' title='bbox 398 3225 553 3288; x_wconf 76' lang='lat' dir='ltr'><strong>Albiniani</strong></span> <span class='ocrx_word' id='word_1_319' title='bbox 576 3245 632 3287; x_wconf 84' lang='lat' dir='ltr'><strong>uec</strong></span> <span class='ocrx_word' id='word_1_320' title='bbox 653 3224 796 3304; x_wconf 77' lang='lat' dir='ltr'><strong>Nipriaai</strong></span> <span class='ocrx_word' id='word_1_321' title='bbox 821 3222 869 3284; x_wconf 87' lang='lat' dir='ltr'><strong>uel</strong></span> <span class='ocrx_word' id='word_1_322' title='bbox 891 3223 1030 3284; x_wconf 80' lang='lat' dir='ltr'><strong>Cassiani</strong></span> <span class='ocrx_word' id='word_1_323' title='bbox 1056 3225 1189 3283; x_wconf 80' lang='lat' dir='ltr'><strong>r&#39;aoeniri</strong></span> <span class='ocrx_word' id='word_1_324' title='bbox 1205 3231 1315 3301; x_wconf 85' lang='lat' dir='ltr'><strong>potue·</strong></span> 
     </span>
     <span class='ocr_line' id='line_1_34' title="bbox 104 3307 1315 3390; baseline -0.001 -23"><span class='ocrx_word' id='word_1_325' title='bbox 104 3323 171 3372; x_wconf 77' lang='lat' dir='ltr'><strong>ruat</strong></span> <span class='ocrx_word' id='word_1_326' title='bbox 194 3311 375 3384; x_wconf 51' lang='lat' dir='ltr'><strong>strictiore&amp;</strong></span> <span class='ocrx_word' id='word_1_327' title='bbox 404 3312 456 3372; x_wconf 86' lang='lat' dir='ltr'><strong>red</strong></span> <span class='ocrx_word' id='word_1_328' title='bbox 485 3311 572 3372; x_wconf 80' lang='lat' dir='ltr'><strong>eidem</strong></span> <span class='ocrx_word' id='word_1_329' title='bbox 586 3313 662 3390; x_wconf 52' lang='lat' dir='ltr'><strong>‚ipsi</strong></span> <span class='ocrx_word' id='word_1_330' title='bbox 688 3313 739 3388; x_wconf 82' lang='lat' dir='ltr'><strong>qui</strong></span> <span class='ocrx_word' id='word_1_331' title='bbox 757 3326 815 3388; x_wconf 88' lang='lat' dir='ltr'><strong>per</strong></span> <span class='ocrx_word' id='word_1_332' title='bbox 835 3311 937 3387; x_wconf 76' lang='lat' dir='ltr'><strong>pertiae</strong></span> <span class='ocrx_word' id='word_1_333' title='bbox 961 3325 1065 3368; x_wconf 86' lang='lat' dir='ltr'><strong>eorum</strong></span> <span class='ocrx_word' id='word_1_334' title='bbox 1087 3310 1120 3366; x_wconf 83' lang='lat' dir='ltr'><strong>in</strong></span> <span class='ocrx_word' id='word_1_335' title='bbox 1137 3307 1237 3384; x_wconf 82' lang='lat' dir='ltr'><strong>pridie</strong></span> <span class='ocrx_word' id='word_1_336' title='bbox 1258 3325 1315 3367; x_wconf 84' lang='lat' dir='ltr'><strong>ue-</strong></span> 
     </span>
     <span class='ocr_line' id='line_1_35' title="bbox 103 3391 1318 3475; baseline -0.003 -19"><span class='ocrx_word' id='word_1_337' title='bbox 103 3413 152 3472; x_wconf 85' lang='lat' dir='ltr'><strong>pue</strong></span> <span class='ocrx_word' id='word_1_338' title='bbox 171 3399 361 3466; x_wconf 76' lang='lat' dir='ltr'><strong>iurauerant,</strong></span> <span class='ocrx_word' id='word_1_339' title='bbox 385 3399 437 3475; x_wconf 84' lang='lat' dir='ltr'><strong>poi</strong></span> <span class='ocrx_word' id='word_1_340' title='bbox 452 3413 512 3474; x_wconf 88' lang='lat' dir='ltr'><strong>pro</strong></span> <span class='ocrx_word' id='word_1_341' title='bbox 535 3394 633 3456; x_wconf 85' lang='lat' dir='ltr'><strong>salute</strong></span> <span class='ocrx_word' id='word_1_342' title='bbox 654 3411 760 3455; x_wconf 87' lang='lat' dir='ltr'><strong>eorum</strong></span> <span class='ocrx_word' id='word_1_343' title='bbox 783 3393 896 3454; x_wconf 80' lang='lat' dir='ltr'><strong>boetico</strong></span> <span class='ocrx_word' id='word_1_344' title='bbox 910 3403 948 3454; x_wconf 85' lang='lat' dir='ltr'><strong>&#39;et</strong></span> <span class='ocrx_word' id='word_1_345' title='bbox 960 3391 1098 3470; x_wconf 69' lang='lat' dir='ltr'><strong>fecerant</strong></span> <span class='ocrx_word' id='word_1_346' title='bbox 1112 3400 1140 3452; x_wconf 92' lang='lat' dir='ltr'><strong>et</strong></span> <span class='ocrx_word' id='word_1_347' title='bbox 1154 3398 1318 3465; x_wconf 84' lang='lat' dir='ltr'><strong>noverant,</strong></span> 
     </span>
     <span class='ocr_line' id='line_1_36' title="bbox 104 3473 1313 3558; baseline -0.002 -22"><span class='ocrx_word' id='word_1_348' title='bbox 104 3479 196 3540; x_wconf 79' lang='lat' dir='ltr'><strong>laeter</strong></span> <span class='ocrx_word' id='word_1_349' title='bbox 219 3497 327 3540; x_wconf 87' lang='lat' dir='ltr'><strong>eorum</strong></span> <span class='ocrx_word' id='word_1_350' title='bbox 350 3489 423 3540; x_wconf 82' lang='lat' dir='ltr'><strong>suut</strong></span> <span class='ocrx_word' id='word_1_351' title='bbox 445 3483 561 3558; x_wconf 85' lang='lat' dir='ltr'><strong>reperti</strong></span> <span class='ocrx_word' id='word_1_352' title='bbox 580 3478 635 3550; x_wconf 83' lang='lat' dir='ltr'><strong>(Aa</strong></span> <span class='ocrx_word' id='word_1_353' title='bbox 658 3479 742 3556; x_wconf 85' lang='lat' dir='ltr'><strong>Scap.</strong></span> <span class='ocrx_word' id='word_1_354' title='bbox 766 3495 828 3555; x_wconf 86' lang='lat' dir='ltr'><strong>cap.</strong></span> <span class='ocrx_word' id='word_1_355' title='bbox 845 3479 897 3552; x_wconf 80' lang='grc'>2.).</span> <span class='ocrx_word' id='word_1_356' title='bbox 922 3476 987 3536; x_wconf 83' lang='grc' dir='ltr'><strong>Ηοο</strong></span> <span class='ocrx_word' id='word_1_357' title='bbox 1007 3474 1085 3535; x_wconf 88' lang='lat' dir='ltr'><strong>enim</strong></span> <span class='ocrx_word' id='word_1_358' title='bbox 1108 3491 1186 3534; x_wconf 87' lang='lat' dir='ltr'><strong>anno</strong></span> <span class='ocrx_word' id='word_1_359' title='bbox 1208 3473 1313 3552; x_wconf 87' lang='lat' dir='ltr'><strong>imper.</strong></span> 
     </span>
     <span class='ocr_line' id='line_1_37' title="bbox 102 3557 1314 3639; baseline -0.004 -17"><span class='ocrx_word' id='word_1_360' title='bbox 102 3560 180 3623; x_wconf 79' lang='lat' dir='ltr'><strong>Caes.</strong></span> <span class='ocrx_word' id='word_1_361' title='bbox 204 3563 237 3624; x_wconf 85' lang='lat' dir='ltr'><strong>C.</strong></span> <span class='ocrx_word' id='word_1_362' title='bbox 259 3562 441 3624; x_wconf 81' lang='lat' dir='ltr'><strong>Pescennius</strong></span> <span class='ocrx_word' id='word_1_363' title='bbox 463 3561 552 3639; x_wconf 81' lang='lat' dir='ltr'><strong>Niger</strong></span> <span class='ocrx_word' id='word_1_364' title='bbox 579 3560 677 3623; x_wconf 87' lang='lat' dir='ltr'><strong>Iustus</strong></span> <span class='ocrx_word' id='word_1_365' title='bbox 698 3562 820 3638; x_wconf 85' lang='lat' dir='ltr'><strong>August.</strong></span> <span class='ocrx_word' id='word_1_366' title='bbox 849 3558 964 3620; x_wconf 74' lang='lat' dir='ltr'><strong>ocusus</strong></span> <span class='ocrx_word' id='word_1_367' title='bbox 992 3567 1037 3618; x_wconf 88' lang='lat' dir='ltr'><strong>est</strong></span> <span class='ocrx_word' id='word_1_368' title='bbox 1063 3558 1140 3636; x_wconf 84' lang='lat' dir='ltr'><strong>apud</strong></span> <span class='ocrx_word' id='word_1_369' title='bbox 1169 3557 1314 3636; x_wconf 74' lang='lat' dir='ltr'><strong>Cyzicum,</strong></span> 
     </span>
     <span class='ocr_line' id='line_1_38' title="bbox 101 3645 1315 3724; baseline -0.003 -19"><span class='ocrx_word' id='word_1_370' title='bbox 101 3645 159 3706; x_wconf 85' lang='lat' dir='ltr'><strong>siae</strong></span> <span class='ocrx_word' id='word_1_371' title='bbox 180 3647 291 3708; x_wconf 82' lang='lat' dir='ltr'><strong>laicum</strong></span> <span class='ocrx_word' id='word_1_372' title='bbox 316 3647 395 3708; x_wconf 83' lang='lat' dir='ltr'><strong>iuxta</strong></span> <span class='ocrx_word' id='word_1_373' title='bbox 420 3645 632 3718; x_wconf 72' lang='lat' dir='ltr'><strong>Herodianum,</strong></span> <span class='ocrx_word' id='word_1_374' title='bbox 662 3664 720 3724; x_wconf 85' lang='lat' dir='ltr'><strong>quo</strong></span> <span class='ocrx_word' id='word_1_375' title='bbox 749 3648 825 3706; x_wconf 85' lang='lat' dir='ltr'><strong>lauto</strong></span> <span class='ocrx_word' id='word_1_376' title='bbox 846 3663 915 3704; x_wconf 85' lang='lat' dir='ltr'><strong>mox</strong></span> <span class='ocrx_word' id='word_1_377' title='bbox 938 3645 1064 3704; x_wconf 85' lang='lat' dir='ltr'><strong>Severus</strong></span> <span class='ocrx_word' id='word_1_378' title='bbox 1086 3661 1139 3703; x_wconf 88' lang='lat' dir='ltr'><strong>eos</strong></span> <span class='ocrx_word' id='word_1_379' title='bbox 1161 3649 1315 3703; x_wconf 85' lang='lat' dir='ltr'><strong>senatores</strong></span> 
     </span>
     <span class='ocr_line' id='line_1_39' title="bbox 100 3725 1314 3810; baseline -0.007 -18"><span class='ocrx_word' id='word_1_380' title='bbox 100 3731 203 3792; x_wconf 75' lang='lat' dir='ltr'><strong>amidit</strong></span> <span class='ocrx_word' id='word_1_381' title='bbox 231 3731 282 3810; x_wconf 90' lang='lat' dir='ltr'><strong>qui</strong></span> <span class='ocrx_word' id='word_1_382' title='bbox 303 3730 385 3809; x_wconf 75' lang='lat' dir='ltr'><strong>Nigri</strong></span> <span class='ocrx_word' id='word_1_383' title='bbox 412 3739 511 3808; x_wconf 82' lang='lat' dir='ltr'><strong>partes</strong></span> <span class='ocrx_word' id='word_1_384' title='bbox 538 3730 632 3792; x_wconf 86' lang='lat' dir='ltr'><strong>seurti</strong></span> <span class='ocrx_word' id='word_1_385' title='bbox 653 3732 770 3790; x_wconf 80' lang='lat' dir='ltr'><strong>luerent</strong></span> <span class='ocrx_word' id='word_1_386' title='bbox 790 3738 820 3788; x_wconf 88' lang='lat' dir='ltr'><strong>et</strong></span> <span class='ocrx_word' id='word_1_387' title='bbox 841 3746 907 3788; x_wconf 92' lang='lat' dir='ltr'><strong>cum</strong></span> <span class='ocrx_word' id='word_1_388' title='bbox 928 3727 1020 3806; x_wconf 79' lang='lat' dir='ltr'><strong>Nigra</strong></span> <span class='ocrx_word' id='word_1_389' title='bbox 1041 3726 1237 3787; x_wconf 81' lang='lat' dir='ltr'><strong>militaverant</strong></span> <span class='ocrx_word' id='word_1_390' title='bbox 1258 3725 1314 3784; x_wconf 87' lang='lat' dir='ltr'><strong>du·-</strong></span> 
     </span>
     <span class='ocr_line' id='line_1_40' title="bbox 101 3808 1315 3901; baseline -0.007 -26"><span class='ocrx_word' id='word_1_391' title='bbox 101 3833 163 3875; x_wconf 87' lang='lat' dir='ltr'><strong>cum</strong></span> <span class='ocrx_word' id='word_1_392' title='bbox 186 3821 236 3876; x_wconf 85' lang='lat' dir='ltr'><strong>aut</strong></span> <span class='ocrx_word' id='word_1_393' title='bbox 256 3815 444 3877; x_wconf 87' lang='lat' dir='ltr'><strong>tribunorum</strong></span> <span class='ocrx_word' id='word_1_394' title='bbox 466 3813 600 3886; x_wconf 87' lang='lat' dir='ltr'><strong>nomine,</strong></span> <span class='ocrx_word' id='word_1_395' title='bbox 623 3813 754 3891; x_wconf 86' lang='lat' dir='ltr'><strong>aliosque</strong></span> <span class='ocrx_word' id='word_1_396' title='bbox 776 3829 880 3872; x_wconf 87' lang='lat' dir='ltr'><strong>omnes</strong></span> <span class='ocrx_word' id='word_1_397' title='bbox 903 3811 1031 3889; x_wconf 84' lang='lat' dir='ltr'><strong>exceptis</strong></span> <span class='ocrx_word' id='word_1_398' title='bbox 1055 3808 1226 3901; x_wconf 52' lang='lat' dir='ltr'><strong>militibus,</strong></span> <span class='ocrx_word' id='word_1_399' title='bbox 1241 3825 1315 3901; x_wconf 82' lang='lat' dir='ltr'><strong>quos</strong></span> 
     </span>
     <span class='ocr_line' id='line_1_41' title="bbox 102 3890 1315 3980; baseline -0.006 -21"><span class='ocrx_word' id='word_1_400' title='bbox 102 3897 269 3977; x_wconf 74' lang='lat' dir='ltr'><strong>impunitate</strong></span> <span class='ocrx_word' id='word_1_401' title='bbox 291 3899 446 3978; x_wconf 80' lang='lat' dir='ltr'><strong>proposita</strong></span> <span class='ocrx_word' id='word_1_402' title='bbox 468 3897 595 3976; x_wconf 82' lang='lat' dir='ltr'><strong>recepit;</strong></span> <span class='ocrx_word' id='word_1_403' title='bbox 617 3896 808 3980; x_wconf 85' lang='lat' dir='ltr'><strong>Antipcbonis</strong></span> <span class='ocrx_word' id='word_1_404' title='bbox 830 3895 980 3974; x_wconf 64' lang='lat' dir='ltr'><strong>privilegia</strong></span> <span class='ocrx_word' id='word_1_405' title='bbox 1002 3903 1031 3955; x_wconf 90' lang='lat' dir='ltr'><strong>et</strong></span> <span class='ocrx_word' id='word_1_406' title='bbox 1045 3890 1244 3968; x_wconf 80' lang='lat' dir='ltr'><strong>Neapolitanis</strong></span> <span class='ocrx_word' id='word_1_407' title='bbox 1267 3905 1315 3952; x_wconf 84' lang='lat' dir='ltr'><strong>rus</strong></span> 
     </span>
     <span class='ocr_line' id='line_1_42' title="bbox 101 3974 1316 4062; baseline -0.005 -20"><span class='ocrx_word' id='word_1_408' title='bbox 101 3983 223 4044; x_wconf 76' lang='lat' dir='ltr'><strong>usitatis</strong></span> <span class='ocrx_word' id='word_1_409' title='bbox 255 3983 358 4044; x_wconf 85' lang='lat' dir='ltr'><strong>eadem</strong></span> <span class='ocrx_word' id='word_1_410' title='bbox 391 3983 428 4044; x_wconf 90' lang='lat' dir='ltr'><strong>de</strong></span> <span class='ocrx_word' id='word_1_411' title='bbox 460 4001 546 4044; x_wconf 70' lang='lat' dir='ltr'><strong>muse</strong></span> <span class='ocrx_word' id='word_1_412' title='bbox 578 3982 697 4044; x_wconf 86' lang='lat' dir='ltr'><strong>ademit.</strong></span> <span class='ocrx_word' id='word_1_413' title='bbox 738 3981 857 4059; x_wconf 81' lang='lat' dir='ltr'><strong>Aliquot</strong></span> <span class='ocrx_word' id='word_1_414' title='bbox 882 3979 988 4062; x_wconf 71' lang='lat' dir='ltr'><strong>deinde</strong></span> <span class='ocrx_word' id='word_1_415' title='bbox 1014 3974 1207 4042; x_wconf 85' lang='lat' dir='ltr'><strong>barbarorum</strong></span> <span class='ocrx_word' id='word_1_416' title='bbox 1229 3993 1316 4054; x_wconf 75' lang='lat' dir='ltr'><strong>regas</strong></span> 
     </span>
     <span class='ocr_line' id='line_1_43' title="bbox 103 4058 1315 4146; baseline -0.007 -18"><span class='ocrx_word' id='word_1_417' title='bbox 103 4066 188 4138; x_wconf 79' lang='lat' dir='ltr'><strong>tinate</strong></span> <span class='ocrx_word' id='word_1_418' title='bbox 213 4066 426 4146; x_wconf 78' lang='lat' dir='ltr'><strong>onuphrium),</strong></span> <span class='ocrx_word' id='word_1_419' title='bbox 461 4066 510 4146; x_wconf 91' lang='lat' dir='ltr'><strong>qai</strong></span> <span class='ocrx_word' id='word_1_420' title='bbox 536 4066 627 4145; x_wconf 78' lang='lat' dir='ltr'><strong>Nigro</strong></span> <span class='ocrx_word' id='word_1_421' title='bbox 660 4067 775 4127; x_wconf 85' lang='lat' dir='ltr'><strong>luerent</strong></span> <span class='ocrx_word' id='word_1_422' title='bbox 806 4063 929 4136; x_wconf 86' lang='lat' dir='ltr'><strong>auxilio,</strong></span> <span class='ocrx_word' id='word_1_423' title='bbox 961 4081 978 4123; x_wconf 86' lang='lat' dir='ltr'><strong>a</strong></span> <span class='ocrx_word' id='word_1_424' title='bbox 1006 4061 1116 4121; x_wconf 85' lang='lat' dir='ltr'><strong>Severo</strong></span> <span class='ocrx_word' id='word_1_425' title='bbox 1138 4058 1207 4120; x_wconf 78' lang='lat' dir='ltr'><strong>vieti</strong></span> <span class='ocrx_word' id='word_1_426' title='bbox 1230 4067 1315 4132; x_wconf 69' lang='lat' dir='ltr'><strong>sunt:</strong></span> 
     </span>
     <span class='ocr_line' id='line_1_44' title="bbox 101 4143 1316 4231; baseline -0.006 -20"><span class='ocrx_word' id='word_1_427' title='bbox 101 4167 188 4228; x_wconf 85' lang='lat' dir='ltr'><strong>qaue</strong></span> <span class='ocrx_word' id='word_1_428' title='bbox 212 4151 278 4231; x_wconf 89' lang='lat' dir='ltr'><strong>ipse</strong></span> <span class='ocrx_word' id='word_1_429' title='bbox 305 4151 381 4230; x_wconf 93' lang='lat' dir='ltr'><strong>lmp.</strong></span> <span class='ocrx_word' id='word_1_430' title='bbox 403 4151 440 4212; x_wconf 92' lang='lat' dir='ltr'><strong>ll.</strong></span> <span class='ocrx_word' id='word_1_431' title='bbox 461 4151 511 4212; x_wconf 90' lang='lat' dir='ltr'><strong>lll.</strong></span> <span class='ocrx_word' id='word_1_432' title='bbox 534 4159 563 4212; x_wconf 92' lang='lat' dir='ltr'><strong>et</strong></span> <span class='ocrx_word' id='word_1_433' title='bbox 582 4150 630 4212; x_wconf 87' lang='lat' dir='ltr'><strong>lV.</strong></span> <span class='ocrx_word' id='word_1_434' title='bbox 659 4149 820 4228; x_wconf 83' lang='lat' dir='ltr'><strong>appellatus</strong></span> <span class='ocrx_word' id='word_1_435' title='bbox 843 4157 906 4221; x_wconf 78' lang='lat' dir='ltr'><strong>est3</strong></span> <span class='ocrx_word' id='word_1_436' title='bbox 937 4163 1013 4224; x_wconf 89' lang='lat' dir='ltr'><strong>quos</strong></span> <span class='ocrx_word' id='word_1_437' title='bbox 1034 4161 1137 4205; x_wconf 89' lang='lat' dir='ltr'><strong>ornnes</strong></span> <span class='ocrx_word' id='word_1_438' title='bbox 1158 4143 1316 4222; x_wconf 78' lang='lat' dir='ltr'><strong>Nigrinnoe</strong></span> 
     </span>
     <span class='ocr_line' id='line_1_45' title="bbox 20 4227 1316 4314; baseline -0.008 -16"><span class='ocrx_word' id='word_1_439' title='bbox 20 4287 21 4298; x_wconf 70' lang='grc'>,</span> <span class='ocrx_word' id='word_1_440' title='bbox 101 4233 205 4298; x_wconf 86' lang='lat' dir='ltr'><strong>Auctor</strong></span> <span class='ocrx_word' id='word_1_441' title='bbox 216 4245 322 4298; x_wconf 74' lang='lat' dir='ltr'><strong>nomer</strong></span> <span class='ocrx_word' id='word_1_442' title='bbox 332 4235 467 4314; x_wconf 86' lang='lat' dir='ltr'><strong>appellat.</strong></span> <span class='ocrx_word' id='word_1_443' title='bbox 500 4235 587 4308; x_wconf 87' lang='lat' dir='ltr'><strong>Quod</strong></span> <span class='ocrx_word' id='word_1_444' title='bbox 607 4243 791 4313; x_wconf 85' lang='lat' dir='ltr'><strong>postremum</strong></span> <span class='ocrx_word' id='word_1_445' title='bbox 813 4232 966 4294; x_wconf 81' lang='lat' dir='ltr'><strong>confirmet</strong></span> <span class='ocrx_word' id='word_1_446' title='bbox 982 4239 1119 4293; x_wconf 42' lang='lat' dir='ltr'><strong>,nostram</strong></span> <span class='ocrx_word' id='word_1_447' title='bbox 1141 4227 1316 4290; x_wconf 87' lang='lat' dir='ltr'><strong>sententiam</strong></span> 
     </span>
     <span class='ocr_line' id='line_1_46' title="bbox 101 4311 1316 4408; baseline -0.006 -30"><span class='ocrx_word' id='word_1_448' title='bbox 101 4317 138 4378; x_wconf 84' lang='lat' dir='ltr'><strong>de</strong></span> <span class='ocrx_word' id='word_1_449' title='bbox 151 4320 306 4394; x_wconf 83' lang='lat' dir='ltr'><strong>Arabibus,</strong></span> <span class='ocrx_word' id='word_1_450' title='bbox 325 4319 443 4382; x_wconf 81' lang='lat' dir='ltr'><strong>Parthis</strong></span> <span class='ocrx_word' id='word_1_451' title='bbox 456 4326 485 4381; x_wconf 92' lang='lat' dir='ltr'><strong>et</strong></span> <span class='ocrx_word' id='word_1_452' title='bbox 494 4319 651 4380; x_wconf 87' lang='lat' dir='ltr'><strong>Adiabenis</strong></span> <span class='ocrx_word' id='word_1_453' title='bbox 662 4320 720 4380; x_wconf 90' lang='lat' dir='ltr'><strong>bac</strong></span> <span class='ocrx_word' id='word_1_454' title='bbox 732 4337 810 4378; x_wconf 83' lang='lat' dir='ltr'><strong>anna</strong></span> <span class='ocrx_word' id='word_1_455' title='bbox 822 4314 960 4386; x_wconf 66' lang='lat' dir='ltr'><strong>devictione</strong></span> <span class='ocrx_word' id='word_1_456' title='bbox 974 4321 1068 4392; x_wconf 78' lang='lat' dir='ltr'><strong>atquc</strong></span> <span class='ocrx_word' id='word_1_457' title='bbox 1083 4313 1158 4374; x_wconf 80' lang='lat' dir='ltr'><strong>adeo</strong></span> <span class='ocrx_word' id='word_1_458' title='bbox 1173 4311 1232 4408; x_wconf 78' lang='lat' dir='ltr'><strong>buc</strong></span> <span class='ocrx_word' id='word_1_459' title='bbox 1245 4329 1316 4389; x_wconf 84' lang='lat' dir='ltr'><strong>per·</strong></span> 
     </span>
     <span class='ocr_line' id='line_1_47' title="bbox 102 4396 1317 4482; baseline -0.005 -20"><span class='ocrx_word' id='word_1_460' title='bbox 102 4402 193 4464; x_wconf 83' lang='lat' dir='ltr'><strong>tinem</strong></span> <span class='ocrx_word' id='word_1_461' title='bbox 218 4405 431 4482; x_wconf 83' lang='lat' dir='ltr'><strong>inscriptiones</strong></span> <span class='ocrx_word' id='word_1_462' title='bbox 458 4421 647 4466; x_wconf 87' lang='lat' dir='ltr'><strong>nummorum</strong></span> <span class='ocrx_word' id='word_1_463' title='bbox 676 4412 706 4464; x_wconf 89' lang='lat' dir='ltr'><strong>et</strong></span> <span class='ocrx_word' id='word_1_464' title='bbox 726 4417 906 4463; x_wconf 84' lang='lat' dir='ltr'><strong>marmorum</strong></span> <span class='ocrx_word' id='word_1_465' title='bbox 929 4396 1065 4475; x_wconf 77' lang='lat' dir='ltr'><strong>endquao</strong></span> <span class='ocrx_word' id='word_1_466' title='bbox 1086 4414 1175 4476; x_wconf 84' lang='lat' dir='ltr'><strong>supra</strong></span> <span class='ocrx_word' id='word_1_467' title='bbox 1196 4403 1317 4466; x_wconf 65' lang='lat' dir='ltr'><strong>cnutone</strong></span> 
     </span>
     <span class='ocr_line' id='line_1_48' title="bbox 100 4477 1318 4565; baseline -0.008 -17"><span class='ocrx_word' id='word_1_468' title='bbox 100 4497 132 4548; x_wconf 86' lang='lat' dir='ltr'><strong>et</strong></span> <span class='ocrx_word' id='word_1_469' title='bbox 158 4489 281 4565; x_wconf 87' lang='lat' dir='ltr'><strong>proinde</strong></span> <span class='ocrx_word' id='word_1_470' title='bbox 308 4487 382 4551; x_wconf 91' lang='lat' dir='ltr'><strong>illud</strong></span> <span class='ocrx_word' id='word_1_471' title='bbox 408 4487 559 4550; x_wconf 86' lang='lat' dir='ltr'><strong>Auctoris:</strong></span> <span class='ocrx_word' id='word_1_472' title='bbox 588 4488 714 4550; x_wconf 85' lang='lat' dir='ltr'><strong>barbari</strong></span> <span class='ocrx_word' id='word_1_473' title='bbox 733 4485 851 4548; x_wconf 77' lang='lat' dir='ltr'><strong>eucheri</strong></span> <span class='ocrx_word' id='word_1_474' title='bbox 876 4483 930 4556; x_wconf 83' lang='lat' dir='ltr'><strong>(lle</strong></span> <span class='ocrx_word' id='word_1_475' title='bbox 950 4481 1021 4543; x_wconf 82' lang='lat' dir='ltr'><strong>Pell.</strong></span> <span class='ocrx_word' id='word_1_476' title='bbox 1043 4501 1069 4544; x_wconf 88' lang='lat' dir='ltr'><strong>c.</strong></span> <span class='ocrx_word' id='word_1_477' title='bbox 1092 4484 1146 4557; x_wconf 79' lang='grc'><strong>2.).</strong></span> <span class='ocrx_word' id='word_1_478' title='bbox 1189 4477 1226 4539; x_wconf 77' lang='lat' dir='ltr'><strong>Ec</strong></span> <span class='ocrx_word' id='word_1_479' title='bbox 1247 4496 1318 4540; x_wconf 79' lang='lat' dir='ltr'><strong>vero</strong></span> 
     </span>
     <span class='ocr_line' id='line_1_49' title="bbox 101 4563 1319 4643; baseline -0.005 -13"><span class='ocrx_word' id='word_1_480' title='bbox 101 4572 328 4638; x_wconf 84' lang='lat' dir='ltr'><strong>comtitutiones</strong></span> <span class='ocrx_word' id='word_1_481' title='bbox 355 4571 406 4634; x_wconf 87' lang='lat' dir='ltr'><strong>bis</strong></span> <span class='ocrx_word' id='word_1_482' title='bbox 433 4589 512 4634; x_wconf 84' lang='lat' dir='ltr'><strong>coss.</strong></span> <span class='ocrx_word' id='word_1_483' title='bbox 543 4572 637 4634; x_wconf 82' lang='lat' dir='ltr'><strong>editae</strong></span> <span class='ocrx_word' id='word_1_484' title='bbox 664 4571 748 4635; x_wconf 87' lang='lat' dir='ltr'><strong>titula</strong></span> <span class='ocrx_word' id='word_1_485' title='bbox 773 4567 875 4630; x_wconf 86' lang='lat' dir='ltr'><strong>Severi</strong></span> <span class='ocrx_word' id='word_1_486' title='bbox 904 4574 933 4630; x_wconf 88' lang='lat' dir='ltr'><strong>et</strong></span> <span class='ocrx_word' id='word_1_487' title='bbox 958 4565 1100 4630; x_wconf 88' lang='lat' dir='ltr'><strong>Antonini</strong></span> <span class='ocrx_word' id='word_1_488' title='bbox 1119 4565 1212 4643; x_wconf 67' lang='lat' dir='ltr'><strong>Augu.</strong></span> <span class='ocrx_word' id='word_1_489' title='bbox 1234 4563 1319 4626; x_wconf 83' lang='lat' dir='ltr'><strong>datae</strong></span> 
     </span>
    </p>
   </div>
   <div class='ocr_carea' id='block_1_7' title="bbox 0 0 1583 5238">
    <p class='ocr_par' dir='ltr' id='par_1_7' title="bbox 0 0 1583 5238">
     <span class='ocr_line' id='line_1_50' title="bbox 0 0 1583 5238; baseline 0 0"><span class='ocrx_word' id='word_1_490' title='bbox 0 0 1583 5238; x_wconf 95' lang='lat' dir='ltr'><strong> </strong></span> 
     </span>
    </p>
   </div>
  </div>
 </body>
</html>
