3114 5240
255 355 297 420 84
333 367 570 416 ntsssttrsrto‘tn
586 369 634 420 ou.
649 367 734 411 SEPT.
749 369 835 412 FLOR.
852 368 1046 412 renrutttlnt
1060 369 1287 414 APOLOGETICU!
1302 370 1388 414 GB'l‘T.

253 523 325 588 lium
359 523 432 585 deos
465 527 551 583 natos
580 527 772 599 mortuosque
801 537 869 582 esse
896 537 984 580 nemo
1012 520 1117 582 nescit.
1160 519 1261 618 Neque
1289 521 1475 600 respondem

253 616 391 691 poterant
416 607 488 668 haec
514 621 596 666 mera
617 623 686 666 osse
708 603 971 666 Christianomm
963 623 994 666 ιι
1016 605 1089 666 deos
1111 605 1257 679 convicia,
1287 606 1472 702 quandoqui-

254 695 322 756 dem
350 693 470 755 eosdem
497 691 571 752 deos
600 687 713 751 Seneca
740 688 876 770 pluribus
902 689 1046 768 longeque
1073 690 1268 751 amarioribus
1293 685 1431 752 verbis'
1422 709 1473 752 rn-

254 787 383 842 sectatus
417 784 471 838 est.
515 774 604 836 Recte
637 791 708 852 ergo
731 772 888 835 Christiani
920 773 968 834 illa
1002 775 1124 836 deorum
1156 773 1313 836 simulacra
1345 776 1472 837 adorare

252 859 425 934 renuebant,
447 877 522 940 quae
544 877 559 920 ι
582 857 689 932 milvis,
711 858 855 932 muribus,
878 858 993 920 aroneis
1015 859 1217 938 coinquinata,
1240 858 1306 922 ab
1298 860 1373 939 rpsis
1396 878 1471 939 gen·
1546 887 1547 926 ι

254 948 353 1010 tilibus
375 945 571 1026 negliguntur,
593 943 763 1018 illuduntur,
786 943 985 1004 destruuntur.

339 1031 418 1104 Quin
447 1029 534 1091 etiam
562 1027 610 1090 alii
632 1026 707 1088 alios
729 1027 802 1089 deos
824 1027 974 1100 colebant,
1005 1027 1164 1108 nullusque
1186 1028 1251 1090 sinc
1272 1037 1472 1092 senatuscon-
1546 1059 1547 1098 ι

252 1117 330 1180 sulto
359 1116 431 1177 deus
459 1131 528 1174 esse
555 1119 679 1192 poterat
723 1112 908 1174 Domesticos
936 1131 1006 1173 vero
1029 1113 1102 1174 deos
1123 1131 1178 1193 pro
1200 1131 1255 1176 sua
1276 1113 1401 1193 quisque
1421 1123 1474 1176 aut
1546 1159 1547 1180 ι

251 1200 428 1264 necessitate
450 1206 500 1261 aut
519 1205 665 1277 potestate
686 1197 898 1276 oppignerahat
919 1197 964 1258 ιιι
985 1197 1138 1272 vendebat,
1160 1198 1204 1259 vel
1226 1198 1356 1260 mutabat
1379 1198 1471 1260 modo

251 1287 282 1348 in
303 1285 430 1357 trullam,
451 1283 541 1345 modo
564 1282 595 1344 in
616 1282 763 1344 cacabum.
806 1280 943 1344 Publicos
964 1290 1061 1343 autern
1083 1283 1154 1344 deos
1177 1284 1208 1344 in
1229 1283 1360 1344 lro'slario
1375 1284 1469 1344 vecti-
1546 1315 1547 1356 ι

184 1361 187 1375 ’
251 1371 331 1451 galee
352 1369 509 1442 habebant,
532 1385 566 1428 ac
587 1367 643 1429 suh
665 1367 759 1440 hasta,
782 1374 811 1428 et
831 1365 941 1445 publici
962 1367 1119 1465 praeconis
1141 1385 1213 1428 roco
1234 1367 1364 1428 ronulas.
1408 1367 1471 1430 Nec
1546 1401 1547 1442 ι

250 1456 280 1518 id
301 1457 435 1535 prolecto
454 1452 572 1519 mirum.
616 1451 663 1513 Dii
684 1451 793 1532 quippe
815 1469 873 1530 quo
895 1452 989 1530 magis
1010 1452 1112 1525 sancti,
1146 1471 1182 1514 co
1204 1452 1298 1531 magis
1321 1452 1469 1515 tributarii
1546 1487 1547 1524 ι

251 1548 343 1602 ιιιιι.
387 1537 556 1600 blendicans
579 1555 650 1597 vero
673 1535 858 1598 ethnicorum
880 1534 983 1616 religio
1005 1536 1144 1598 circuibat
1166 1555 1323 1617 cauponas,
1345 1555 1380 1598 ae
1400 1555 1467 1598 ma-

250 1643 337 1706 gnam
358 1641 413 1702 pro
436 1621 538 1701 templi
559 1620 680 1683 alicuius
703 1621 783 1682 aditu
805 1620 938 1700 exigebat
959 1622 1134 1683 mercedem.
1546 1663 1547 1694 ,

337 1707 394 1769 Sed
416 1707 555 1786 agedum,
586 1724 661 1784 quo,
685 1723 811 1784 quaeso,
831 1705 920 1766 modo
943 1705 1050 1768 ethnici
1072 1706 1144 1768 deos
1165 1725 1237 1767 suos
1258 1703 1467 1768 honorabant?
1546 1745 1547 1780 ι

250 1793 363 1854 liudem
394 1793 480 1872 plane
513 1809 547 1852 ac
578 1797 713 1851 mortuos
746 1790 955 1868 imperatores:
989 1790 1141 1852 imovero
1172 1789 1299 1852 eundern
1321 1791 1467 1852 bonorem
1546 1827 1547 1864 ς

250 1877 309 1939 illis
330 1875 510 1950 niventibus,
534 1891 567 1936 ac
588 1874 713 1936 mortuis
736 1874 793 1938 diis
816 1875 879 1935 suis
902 1873 1078 1936 detulerunt.
1123 1875 1217 1956 Simili
1239 1874 1467 1954 quoquomodo
1546 1903 1547 1914 ι

250 1961 439 2026 Larentinam
453 1959 647 2026 meretricem,
670 1958 821 2020 Simonem
835 1959 959 2036 Magram,
982 1968 1012 2020 et
1031 1960 1131 2022 nescio
1147 1978 1233 2039 quem
1248 1960 1354 2040 synodi
1369 1960 1467 2032 deum,

250 2065 284 2110 ac
304 2047 435 2126 impuras
456 2045 595 2117 iunones,
618 2043 751 2114 Cereres,
775 2051 804 2104 ct
823 2042 931 2104 Dianas
953 2045 1175 2106 venerabantur.
1193 2043 1284 2117 ,Quid
1306 2063 1378 2124 ergo
1401 2063 1466 2106 anr-

249 2131 366 2212 plius
358 2149 389 2192 m
418 2138 550 2191 veterum
582 2128 706 2190 deorum
738 2127 943 2189 contumeliam
973 2128 1036 2190 lieri
1063 2129 1099 2190 ab
1126 2129 1186 2190 ullo
1209 2129 1329 2190 homine
1350 2137 1467 2210 poterat
1546 2169 1547 2208 ι

264 2235 326 2278 ca.
351 2217 401 2290 tt,
426 2212 512 2292 13.)ι
1546 2273 1547 2282 ,

251 2219 263 2294 (
296 2233 475 2361 pNonne
459 2299 545 2360 etiarn
568 2297 608 2358 dli
628 2315 689 2359 non
712 2297 818 2358 minen
811 2295 891 2357 'illis
906 2304 989 2358 crant
1002 2295 1139 2370 ludibrio,
1162 2297 1212 2376 qui
1226 2297 1358 2376 pessimo
1372 2315 1466 2378 quae-
1546 2347 1547 2380 ι

150 2406 157 2418 ’
249 2403 306 2466 quc
327 2383 385 2447 illis
408 2382 620 2456 sacrificabant,
643 2390 673 2444 et
692 2381 810 2443 tertiam
831 2379 1033 2478 subripiebant
1050 2380 1228 2479 decimarum
1242 2381 1362 2446 llerculi
1377 2383 1464 2445 dobi-

248 2479 343 2532 tamm
374 2466 512 2568 partem?
554 2467 659 2528 Nonne
690 2465 738 2527 alii
769 2465 832 2526 suis
865 2465 896 2526 in
924 2465 1008 2527 libris
1030 2483 1091 2527 nou
1113 2466 1238 2528 maxima
1260 2467 1325 2529 sine
1347 2467 1466 2530 illorum
1546 2517 1547 2522 1

248 2553 408 2634 ignominia
438 2551 646 2632 praedicabant
679 2569 731 2612 eos
763 2551 840 2611 inter
868 2569 901 2610 sc
927 2556 1051 2630 propter
1083 2549 1229 2612 Troianos
1261 2560 1311 2614 aut
1337 2553 1463 2614 Achivos

143 2697 151 2718 ,
248 2637 423 2711 decertasse,
446 2637 590 2699 Venerem
611 2634 785 2707 sauciatam,
808 2633 960 2696 Martem
951 2653 982 2695 ru
1004 2634 1126 2697 vinculis
1146 2653 1222 2715 pene
1244 2645 1464 2716 consumptum,

147 2719 152 2732 '
247 2721 348 2785 lovem
369 2730 541 2784 amonstro
564 2720 690 2800 quodam
712 2719 877 2793 liberatum,
899 2721 1127 2793 nuncllentem,
1150 2721 1462 2784 nnnclocdesubon·

248 2805 332 2870 tem?
374 2807 483 2869 Podtac
504 2823 576 2867 vcro
598 2801 706 2866 canunt
725 2803 888 2883 Apollinem
909 2802 1052 2878 Admeto,
1082 2812 1111 2865 et
1131 2804 1324 2866 Laomedonti
1346 2805 1463 2886 Neptu
1546 2861 1547 2894 ι

247 2911 318 2954 num
341 2891 514 2965 servientes,
536 2889 681 2952 Pindarus
704 2906 774 2950 vero
795 2887 1000 2968 Aesculapium
1021 2889 1141 2950 tulmioe
1163 2889 1331 2952 iudicatum.
1368 2889 1464 2952 Prae·-
1546 2955 1547 2960 ,

247 2985 329 3040 terea
353 2995 370 3038 a
397 2975 545 3056 tragoedis
573 2975 763 3036 decantantur
783 2973 906 3034 decmm
928 2991 1084 3034 aerumnae
1106 2981 1136 3035 et
1158 2991 1283 3036 errores.
1328 2974 1369 3036 Ex
1391 2975 1464 3054 phi-

245 3061 379 3141 losophis
401 3071 497 3122 autem
513 3059 662 3133 Socrates,
685 3059 742 3121 etsi
762 3075 817 3138 per
831 3075 980 3138 quercum,
1003 3059 1116 3120 hircum
1139 3067 1169 3120 et
1195 3077 1297 3120 canem
1312 3059 1461 3133 iuraverit,

246 3146 314 3225 quia
334 3154 433 3205 tamen
454 3145 527 3206 deos
549 3142 728 3215 destruebat,
749 3150 845 3203 morte
867 3142 1021 3203 damnatus
1044 3149 1099 3202 est.
1144 3143 1203 3204 Sed
1225 3143 1352 3206 rescissa
1372 3143 1462 3205 dam-

244 3227 364 3290 uatione
383 3229 564 3308 praeclarum
585 3227 703 3288 tandem
724 3225 765 3287 illi
787 3227 943 3288 reddidere
965 3226 1176 3289 testimouium.
1212 3227 1368 3290 Postremo
1384 3228 1462 3290 Dio-

245 3329 335 3394 genes
366 3312 483 3390 quidam
515 3311 609 3374 irrisit
635 3310 806 3385 Herculem,
840 3329 874 3373 ac
894 3310 986 3374 Varro
1015 3320 1164 3374 trecentos
1192 3312 1275 3375 loves
1296 3313 1465 3376 introduxit

245 3402 321 3477 (cap.
339 3400 412 3472 th).

328 3480 418 3560 Urget
449 3479 543 3541 adhuc
564 3477 759 3541 Tortrdlianus
791 3479 822 3540 in
854 3479 1006 3558 gentilium
1039 3481 1200 3543 comoediis
1231 3499 1265 3544 ac
1296 3483 1462 3562 tragoediis

244 3563 460 3646 repraesentari
483 3563 639 3626 moechum
659 3563 795 3638 Anubim,
816 3563 978 3626 masculum
998 3563 1122 3638 Lunam,
1143 3565 1315 3644 flagellatam
1325 3565 1462 3643 Dianam,

242 3649 322 3714 lovis
343 3655 550 3712 testamentum
583 3657 702 3728 tresque
723 3647 864 3710 liercules
885 3648 1046 3711 famelicos.
1089 3611 1132 3710 Ah
1154 3649 1379 3714 histrionibus'
1370 3671 1461 3716 rasn-

243 3753 298 3818 por
329 3733 520 3798 exhibebatur
541 3733 593 3795 Sol
624 3732 737 3812 lugens,
769 3733 874 3814 Cybele
905 3733 1087 3796 fastidiosum
1118 3742 1269 3813 pastorem
1291 3737 1462 3816 suspirans,

243 3821 322 3884 lovis
344 3805 480 3920 elogium,
502 3817 624 3880 lunonis
646 3817 849 3898 Mineruaeque
869 3817 1019 3892 iudicium,
1042 3837 1076 3880 oc
1096 3819 1245 3882 tandem
1236 3839 1268 3881 ιιι
1288 3819 1378 3882 illls'
1369 3839 1461 3900 rgno-

213 3895 217 3912 ’
242 3905 488 3968 miniosissimum
509 3910 595 3983 caput
616 3903 855 3983 repraesentabat
875 3903 923 3964 dei
945 3902 1098 3965 alicuius
1090 3904 1262 3984 imaginem,
1295 3913 1326 3970 ct
1347 3923 1460 3986 corpus

242 3989 365 4052 ridicula
387 3997 449 4052 arte
471 3987 689 4050 effoeminatum
709 3985 867 4050 blinerram
888 3995 939 4048 aut
953 3987 1119 4050 Herculem.
1148 3988 1249 4068 Neque
1270 3989 1377 4052 melius
1400 3991 1459 4052 ali-

243 4073 312 4153 quid
339 4091 375 4135 cx
402 4092 488 4136 cavea
515 4081 662 4154 expectes.
705 4071 748 4134 lbi
776 4073 854 4134 enim
881 4089 1011 4152 persona
1038 4072 1178 4151 agebatur
1197 4073 1303 4136 Attidis
1326 4076 1459 4150 casuati,

243 4157 373 4219 ardends
405 4156 549 4234 Herculis,
582 4157 720 4218 hlercnrii
759 4156 837 4219 inter
871 4157 983 4218 ludicra
1020 4157 1249 4221 meridianomm
1288 4121 1459 4239 spectaculi

210 4282 212 4291 ·
241 4249 376 4304 mortuos
398 4243 525 4304 cauterio
549 4241 750 4314 examinantis,
773 4259 807 4304 ac
827 4241 926 4303 fratris
947 4241 1026 4302 loris
1042 4242 1180 4306 cadavera
1195 4251 1380 4306 mortuorum
1395 4245 1456 4306 ho·

241 4326 354 4388 minum
385 4343 452 4388 cum
473 4325 576 4390 malleo
598 4327 780 4389 deducentis.
822 4326 909 4389 Plum
930 4326 985 4387 alia
1006 4325 1053 4387 his
1076 4327 1181 4390 similia
1203 4327 1312 4390 omittit
1333 4329 1455 4392 Tertul-

239 4410 337 4473 hanus
358 4409 487 4490 vitioque
509 4412 664 4491 gentilibus
686 4411 792 4484 vortit,
825 4411 903 4490 quod
934 4411 1012 4472 intra
1034 4411 1156 4475 deorum
1177 4413 1320 4493 templa
1300 4431 1456 4494 ipsasque

240 4494 421 4570 intereras,
450 4501 535 4574 atque
565 4497 597 4558 in
625 4496 810 4560 sacerdotum
838 4503 867 4557 ot
887 4494 1084 4558 aedituomm
1092 4489 1285 4560 tabemoculis
1309 4497 1456 4562 adulteria

240 4587 451 4664 componerent
481 4587 696 4662 tractarentque
724 4579 877 4644 lenocinia.
919 4580 1045 4655 Quinam
1067 4599 1154 4664 crgo,
1186 4582 1228 4645 ait
1247 4582 1312 4659 ille,
1335 4583 1454 4647 divinam
