3020 5230
303 375 366 442 688
431 391 622 436 presumsit)
637 393 675 437 HE
690 391 774 438 711111
788 391 826 436 ΕΤ
842 391 901 436 mc.
916 393 1027 437 tuncne
1042 391 1160 436 mnan.
1176 393 1349 436 tantumne

300 543 410 605 redum
431 542 597 616 Tatianum,
619 543 753 606 nominat
773 542 954 605 Clementem
975 542 1151 616 Romanum,
1180 542 1338 622 scriptorem
1355 543 1432 622 epistole

301 628 338 690 ed
361 625 540 688 Corinthios.
583 627 665 688 Idem
686 627 818 690 nominat
839 627 1042 707 Polycarpum,
1065 645 1152 705 quern
1175 627 1230 688 sub
1249 627 1351 687 Aniceto
1368 627 1445 710 lone*

300 711 419 772 venisse
447 711 565 782 scribit,
590 711 637 773 rel
663 711 747 791 lingb
773 712 891 790 potius,
920 711 1134 790 epistolamque
1162 710 1225 772 eins
1252 711 1285 772 ad
1302 710 1431 790 Philippense

300 796 415 874 allegat.
459 794 520 856 lam
541 813 611 856 vero
634 796 858 857 consideremus
880 795 959 857 illam
981 794 1137 874 scriptoris
1159 795 1246 856 buius
1266 795 1431 871 asotiamque:

300 895 337 940 ex
359 879 508 942 Clemente
530 878 724 941 Alexandrino
747 887 806 941 tam
828 880 918 942 multa
939 879 1028 957 longo
1051 879 1155 940 ordine
1176 878 1319 958 descripsit
1337 869 1445 938 otton-¹

300 963 349 1036 sit,
372 963 436 1025 eius
456 983 529 1024 vero
551 981 660 1024 nomen
681 981 840 1042 numquam
862 964 1004 1025 recitavit.
1048 963 1187 1025 lrenaeus
1209 961 1293 1040 igiuu
1311 961 1350 1022 ille
1365 961 1431 1020 luite

220 1093 226 1100 .
300 1047 417 1128 quando
440 1048 471 1108 in
491 1047 569 1121 Asia,
590 1047 622 1108 in
645 1047 738 1127 prima
760 1055 863 1122 aetate,
887 1047 913 1108 si
934 1047 1044 1126 plaeet;
1067 1047 1121 1108 luit
1141 1047 1262 1120 Romae,
1281 1044 1330 1107 luit
1346 1045 1445 1124 episeqsl

300 1131 450 1209 Lugduni:
483 1131 600 1210 quando
628 1132 746 1194 tandem
772 1131 821 1193 bic
843 1131 971 1211 scriptor
992 1131 1047 1193 init
1067 1130 1272 1203 Alexandriae,
1298 1137 1326 1190 ut
1342 1129 1363 1189 ei
1377 1129 1445 1188 lioul

301 1215 460 1276 Clementis
493 1215 572 1276 illius
608 1215 785 1295 scriptiones
814 1215 950 1278 manibus
982 1214 1125 1277 versare?
1172 1215 1216 1275 An
1249 1233 1313 1275 vero
1339 1212 1431 1291 puellm

301 1298 459 1360 Clementis
482 1299 590 1377 scripta
613 1301 711 1361 statim
734 1307 884 1379 exportata
904 1299 998 1361 luisse
1019 1317 1053 1360 ex
1075 1299 1215 1378 Aegypto,
1241 1307 1273 1359 nt
1290 1295 1431 1358 irenaeus

300 1383 331 1444 in
352 1383 423 1444 Asia
450 1383 511 1444 sive
533 1383 644 1446 Hamae
673 1385 735 1444 sive
756 1383 892 1463 Lugduni
914 1384 951 1445 iis
974 1383 1015 1444 uti
1036 1381 1192 1462 potuerit?
1234 1382 1336 1460 Nempe
1352 1381 1431 1440 baum

299 1469 396 1530 lacere
418 1467 518 1528 solent
538 1475 596 1528 tarn
619 1469 779 1546 antiquum,
807 1477 841 1529 ut
861 1475 997 1528 mortuus
1019 1467 1131 1528 dicatur
1152 1485 1178 1526 a.
1202 1465 1294 1540 CCH,
1313 1465 1338 1526 in
1356 1463 1388 1524 illa
1401 1460 1432 1519 ol

298 1552 417 1626 unitate,
442 1569 529 1630 quam
552 1551 681 1613 Severus
704 1551 843 1614 indixerit
864 1550 1049 1613 Christianis.
1094 1549 1252 1612 Clementis
1273 1558 1356 1610 auten
1371 1547 1433 1635 Hena-

299 1635 376 1705 drini
404 1643 529 1697 mortem
559 1635 713 1714 designare
739 1636 786 1696 rix
811 1635 879 1697 licet
906 1635 1036 1708 tardius,
1065 1653 1151 1715 quarn
1179 1634 1267 1714 paulo
1289 1641 1347 1694 ante
1363 1633 1432 1716 tuton

300 1719 463 1782 Caracallne
495 1721 603 1792 latum,
637 1719 663 1780 si
695 1720 813 1799 quidem
840 1719 1018 1798 Hieronymo
1047 1719 1212 1800 credimus,
1245 1717 1294 1797 qni
1321 1717 1356 1778 sic
1379 1713 1424 1772 aab

300 1806 410 1884 floruit
432 1803 538 1866 Seuera¹
558 1814 587 1866 et
609 1806 757 1866 Antonini
778 1804 841 1885 filii
864 1808 929 1866 eiua
959 1805 1153 1884 teosporibos.
1197 1802 1318 1864 Occisus
1335 1809 1402 1859 anun
1416 1800 1429 1852 e

301 1887 446 1951 Caracalla
467 1887 602 1948 ccxvn.
652 1887 753 1966 ltaque
781 1896 883 1967 potest
904 1887 1039 1950 Clemens
1061 1894 1164 1948 noster
1186 1887 1274 1948 etiam
1295 1893 1432 1945 monuere

226 1975 233 1990 ‘
299 1971 411 2050 aliquot
432 1970 517 2034 aunis
539 1980 607 2032 ante
628 1971 718 2033 istum
739 1991 848 2034 annum
870 1969 1003 2034 CCXVII.
1048 1971 1109 2032 lam
1130 1989 1217 2043 vero,
1241 1968 1372 2050 quomodo
1387 1965 1433 2023 lau:

299 2063 357 2128 est,
377 2063 412 2118 ut
431 2055 571 2118 lrenaens
593 2055 774 2118 desumserit
795 2064 854 2118 tam
875 2056 966 2118 multa
988 2075 1024 2118 ex
1046 2053 1221 2116 Clemente?
1265 2053 1362 2132 Nempe
1377 2049 1434 2108 lica·

300 2138 370 2226 quid
392 2140 520 2202 monstri
541 2137 654 2202 subest.

840 2310 870 2386 y.
893 2305 980 2369 xvu.

301 2423 477 2488 Comparantur
501 2424 617 2490 quaedam
637 2423 758 2489 Hippolyti
782 2439 837 2475 cnm
855 2423 997 2476 Tertnlliani
1019 2422 1144 2474 annuntiis
1162 2437 1176 2473 e
1194 2423 1259 2474 libro
1277 2421 1374 2474 aarum
1386 2417 1445 2466 luat¹

323 2568 332 2584 ν
384 2537 476 2600 Nemo
506 2559 644 2618 umquam
673 2541 709 2602 de
734 2539 845 2601 Praxea
873 2539 981 2621 aliquid
1007 2538 1165 2612 inaudivit,
1194 2539 1248 2618 qni
1276 2547 1362 2600 tamen
1382 2533 1434 2592 un

299 2623 406 2684 dicitur
427 2623 581 2702 aliquando
604 2624 697 2686 luisse
720 2631 749 2684 et
771 2625 905 2703 martyris
921 2625 1016 2686 instar
1030 2623 1180 2696 babuisse,
1203 2632 1236 2685 et
1250 2617 1434 2684 Romaeetae

298 2716 332 2768 ut
352 2707 465 2770 litterae
487 2706 569 2787 pacis
592 2717 771 2787 negarentur
791 2708 989 2769 Hontanistis.
1026 2701 1435 2780 Nasamoniacosque

299 2809 366 2852 esse
393 2789 452 2853 hoc
479 2801 701 2871 argumentum
732 2792 810 2853 sicut
835 2809 896 2852 non
927 2791 1053 2854 obscure
1074 2792 1149 2852 ludit
1169 2799 1291 2865 auctor,
1322 2790 1370 2850 duo
1386 2792 1434 2857 uqa

298 2874 406 2936 diaboli
434 2893 614 2954 procurasse
641 2874 773 2936 Praxean
801 2875 929 2950 Homae3
961 2875 1062 2937 alludit
1094 2876 1131 2936 ad
1158 2874 1218 2936 boe
1247 2893 1348 2937 nomen
1369 2871 1437 2930 nrau-

297 2957 357 3022 Sed
384 2959 522 3038 quicquid
551 2959 605 3032 sit,
636 2977 742 3037 magna
769 2967 799 3022 et
829 2959 859 3020 in
883 2960 1039 3022 sententiis
1068 2959 1218 3038 rebusque
1241 2967 1272 3020 et
1292 2957 1375 3020 verbis
1390 2965 1438 3012 ouu

254 3053 258 3060 '
296 3043 424 3116 aientia,
457 3043 484 3104 si
512 3043 577 3121 quis
606 3053 758 3122 comparet
785 3043 870 3104 istam
894 3043 1086 3123 scriptionem
1108 3043 1260 3121 Hippolyti
1282 3061 1343 3106 cum
1361 3031 1438 3126 baultv

296 3127 419 3190 tulliani.
466 3125 559 3188 Nobis
588 3128 647 3188 iam
674 3146 735 3190 non
765 3137 904 3207 superest
931 3136 1044 3190 tantum
1072 3127 1127 3188 alia
1152 3127 1187 3190 ad
1211 3125 1437 3209 explicanduutaj‘ti

297 3211 581 3273 consarcinationem
602 3211 784 3284 libellorum,
807 3212 858 3290 qui
880 3211 1030 3292 Hippolyti
1052 3210 1173 3272 nornine
1195 3211 1358 3280 abutantur,
1374 3213 1436 3264 oeuaa

297 3313 377 3356 mum
399 3303 498 3358 autem
519 3295 607 3356 nobis
630 3295 756 3368 ridetur,
779 3295 903 3356 subesse
926 3307 955 3356 et
976 3296 1024 3357 bic
1046 3295 1142 3356 simile
1159 3303 1337 3365 monstrum,
1356 3299 1435 3366 atque

296 3377 447 3456 Hippolyti
475 3379 591 3451 (alicubi
614 3379 744 3454 lrenaei,
772 3398 799 3440 e.
823 3398 848 3442 o.
870 3378 948 3462 περὶ
977 3379 1035 3460 τῆς
1055 3378 1114 3442 τοῦ
1136 3375 1267 3454 παντὸς
1289 3369 1392 3447 οὐσίας,
1407 3383 1439 3438 rp-

296 3457 478 3539 Πλάτωνα,
508 3463 558 3542 qui
579 3463 694 3525 libebus
716 3463 804 3525 etiam
826 3463 903 3538 Caii,
925 3464 1044 3542 losepbi
1066 3471 1097 3524 et
1117 3462 1243 3525 eliorum
1266 3461 1375 3522 nomine
1390 3446 1436 3513 soll

297 3544 507 3628 circumferri),
535 3548 657 3608 nomine
685 3548 825 3609 confictas
855 3565 922 3612 esse
951 3566 1055 3609 ornnes
1082 3546 1155 3608 istas
1187 3547 1362 3626 scriptiones
1380 3547 1437 3617 yar*

295 3629 351 3692 Hic
382 3630 511 3693 breviter
538 3630 680 3709 quasdam
709 3631 870 3697 sententias
898 3632 1053 3710 utriusque
1079 3631 1147 3692 libri
1178 3628 1439 3710 comparuerunt

297 3733 430 3788 causam,
460 3723 619 3794 postquam
646 3715 690 3778 sie
716 3714 885 3795 attigimus,
913 3734 1066 3796 speramus
1091 3714 1127 3776 ab
1149 3713 1216 3776 aliis
1240 3713 1333 3776 multo
1353 3708 1440 3784 diliytP‘

297 3797 476 3861 illustratum
497 3799 545 3860 iri.

399 3965 562 4018 Tertullianus
581 3965 632 4016 adr.
652 3966 766 4020 Praxean.
1046 3965 1189 4032 Hippolytus
1208 3974 1295 4018 contra
1313 3965 1402 4016 ttoeau

337 4166 423 4229 Varie
440 4083 753 4227 diabolicabpaeimulatns
769 4173 816 4226 est
830 4183 882 4227 ve·
991 4149 1097 4240 Οὗτος
1127 4078 1285 4333 (Ν6Ξ1οιέ)
1314 4155 1437 4249 qvamd-

295 4248 422 4310 ritatem.
436 4281 479 4294 ·-
493 4283 535 4294 —
557 4249 660 4329 lpsum
680 4248 751 4311 dicit
770 4259 884 4328 patrem
935 4246 982 4325 εἰς
997 4245 1181 4395 inqpse‘ooo
1211 4245 1296 4335 'paq
1313 4244 1436 4330 attero

296 4331 490 4419 descendisse
501 4332 533 4396 in
547 4334 670 4414 virgine,
685 4333 783 4414 ipsum
798 4353 834 4396 ex
849 4353 884 4396 ea
932 4353 1037 4420 ματος
1052 4328 1073 4398 ἆ
1095 4327 1228 4417 λοτρίου
1245 4331 1399 4420 ἐπαχθείς.
1411 4313 1435 4378 'f‘

295 4419 407 4490 Pilum,
422 4417 519 4496 ipsum
530 4437 662 4500 passum.
691 4417 825 4498 Denique
834 4418 882 4499 ip·
933 4413 1147 4501 rdepcorbo
1162 4409 1263 4484 αὐτὸν
1280 4411 1361 4484 εἶναι
1372 4399 1445 4476 τονΠὲΗ

329 4598 353 4637 n.
372 4587 400 4636 de
417 4586 542 4638 iactatione
557 4589 663 4652 osortpiit
679 4569 787 4652 ispum,
801 4575 874 4653 paolo
892 4595 949 4656 post
965 4589 1075 4656 sequitur
1092 4589 1117 4641 ia
1138 4587 1300 4640 Tertulliano.
