3144 5236
496 353 631 398 tucroas
653 353 712 396 mc.
734 353 772 396 ne
794 353 922 396 neuneu.
1262 341 1321 404 tet

31 559 38 586 ,
114 503 267 584 Pbilosopb.
291 523 355 585 cap.
378 508 409 567 4.
431 523 461 584 p.
485 505 581 581 886.).
626 501 705 576 Quid
732 501 827 581 ergo?
870 503 1024 565 Erravitne
1047 504 1142 566 adhuc
1163 505 1321 570 Tertullia-

113 608 159 650 nus
187 607 218 650 ac
244 607 356 650 nomen
377 588 559 668 Pythagorae
586 605 642 667 pro
670 587 728 649 alio
757 587 798 648 ibi
831 587 895 666 ipse
923 588 969 650 vel
1002 588 1140 651 librarius
1162 590 1322 670 scripsisse

112 673 236 736 dicendus
259 671 328 734 est?
372 672 519 751 Numquid
541 672 653 751 potius,
682 672 749 750 quie
771 662 896 733 celebris
918 672 967 734 hic
987 672 1184 752 philosophus
1206 675 1242 736 ab
1265 695 1318 737 eo·

111 759 166 818 dem
178 757 345 830 Plutarcho,
367 757 496 829 Laertio,
519 757 709 818 Tbeodorcto
732 763 762 817 et
784 755 849 818 aliis
871 755 1011 819 docuisse
1032 757 1207 836 perhibetur
1220 759 1319 821 unite·

110 851 158 902 tem
184 860 252 904 esse
280 859 382 902 rerum
409 841 541 902 omnium
573 839 750 920 principium
778 849 865 920 etque
893 859 928 902 cx
956 841 1089 903 numeris
1123 843 1222 904 omnia
1244 844 1319 918 lieri,

108 925 164 986 inde
182 925 292 987 ductor
319 935 424 986 noster
450 925 554 988 coolici
582 943 676 1004 posse
703 925 815 1003 putarit
841 924 994 998 mundum,
1023 926 1100 988 sicut
1126 927 1267 990 umtatem
1290 937 1322 990 et

107 1029 245 1076 numeros.
280 1029 336 1071 nec
367 1018 467 1072 ortum
500 1010 594 1072 luisse
623 1027 680 1070 uec
707 1011 814 1070 lactum
848 1009 941 1082 iidem
970 1010 1042 1072 ibid.
1064 1010 1115 1071 lib.
1138 1011 1176 1071 ll.
1200 1029 1262 1090 cap.
1287 1015 1318 1077 3.

105 1094 191 1154 badrt.
212 1093 266 1156 lib.
290 1093 364 1156 Vlll.
388 1098 418 1171 ς.
441 1098 493 1158 25.
521 1093 701 1154 Theodorei.
732 1094 828 1154 Serm.
851 1094 887 1155 11.
912 1095 949 1154 de
970 1094 1130 1172 Principio.
1152 1107 1182 1174 p.
1208 1095 1319 1173 489ss

106 1178 154 1239 Sed
180 1177 205 1240 si
232 1179 275 1238 ita
303 1197 353 1240 res
376 1179 546 1250 schabest,
580 1177 659 1240 citati
681 1197 698 1240 e
719 1178 807 1238 uobis
830 1185 967 1240 auctores
991 1179 1101 1240 erroris
1122 1180 1316 1258 proculdubio

106 1263 314 1324 convincentur.
358 1261 505 1342 Numquid
527 1262 618 1340 igitur
645 1261 826 1340 probabilius
850 1261 907 1323 dici
929 1270 1030 1344 potest
1049 1264 1244 1343 Pythagoram
1267 1283 1318 1326 er·
1357 1319 1362 1326 .

105 1347 217 1407 rentium
238 1365 326 1408 more
349 1347 379 1408 in
402 1347 505 1408 eadem
533 1364 594 1407 nou
617 1347 820 1425 permansisse
841 1346 1011 1408 sententia?
1054 1348 1135 1412 llaec
1155 1349 1242 1410 velim
1265 1367 1317 1412 ex·

104 1432 201 1508 pendas
225 1441 257 1492 et
278 1432 466 1509 pronunties.

175 1515 266 1576 llulto
290 1515 388 1593 itaque
409 1516 508 1577 verius
532 1515 699 1593 eertiruque
721 1514 790 1575 illud
815 1524 872 1588 est,
895 1515 974 1594 quod
994 1515 1106 1576 ductor
1127 1524 1233 1577 noster
1254 1525 1317 1578 tra·

104 1597 174 1672 didit,
195 1599 341 1660 mundtuu
364 1619 400 1660 ex
420 1599 513 1662 nibilo
535 1619 551 1660 a
572 1598 634 1660 lieo
650 1606 790 1671 creatum,
814 1586 906 1662 derbe
921 1617 979 1680 quo
995 1603 1099 1672 iussit,
1123 1605 1244 1664 ratione
1259 1620 1318 1682 pso
1426 1625 1429 1630 ·

105 1683 248 1762 disposuit,
272 1688 390 1747 virente
411 1703 470 1763 qno
489 1688 592 1764 potnit
612 1683 961 1762 (Tertullinudpologet.
977 1702 1040 1763 cap.
1055 1688 1104 1748 l'l.
1121 1688 1316 1764 ctcep.21.).
1421 1697 1427 1716 ¹

106 1765 179 1837 Quod
199 1767 321 1846 quidem
343 1768 380 1828 ab
403 1787 438 1829 eo
460 1769 619 1847 repetitum
641 1775 671 1828 et
692 1767 846 1829 abliuutio
868 1763 975 1848 Felice,
997 1776 1031 1829 ut
1044 1768 1113 1830 alibi
1130 1770 1317 1831 animadver-

104 1849 189 1925 timus,
216 1853 431 1931 transoriptum
459 1860 506 1914 est
532 1853 698 1926 (Dissertat.
727 1851 758 1912 in
779 1852 883 1913 bliaut.
907 1851 1009 1914 Octar.
1032 1853 1102 1932 Cap.
1125 1857 1155 1918 2.
1177 1854 1239 1914 drt.
1263 1859 1316 1930 5.).

106 1931 154 1995 Sed
177 1938 253 2016 quod
288 1935 325 1998 de
355 1937 414 1997 boc
433 1937 487 1998 Dei
515 1935 606 1998 verbo
630 1935 829 1999 Tertullianus
852 1936 948 2010 docet,
971 1937 1040 2011 iam,
1063 1937 1090 2000 si
1111 1939 1215 2017 placet,
1248 1937 1316 1999 dili-

106 2029 195 2094 genter
216 2021 431 2100 expendamus.

593 2236 713 2298 CAPUT
739 2237 813 2299 Vlll.

560 2357 594 2406 lie
612 2357 701 2408 Christi
719 2358 847 2408 divinitate.

595 2573 762 2624 atticotos
783 2573 801 2623 l.

102 2669 127 2713 lie
143 2673 202 2718 rrriis
221 2675 271 2718 ruti
291 2675 330 2718 Dei
351 2675 485 2728 nominibus,
511 2687 537 2718 ac
562 2687 629 2731 quern
654 2677 779 2720 luculenter
798 2677 948 2720 Tertullianus
973 2677 1053 2720 doceat
1070 2678 1115 2720 reri
1134 2679 1258 2734 summique
1275 2679 1316 2722 oei

185 2743 286 2785 attribute
305 2742 337 2784 illi
356 2742 475 2785 conventre
494 2753 589 2798 eumque
608 2755 676 2786 unum
695 2751 716 2786 et
735 2745 849 2787 aeterouui
868 2755 918 2788 curu
939 2743 1002 2786 Putre
1022 2756 1062 2787 suo
1082 2755 1133 2786 esse
1147 2744 1225 2787 Deum.

173 2855 250 2928 Ouid
274 2857 315 2918 sii
336 2857 477 2931 Verbum,
498 2858 594 2930 ilatio,
618 2858 725 2920 Sermo
748 2857 884 2919 etFilius
900 2857 964 2929 uei,
987 2866 1019 2920 ut
1034 2857 1231 2918 Tertullianus
1247 2877 1315 2919 our·

100 2937 174 2998 uibus
195 2941 365 3018 patefaciat,
388 2941 505 3004 duobus
527 2941 624 3002 modis
647 2950 676 3002 et
697 2943 792 3003 Deum
814 2951 845 3002 ct
866 2941 996 3003 Verbum
1016 2941 1069 3002 Dei
1084 2940 1190 3002 Filium
1213 2942 1315 3004 cousi-

101 3019 183 3084 derari
204 3043 301 3103 posse
323 3025 419 3086 docet.
463 3025 559 3086 dmbo
582 3025 661 3086 enim
684 3025 811 3104 spectari
833 3031 961 3103 possunt
982 3033 1137 3102 antequam
1152 3025 1218 3104 ipse
1234 3027 1314 3088 Deus

101 3107 228 3168 mundum
257 3110 307 3171 vel
335 3117 499 3171 creaturam
527 3109 614 3170 ullam
644 3108 809 3170 condiderit
836 3109 883 3169 rel
911 3108 1030 3187 quando
1058 3109 1186 3170 muudus
1218 3111 1255 3172 ab
1278 3129 1314 3172 eo

101 3199 199 3252 uentus
227 3201 286 3254 est.
332 3193 376 3254 lle
403 3203 529 3273 utroque
556 3201 654 3254 autem
683 3200 750 3254 anm
772 3193 952 3258 creationem
974 3193 1077 3254 mundi
1099 3193 1157 3254 boc
1178 3202 1316 3274 unquam

100 3274 288 3338 certissimum
313 3277 481 3340 coustituit:
504 3280 581 3340 Ante
604 3281 703 3340 omnio
725 3276 807 3338 Dens
830 3287 898 3339 erut
913 3277 1007 3349 solers,
1031 3281 1094 3356 epse
1112 3278 1172 3343 sibi
1183 3281 1315 3341 mundus

100 3367 122 3414 rt
141 3358 219 3422 locus
242 3373 272 3423 et
298 3366 407 3424 omnio.
438 3361 531 3424 Solus
552 3371 659 3432 cutem,
683 3366 753 3442 puio
774 3362 852 3425 nibil
873 3362 957 3424 alind
978 3367 1170 3424 ectrineems
1188 3375 1317 3441 praeter

100 3437 181 3504 illum.
228 3445 373 3508 Ceterum
401 3465 439 3508 nc
468 3457 540 3508 tunc
567 3448 683 3527 quidem
710 3447 813 3519 eoluet
843 3446 1067 3508 melitenen
1099 3465 1201 3510 eecnm
1227 3465 1316 3527 poam
1446 3505 1450 3512 .

101 3521 210 3590 bicon
232 3535 267 3590 in
292 3535 461 3610 semetipso,
491 3533 639 3593 rationem
661 3549 746 3592 suom
769 3530 893 3592 scilicet.
935 3529 1107 3593 llntionolie
1130 3541 1160 3591 et
1181 3535 1261 3592 rotie
1283 3535 1316 3592 in

100 3609 153 3686 ipso
169 3619 262 3692 prins
288 3625 317 3675 et
340 3618 385 3675 ito
406 3615 442 3674 nb
465 3618 531 3693 ipso
555 3619 664 3676 omnio.
698 3615 784 3686 Quae
806 3619 886 3676 rotie
909 3633 1016 3676 senens
1031 3617 1128 3694 ipeieu
1144 3623 1198 3674 eet.
1228 3613 1316 3675 llaec
1430 3636 1433 3646 ·

101 3691 195 3756 draeo
213 3693 318 3780 loyor
340 3700 454 3770 dicunt,
477 3716 535 3777 qno
550 3697 696 3760 uocabulo
713 3703 803 3760 etrbm
817 3716 985 3760 sermonem
999 3697 1195 3778 appellamus.
1226 3696 1316 3757 Ideo-

101 3793 144 3852 pte
162 3785 220 3842 inm
241 3787 277 3843 in
300 3800 361 3844 nso
384 3795 431 3844 est
452 3793 631 3844 nostrornm
649 3799 709 3861 per
731 3781 953 3864 simplicitatem
967 3782 1230 3859 interpretationis
1246 3796 1315 3840 ser-

100 3875 199 3924 monem
227 3868 332 3929 dicere
354 3870 387 3928 in
404 3867 578 3945 primordio
600 3867 682 3945 opud
703 3865 800 3926 Deum
820 3866 927 3944 iniere,
963 3885 1029 3927 cnm
1049 3866 1143 3940 osopio
1165 3865 1316 3924 rationem
1401 3863 1406 3870 '

102 3959 230 4025 competet
259 3955 467 4031 antiquiorem
498 3951 611 4022 baberi,
644 3953 714 4029 qnia
739 3967 801 4012 non
830 3947 1011 4011 sermonalis
1033 3966 1052 4008 o
1071 3949 1233 4026 principio,
1263 3945 1316 4008 eccl

101 4033 352 4096 racemorum
375 4037 465 4095 etium
486 4043 556 4096 onte
573 4036 770 4114 pm'neipinm,
793 4043 822 4094 et
843 4037 913 4113 puio
933 4035 999 4112 ipre
1020 4047 1135 4111 quoque
1147 4047 1245 4092 sermo
1261 4048 1316 4091 re-

101 4113 167 4173 tione
187 4122 361 4180 coemerent
380 4121 520 4197 priorem
541 4137 605 4180 eom
626 4128 662 4180 ut
683 4119 884 4180 indetontrirm
905 4135 992 4178 enom
1017 4115 1165 4175 ostendet.
1208 4112 1316 4176 Tamen

100 4203 124 4252 tt
140 4203 177 4259 ric
198 4202 280 4263 nibil
311 4207 449 4264 niterent.
493 4200 571 4264 Nom
598 4213 628 4264 et
649 4205 679 4265 ei
698 4201 780 4262 uene
802 4202 938 4263 nondum
959 4216 1126 4260 armonem
1147 4216 1237 4260 sunm
1257 4202 1316 4258 mi-

100 4293 177 4358 seret,
195 4287 333 4363 proinde
357 4304 425 4347 enm
447 4304 512 4348 crem
534 4291 602 4365 ipso
624 4295 654 4347 ei
676 4289 708 4346 in
730 4289 797 4364 ipso
819 4289 940 4346 ratione
955 4287 1040 4344 intro
1054 4285 1245 4361 semetipsum
1259 4281 1316 4342 bo-

100 4357 297 4438 benereem
320 4371 529 4449 copitondoet
553 4369 737 4450 disponendo
760 4385 861 4430 secum
882 4385 958 4448 poce
976 4383 1036 4446 per
1061 4383 1229 4428 sennonem
1242 4383 1316 4426 mon

99 4460 153 4508 ml
173 4454 328 4515 dicturus.
371 4454 445 4514 Cum
466 4458 585 4532 rptione
606 4457 686 4515 enim
707 4471 764 4514 eno
787 4455 920 4529 copr'tone
942 4463 1030 4532 cipue
1052 4451 1213 4529 disponens
1248 4466 1315 4510 eer-

99 4542 198 4598 ·onem
228 4555 298 4600 eum
324 4537 484 4617 efficiebat,
512 4553 599 4617 quem
630 4553 767 4600 sermone
789 4535 942 4598 tractabat
969 4533 1153 4610 (Tertulliau.
1175 4532 1225 4594 lib.
1249 4532 1315 4593 adr.
