3114 5240
459 409 591 452 lucrans
613 409 671 452 uic.
693 409 730 454 cs
753 409 879 455 nonni.
1217 400 1277 462 117

70 562 127 624 itus
149 565 329 640 monson
351 559 423 621 tanti
446 578 513 622 esse
534 561 677 622 momenti
699 579 733 622 ao
753 561 905 640 ponderis,
928 571 961 624 ut
981 563 1019 625 iis
1034 571 1084 624 aut
1098 563 1278 643 pertinacio-

70 666 102 708 ns
120 651 322 707 conterantur
343 653 430 724 atque
452 644 623 718 obruantur.
666 645 767 725 Neque
790 653 887 708 tamen
909 647 1095 714 dissimulare
1116 668 1278 728 possumus

68 751 116 792 un
145 729 316 808 asperioris
345 728 455 808 ingenii
483 731 595 810 impetu
623 747 833 810 nonnunquam
871 739 988 810 raptum
1022 734 1164 812 quaedam
1192 736 1278 797 adhi-

67 817 153 877 buisse
177 820 364 893 argumenta,
399 833 473 894 qliae
495 823 547 875 ant
567 815 682 876 inlirma
703 823 791 894 atque
813 816 900 877 etima
923 817 993 878 salsa
1016 817 1150 897 pluribus
1172 819 1278 882 riden-

65 911 107 962 tn.
150 900 268 961 Verum
290 898 367 960 inira
385 898 653 961 demonstrabimus
677 919 730 961 eoa
752 919 812 960 non
836 901 908 962 satis
931 901 1085 981 diligenter
1106 905 1277 979 attendisse,

64 993 197 1063 qnantum
220 983 271 1045 illc
291 985 351 1044 hoc
372 983 402 1044 in
425 982 499 1045 libro
521 984 654 1046 brevitati
676 985 867 1056 consuluerit,
891 993 921 1048 et
942 986 1026 1066 plura
1042 1006 1115 1066 quae
1131 988 1203 1050 salsa
1218 1009 1277 1070 pu-

63 1079 127 1143 nrt,
166 1087 243 1130 sera
272 1069 406 1147 prolecto
429 1067 623 1148 deprehendi,
657 1069 682 1128 si
706 1088 772 1130 cum
794 1070 874 1143 aliis,
909 1089 984 1150 quae
1005 1073 1070 1152 ipse
1091 1072 1158 1134 alibi
1181 1075 1277 1137 insius

63 1163 182 1226 enarrat,
206 1159 319 1214 attento
342 1153 441 1214 animo
462 1161 686 1232 componantur.

134 1239 207 1301 Non
237 1237 302 1298 iure
330 1247 427 1298 autem
447 1256 573 1316 prorsus
595 1238 741 1300 immerito
762 1246 862 1317 potest
883 1240 914 1300 in
937 1241 994 1302 hoc
1015 1239 1091 1300 libro
1115 1242 1276 1304 desiderari
1333 1231 1338 1244 ⁸

62 1325 160 1386 uehar
184 1329 427 1401 argumentorum
448 1321 604 1401 dispositio
627 1323 763 1396 otardo,
797 1323 847 1402 qui
868 1324 963 1385 maios
985 1332 1048 1389 toto
1072 1327 1155 1405 operi
1176 1327 1294 1397 lumen!

63 1409 202 1470 uertisset
225 1414 255 1468 et
276 1424 335 1486 quo
359 1407 555 1468 Tertullianus
578 1407 634 1467 sibi
655 1407 769 1469 facilius
792 1408 978 1471 conciliasset
1002 1409 1122 1471 lectoris
1145 1411 1276 1472 benevo-

62 1493 174 1556 lentiam
197 1500 229 1554 et
250 1490 502 1570 approbationem.

135 1579 249 1638 Verum
271 1575 359 1638 nohis
382 1575 485 1654 aliquis
508 1575 603 1637 adbuc
616 1575 735 1637 abiiciet
748 1576 940 1650 Lactantium,
964 1579 1012 1657 qui
1029 1579 1105 1640 hanc
1119 1579 1156 1640 de
1171 1581 1276 1642 eodem

62 1661 229 1725 Tertulliani
252 1659 442 1740 Apologetioo
464 1660 530 1722 tulit
551 1660 743 1722 sententiam:
770 1661 949 1744 Quanquam
972 1662 1180 1726 Tertullianus
1203 1684 1278 1727 ean-

60 1749 119 1810 tm
142 1747 390 1810 Christianorum
418 1764 538 1807 cansam
562 1746 656 1824 plene
671 1751 869 1824 peroraverit
889 1749 922 1808 in
945 1765 977 1809 eo
1001 1747 1089 1821 libra,
1125 1754 1176 1811 cni
1194 1750 1276 1831 lpa-

59 1833 184 1911 loqen'co
204 1849 312 1893 nomen
335 1841 392 1901 eet,
417 1842 516 1892 tannen
538 1835 678 1911 quoniam
692 1830 777 1893 alind
793 1842 837 1893 est
851 1832 1063 1894 accusantibus
1079 1835 1273 1913 respondere,

58 1917 139 1998 qnod
166 1919 198 1977 in
224 1917 398 1994 deferuione
426 1925 479 1977 ant
506 1920 662 1993 nepotiane
683 1915 749 1977 sola
768 1920 903 1996 positum
925 1926 985 1990 est,
1014 1915 1100 1980 alind
1121 1921 1276 1982 instruere

59 2001 140 2082 quod
166 2019 218 2062 nos
248 2001 388 2079 sammua,
422 2003 455 2060 in
486 2017 544 2082 qno
578 2018 698 2062 maesse
731 2011 775 2062 est
805 2002 961 2064 doctrinae
998 2005 1092 2064 totins
1129 2021 1275 2066 summam

60 2089 210 2150 conamen·
244 2084 387 2158 (Laclant.
419 2083 469 2144 lib.
492 2083 524 2144 V.
553 2083 626 2146 lust
658 2102 721 2162 cap.
745 2089 798 2161 4.).
852 2085 985 2147 Declarat
1021 2086 1099 2148 enirn
1139 2087 1198 2148 duo
1238 2088 1274 2150 ab

60 2171 92 2232 iis
119 2169 167 2250 agi
195 2168 344 2243 debuisse,
374 2168 423 2248 qui
446 2167 620 2230 oltristianae
642 2168 793 2248 religionis
815 2169 1019 2232 defensionem
1041 2171 1183 2234 adversus
1206 2173 1273 2234 eth-

61 2255 139 2316 nicos
160 2254 374 2334 suscipiebant.
417 2253 547 2314 Primum
569 2262 633 2314 erat
653 2253 691 2314 iis
713 2254 904 2334 respondere,
928 2256 978 2334 qui
1001 2255 1183 2318 Christianos
1204 2257 1274 2336 plu·

62 2342 132 2402 num
154 2339 308 2401 criminum
338 2337 554 2399 insimulabant
598 2338 781 2412 Secundum,
812 2338 975 2400 doctrinam
1004 2339 1180 2402 christianae
1201 2341 1273 2402 reli-

63 2425 151 2504 gionis
174 2425 213 2485 ita
237 2441 388 2504 exponere
415 2441 450 2484 ac
480 2422 699 2496 demonstrare,
728 2431 763 2484 ut
785 2441 818 2484 ea
840 2423 961 2503 quilibet
982 2424 1067 2504 plene
1090 2445 1123 2486 ac
1144 2427 1274 2504 perlecto

63 2511 260 2570 instrueretur.
301 2507 338 2568 ht
359 2506 408 2568 ille
428 2507 552 2587 primam
574 2507 660 2568 huius
683 2525 788 2569 causae
809 2517 923 2587 partem
945 2527 961 2568 a
984 2509 1164 2571 Tertulliano
1186 2510 1274 2589 plene

62 2603 222 2673 peroratam
250 2593 374 2662 latetur,
403 2591 524 2652 minime
544 2609 615 2652 vero
638 2591 806 2654 secundam.
850 2594 958 2654 Verum
982 2593 1052 2656 satis
1076 2593 1272 2656 Tertullianus

62 2679 209 2759 proposito
237 2695 293 2740 suo
322 2693 392 2738 esse
419 2675 530 2754 putavit
555 2675 683 2738 insulsas
717 2675 861 2737 cremisse
884 2677 1068 2739 ethnicarum
1090 2679 1274 2741 Christianos

65 2763 183 2826 tunsus
205 2761 374 2842 gravissimi
394 2760 526 2822 criminis
549 2761 748 2822 accusantium
783 2761 1019 2835 criminationes,
1052 2780 1087 2822 ac
1107 2762 1274 2824 vindicasse

66 2849 169 2910 illorum
197 2845 400 2909 innocentiam
427 2863 462 2906 ac
489 2863 606 2906 morum
633 2844 840 2924 integritatem.
884 2845 980 2917 Quam
1009 2854 1089 2907 recte
1118 2854 1215 2907 autem
1243 2847 1274 2908 id

68 2932 316 3004 durroosuaverit,
346 2949 382 2992 ex
410 2930 475 2992 data
502 2928 591 2991 huius
619 2929 686 2990 libri
719 2928 826 3008 nosipsi
850 2937 936 3008 atque
959 2929 1022 2992 aliis
1045 2929 1120 2992 iolla
1142 2930 1273 2992 dicendis

69 3019 106 3080 tu
125 3017 264 3079 omnihus
287 3014 485 3076 manifestum.

136 3103 251 3164 Deinde
272 3117 344 3161 vero
367 3099 415 3160 ille
436 3097 555 3178 penitus
576 3095 713 3157 intactam
735 3114 797 3157 nou
817 3095 936 3176 reliquit
963 3095 1138 3160 christianae
1160 3094 1289 3161 doctri-'

68 3205 112 3247 nac
131 3185 350 3250 institutionem
372 3192 402 3246 et
423 3182 655 3263 explicationem.
698 3180 772 3242 Nam
793 3181 950 3260 praecipua
972 3181 1036 3243 eins
1059 3183 1153 3262 capita
1172 3183 1272 3246 brevi-

69 3283 103 3333 ter
121 3272 250 3352 quidem,
272 3269 327 3333 sed
349 3268 421 3330 adeo
443 3267 559 3330 sincere
581 3285 615 3327 ac
635 3265 757 3328 candide
778 3265 916 3346 explicat,
950 3275 983 3330 ut
1004 3266 1040 3328 ah
1063 3268 1200 3330 omnibus
1223 3270 1272 3331 io·

68 3357 146 3436 tolligi
166 3357 251 3418 iacile
272 3353 371 3434 possit
391 3353 464 3414 nihil
485 3370 553 3414 csse
576 3359 606 3412 et
627 3351 735 3412 divinis
750 3350 982 3414 institutionibus
1000 3360 1028 3413 et
1042 3361 1139 3414 rectae
1155 3353 1272 3429 rationi,

69 3441 136 3502 simt
158 3449 263 3521 postea
291 3437 498 3509 ostendemus,
526 3436 620 3515 magis
649 3445 890 3499 consentaneum.
933 3436 991 3498 Sed
1012 3437 1181 3500 Lactantius
1204 3438 1272 3500 lon-

69 3525 167 3604 giorem
186 3523 384 3606 proculdubio
406 3520 593 3584 desiderabat
612 3520 718 3582 horum
746 3521 989 3583 documentorum
1005 3523 1219 3602 expositionem
1240 3542 1274 3584 ac

69 3610 270 3686 probationem.
314 3609 423 3669 Verum
444 3606 475 3666 ia
497 3605 700 3685 superioribus
724 3606 835 3667 nostris
857 3606 1115 3668 dissertationibus
1138 3607 1272 3668 ostendi-

70 3711 125 3756 mus
144 3713 204 3757 oon
225 3696 334 3757 iustam
356 3691 476 3753 omniuo
498 3709 565 3751 osse
586 3689 663 3750 banc
682 3690 894 3768 querimoniam
928 3691 1092 3768 (Dissertat.
1115 3691 1145 3751 in
1166 3690 1272 3750 blinuc.

72 3777 130 3858 Cap.
150 3783 179 3844 2.
201 3781 262 3842 hrt
285 3781 316 3842 2.
341 3786 371 3839 ct
392 3777 422 3836 in
443 3776 573 3836 Lactant.
597 3773 666 3853 Cap.
690 3777 718 3838 3.
741 3777 802 3836 hrt.
825 3778 879 3849 2.).

568 3958 688 4020 CAPUT
711 3957 759 4019 lll.

104 4079 133 4130 lit
146 4083 207 4136 haias
225 4085 282 4136 libri
300 4081 449 4148 lpoloqetici
469 4081 637 4144 manuscriptis
655 4077 786 4138 codicibus,
805 4077 949 4128 editionibus
968 4073 1126 4127 atoariorum
1146 4077 1169 4126 ia
1188 4091 1243 4128 eum

376 4147 572 4214 paraphraaibus,
590 4147 688 4196 scholiis
707 4153 730 4194 et
747 4145 961 4196 observationibus.

592 4257 742 4268 -ι

564 4331 730 4384 anniculos
748 4331 766 4382 l.

381 4440 413 4483 lle
431 4438 496 4482 teriia
513 4437 580 4482 huius
597 4437 646 4482 libri
663 4435 817 4491 manuscriptis
835 4433 956 4480 codicibus.

141 4539 240 4603 Plures
269 4555 344 4600 sane
364 4537 544 4618 Apologclici
572 4533 794 4618 aTermlliano
823 4539 927 4592 nostro
959 4529 1028 4591 editi
1061 4530 1177 4592 codices
1206 4548 1271 4591 rna-

73 4626 198 4706 ouutptt
226 4625 267 4688 ad
294 4629 418 4686 aetatem
448 4639 540 4701 usque
561 4629 692 4683 nonnam
712 4624 918 4698 pervenerunt.
961 4613 1042 4678 linos
1066 4615 1144 4678 enim
1163 4613 1273 4676 indicet
