3144 5236
490 391 626 436 necron
647 393 706 441 erc.
729 393 767 438 ne
789 395 916 442 noum.
1255 385 1317 454 itt

112 545 197 604 stuic
213 559 272 622 per
294 542 366 604 deos
388 549 418 602 ct
439 540 587 614 dominos,
615 553 652 606 ut
672 545 792 625 pum
813 543 966 618 λυτικοί,
995 567 1126 630 qaam
1147 551 1192 614 dii
1207 551 1319 633 plum

111 625 181 701 (ibid.
202 627 357 706 cap.13.).
389 624 588 688 Tertullianus
609 627 717 706 itaque,
741 630 990 707 quemadmodum
1011 632 1060 694 alii
1081 635 1143 696 reri
1158 634 1317 700 Christiani

111 710 239 790 quaeiber
260 717 478 771 tormentorum
500 727 610 790 genera
631 712 760 790 experiri
782 714 926 776 elucrari
940 716 1116 791 maluerunt,
1139 737 1227 798 quara
1241 721 1319 784 banc

112 795 231 856 uaditam
254 792 313 856 edri
335 812 352 854 a
373 791 492 855 Christo
514 794 638 874 eiusque
672 795 823 874 discipulis
851 797 888 860 de
915 799 1049 862 eiusdem
1071 800 1180 864 Christi
1208 805 1317 866 dirim-

110 888 157 940 tete
176 887 205 940 et
225 877 433 940 sanctissimae
453 877 608 940 Trinitatis
629 880 770 958 mysterio
793 881 957 944 doctrinam
978 883 1146 948 ullomodo
1169 886 1319 950 infirmare

110 971 151 1024 aut
169 961 365 1026 dissimulare.
408 960 513 1024 Nullus
542 981 615 1042 ergo
638 963 789 1026 dubitandi
810 965 894 1027 loona
916 975 972 1040 est,
1001 969 1162 1046 mansere
1184 971 1225 1032 sit
1245 973 1320 1035 baec

110 1047 227 1110 eiusdem
248 1045 423 1108 Tertulliani
445 1055 475 1107 et
495 1047 655 1110 ontboliuae
669 1047 818 1110 Ecclesiae
839 1050 984 1122 doctrina,
1001 1071 1075 1130 quae
1097 1053 1177 1116 bunc
1196 1054 1227 1116 iu
1248 1075 1318 1118 mo·

109 1131 168 1192 dnm
192 1151 210 1192 a
237 1129 333 1192 sacris
363 1130 559 1209 scriptoribus
586 1131 704 1194 adserta
731 1140 958 1212 constanterque
980 1153 1016 1196 uo
1036 1145 1181 1217 perpetuo
1202 1147 1318 1202 somata
1350 1175 1356 1188 ι

109 1225 335 1296 propugnatorque
356 1213 420 1275 luit

598 1433 765 1485 luriculas
784 1421 819 1484 ll.

111 1536 183 1586 Quibus
203 1535 327 1580 rationibus
345 1535 495 1580 'lertulliems
518 1536 629 1592 explicere
654 1543 747 1580 conatus
766 1537 793 1580 sit
811 1536 906 1582 divinam
923 1545 1082 1594 aeternumque
1100 1539 1149 1584 l'ilii
1167 1541 1206 1585 lici
1224 1553 1320 1598 penma-

279 1601 362 1646 tinnsm
381 1610 403 1645 ct
421 1615 460 1646 cur
477 1603 523 1656 illc,
542 1615 586 1647 non
603 1615 656 1647 raro
675 1603 770 1660 Spiritus
787 1611 887 1656 sanctus,
905 1603 973 1648 Filius
991 1603 1030 1648 lici
1048 1605 1150 1650 dicetur.'
1201 1653 1214 1664 ,

185 1715 262 1778 Satis
287 1715 468 1777 Tertulliano
497 1715 635 1776 nonfuit
657 1733 742 1778 suam
763 1724 795 1777 et
815 1715 906 1778 totius
929 1717 1088 1780 ratbnb'cas
1110 1718 1259 1782 Ecclesiae
1281 1721 1321 1783 dc

113 1819 236 1879 supreme
257 1799 326 1861 Filii
347 1798 401 1860 Ilei
422 1808 452 1862 et
473 1799 601 1878 Spiritus
625 1799 725 1862 Sancti
750 1799 900 1862 divinitate
922 1802 1100 1864 senteutiam
1121 1821 1168 1877 eo,
1192 1821 1251 1883 quo
1274 1805 1321 1865 ri-

114 1883 197 1944 dimus
217 1885 294 1959 (Art.
310 1888 437 1962 sapen),
457 1883 547 1945 modo
569 1883 735 1963 expositam
758 1884 833 1945 tueri
856 1903 890 1946 ac
910 1883 1074 1960 vindicare,
1097 1887 1153 1948 sed
1175 1888 1322 1966 explicare

114 1967 189 2030 etiam
214 1975 340 2030 mnatns
369 1975 426 2040 est,
455 1985 507 2028 cur
528 1967 655 2028 Verbum
683 1976 714 2028 ei
734 1967 820 2029 liatio
842 1967 894 2028 bei
916 1987 1005 2030 verus
1027 1969 1093 2032 eius
1113 1969 1207 2033 Filius
1230 1972 1271 2034 sii
1291 1978 1324 2034 et

114 2051 161 2112 diri
181 2053 295 2114 debent.
323 2051 423 2112 Palam
443 2050 541 2130 itaque
565 2051 703 2112 omnibus
724 2051 853 2113 dederat
873 2051 976 2125 Deum,
999 2071 1035 2114 eo
1057 2054 1124 2132 ipso
1146 2055 1227 2132 qruod
1241 2053 1322 2117 Deus

114 2143 161 2206 cst
182 2155 301 2216 semper
322 2143 409 2214 atque
430 2135 466 2197 ab
489 2135 569 2196 omni
592 2135 762 2196 aeternitate
784 2135 878 2196 brisso
899 2137 1074 2199 rationalem
1095 2137 1204 2213 (ibid).
1248 2138 1323 2200 Cum

115 2239 175 2298 ergo
196 2221 259 2282 sine
283 2219 398 2282 munna
420 2238 489 2280 esse
510 2237 570 2280 non
591 2219 699 2298 possit,
726 2219 762 2281 ab
784 2219 888 2280 eadem
909 2220 1082 2282 aetemitate
1103 2222 1227 2301 protulit
1248 2221 1321 2283 Ser·
1409 2259 1418 2268 ·

115 2321 229 2377 monem,
251 2304 303 2383 qni
325 2303 444 2382 pridem
459 2303 564 2364 Sermo
586 2303 693 2364 melius
714 2303 814 2376 labne,
837 2304 1085 2381 quemadmodum
1107 2305 1322 2378 annotavimus,

116 2387 188 2450 liatio
209 2388 351 2469 appellari
374 2387 525 2448 debuerat.
567 2387 691 2450 birinus
714 2395 811 2448 autem
832 2386 880 2448 ille
902 2387 1008 2450 Sermo
1028 2407 1090 2450 non
1112 2397 1161 2450 est
1180 2389 1324 2468 quamam

116 2473 260 2546 articulata,
285 2471 372 2534 sicuti
393 2471 535 2544 bominis,
558 2489 623 2545 ros,
647 2471 691 2532 rel
713 2471 832 2550 quidam
854 2489 948 2532 sonus
973 2471 1035 2532 nris
1058 2479 1146 2534 adrre
1160 2489 1326 2552 percussus

115 2567 189 2635 aque
216 2557 256 2618 ita
285 2556 387 2617 nescio
409 2555 480 2634 quid
499 2573 623 2616 vacuum
645 2563 675 2650 et
695 2555 798 2626 inane,
826 2555 881 2616 sed
902 2555 1000 2627 babet,
1030 2556 1135 2634 inquit,
1161 2561 1327 2636 propriora

117 2641 306 2704 asisinatium
335 2643 478 2720 spirituas
505 2638 640 2712 (Tertull.
663 2639 816 2718 Apologet.
839 2657 903 2718 cap.
925 2641 1001 2713 ii).
1046 2639 1122 2713 Quia
1144 2659 1214 2700 uero
1237 2640 1266 2701 id
1288 2639 1327 2700 ab

117 2723 251 2786 haeretico
274 2725 386 2784 Praxea
412 2722 583 2802 negabatur,
611 2730 714 2784 oontm
736 2741 804 2784 eum
827 2723 872 2782 sic
892 2721 1022 2800 disputat
1048 2723 1214 2801 probatque
1247 2723 1329 2783 buno

117 2807 161 2868 liei
180 2811 355 2871 Sermonem
376 2826 445 2868 esse
467 2825 568 2868 reram
589 2806 799 2868 substantiam:
825 2806 906 2878 Quid
927 2816 972 2866 eat
993 2809 1080 2878 caim,
1105 2807 1193 2876 dices,
1216 2821 1326 2876 sermo,

117 2896 171 2954 sisi
188 2911 249 2956 noe
271 2903 301 2955 ei
323 2911 417 2954 sonus
439 2895 505 2956 oris
527 2901 565 2961 et,
589 2896 667 2952 sr'oat
677 2894 866 2970 prometiri
882 2886 1019 2958 tradunt.
1041 2895 1097 2950 nir
1112 2890 1255 2970 offrateus,
1277 2893 1330 2949 isc·

118 2976 271 3057 tellipibilia
293 2977 409 3047 auditu,
444 2986 575 3038 sermm
605 2993 733 3043 nonaum
754 2976 855 3035 nescio
878 2974 949 3052 quid
969 2982 999 3033 et
1020 2976 1110 3034 inane
1132 2983 1161 3033 et
1181 2976 1328 3050 incorpo-
1397 3045 1400 3052 .

119 3061 183 3122 cole.
227 3066 265 3124 ir
294 3077 345 3139 epo
373 3059 450 3122 nillil
478 3061 544 3122 dico
572 3060 606 3120 dc
629 3057 691 3120 Deo
719 3061 809 3118 ianne
839 3065 867 3117 et
888 3072 1016 3117 nomem
1034 3056 1164 3134 prodire
1181 3059 1327 3134 potuisse,

118 3157 147 3206 ut
171 3165 230 3208 aon
260 3147 296 3206 de
318 3148 404 3206 noni
423 3156 452 3207 ct
472 3161 567 3205 nocuo
587 3141 754 3222 prolatum,
782 3159 836 3202 occ
860 3157 965 3201 carere
997 3139 1168 3202 substantio
1195 3139 1274 3219 quod
1294 3139 1330 3200 rie

119 3238 196 3290 tastu
217 3231 389 3291 substantio
407 3231 558 3307 processit
590 3236 618 3288 et
641 3235 742 3287 tonina
765 3225 953 3286 mortuarios
974 3225 1056 3302 [ecit.
1101 3223 1181 3285 Fecit
1201 3225 1281 3284 euim
1302 3231 1332 3284 et

118 3332 187 3457 tii
200 3313 488 3475 utilitati
509 3306 1342 3475 tulitin‘'l‘'itttltttl'i‘tostini,

121 3481 289 3561 corporolia
311 3485 351 3542 sit
372 3477 541 3560 operatua?
571 3477 648 3538 Naro
668 3483 728 3539 etsi
744 3485 845 3557 potest
866 3475 1030 3556 ulr'puuttdo
1052 3477 1122 3556 puid
1144 3476 1216 3554 fieri
1229 3474 1334 3535 diuer-

120 3583 179 3626 uus
200 3571 264 3628 eius
285 3582 343 3644 prr
364 3566 443 3644 pund
464 3563 515 3643 fit,
537 3563 615 3624 aiiii
636 3571 736 3623 tamen
754 3570 856 3641 potest
878 3560 950 3639 fieri
966 3577 1026 3639 per
1046 3561 1078 3620 id
1100 3560 1178 3637 pund
1203 3573 1335 3617 nocuum
1378 3595 1382 3604 =

123 3659 145 3708 rt
168 3653 260 3712 iuoae
287 3659 342 3710 est.
391 3647 488 3710 Vacca
515 3656 544 3708 et
566 3651 666 3707 imonis
688 3663 739 3706 res
762 3655 808 3706 cst
829 3643 934 3705 Sermo
955 3643 1021 3711 Dei.
1045 3647 1098 3722 qui
1118 3641 1212 3702 Filius
1235 3639 1336 3699 dictur

120 3742 168 3803 est,
189 3737 241 3814 qui
261 3737 327 3812 ipse
347 3733 430 3794 Deus
452 3733 678 3810 copuomiuatua
701 3726 770 3789 cst?
812 3727 852 3788 lit
874 3726 981 3788 Semo
1003 3735 1072 3787 ernt
1093 3724 1175 3802 opud
1188 3721 1285 3782 Deum
1306 3728 1336 3780 ct

122 3815 194 3878 liure
217 3827 293 3880 crat
308 3816 414 3877 Sermo
438 3815 531 3888 (idem
551 3813 601 3874 lib.
625 3812 689 3873 adv.
711 3811 797 3872 Prax.
820 3828 883 3888 cap.
908 3807 975 3884 ill
1019 3809 1060 3868 Ea
1082 3823 1155 3898 ergo
1176 3819 1335 3880 argumen—

123 3901 224 3961 tatione
253 3899 384 3961 ostendit
405 3898 532 3966 Verbum
558 3897 621 3958 sire
644 3896 819 3955 Sermonem
848 3912 882 3954 ao
913 3891 1070 3952 Rationem
1102 3889 1157 3948 uer
1184 3903 1254 3978 non·
1267 3901 1339 3946 esee

25 4005 26 4012 ¹
124 3982 223 4062 aliquid
244 3984 331 4044 inane
353 3990 384 4043 et
404 3999 537 4054 uacuum,
560 3980 614 4044 sed
635 3995 735 4039 reram
757 3975 962 4038 substantiam.

198 4067 287 4145 Atqui
308 4067 375 4128 ideo
398 4065 447 4126 bio
468 4083 567 4127 sermo
590 4064 706 4126 divinus
728 4079 797 4122 rere
820 4068 869 4122 est
889 4056 1066 4128 substantia,
1088 4054 1138 4132 qui
1153 4072 1170 4114 a
1186 4054 1339 4130 lieopro·

124 4148 193 4211 latus
213 4159 273 4212 est.
314 4151 388 4212 Nam
410 4166 488 4220 eum,
511 4149 608 4227 inquit
628 4146 686 4218 ille,
706 4145 886 4226 prolatione
907 4148 1085 4221 mumolum
1106 4148 1135 4200 et
1156 4138 1270 4198 idcirco
1287 4135 1340 4197 Fi

126 4232 193 4296 ibat
212 4234 273 4296 Dei
292 4233 430 4296 dicimus.
470 4232 607 4293 Prolatus
630 4237 728 4292 autem
750 4247 767 4289 a
789 4227 887 4288 divisio
910 4225 997 4286 Patre
1030 4239 1086 4282 suo
1115 4219 1268 4300 exipsius
1290 4236 1341 4279 in-

127 4317 236 4380 tellectu
264 4325 401 4396 numum
429 4333 469 4378 cre
495 4319 620 4378 mutreio
647 4311 759 4393 prodiit
786 4319 873 4388 atque
902 4308 969 4370 ideo
999 4313 1159 4382 generatus
1182 4311 1221 4398 'et
1251 4319 1342 4396 roras

127 4397 174 4462 [lei
192 4401 287 4462 Filius
307 4409 363 4462 est.
407 4399 524 4461 Etenim
545 4399 602 4460 bac
622 4399 686 4476 ipsa
707 4393 898 4474 generatione
919 4407 980 4452 non
1004 4389 1101 4450 solnm
1123 4386 1343 4482 ⁵³l¹¹¹fi¹.¹'³²l¹⁷

127 4485 175 4546 aed
203 4485 307 4546 eadem
334 4501 452 4564 quoque
480 4489 527 4544 est
554 4483 709 4560 utriusque
737 4475 913 4542 substantia.
956 4473 1023 4534 llou
1046 4473 1126 4568 enim
1146 4470 1206 4543 ille,
1234 4475 1344 4546 inquit,

129 4565 211 4631 lilius
231 4567 288 4630 ilci
308 4587 327 4632 u
346 4567 444 4632 Patris
465 4571 591 4630 matrice
612 4568 745 4636 recessit,
769 4561 820 4626 sui
842 4563 979 4623 macerit.
1007 4558 1172 4631 ,Quomam
1193 4570 1263 4614 roro
1279 4567 1347 4611 aon
