3082 5238
428 395 562 443 lucrosa
589 397 630 440 ro.
653 397 720 440 auo.
743 397 906 442 noasssar.
1214 385 1279 455 573

597 601 625 676 s.
650 599 726 662 xxi.

137 715 260 778 noant
287 716 325 778 de
354 733 432 776 anno
461 715 564 794 scripti
592 716 682 778 huius
710 716 800 778 libelli
830 716 948 780 decreta
968 717 1088 782 Baronii
1110 726 1198 797 atque
1218 721 1276 784 Pa-

50 798 131 860 melii
165 799 206 860 ita
242 809 427 879 comparata,
465 809 498 860 ut
529 801 653 861 convelli
686 801 766 862 nullo
803 802 924 880 negotio
957 803 1086 881 possint.
1143 803 1276 883 Namque

50 883 229 956 Beroniust,
263 891 296 946 ut
317 884 459 963 probaret
480 901 548 946 eum
569 883 678 946 librum
701 893 851 946 exaratum
874 904 943 948 esse
970 905 996 946 a.
1015 886 1095 959 ccl..
1118 893 1275 966 antequam

51 969 180 1030 Severus
213 968 453 1047 proficisceretur
480 967 509 1028 in
539 967 692 1030 Orientem
719 970 749 1030 b.
773 989 810 1042 e.,
839 978 873 1032 ut
899 988 956 1030 nos
983 970 1065 1048 loqui
1086 971 1196 1033 rectius
1220 992 1273 1034 ao-

49 1053 157 1124 lemus,
187 1071 213 1112 a.
238 1051 376 1122 exerit„
404 1069 527 1114 numum
556 1053 670 1126 excitat,
700 1054 783 1118 maius
813 1055 902 1116 altera
930 1072 1000 1133 pars
1037 1055 1180 1116 Severum
1208 1075 1275 1120 cum

48 1145 87 1198 tr.
109 1156 139 1215 p.
162 1136 223 1210 XL,
247 1137 336 1198 altera
363 1135 567 1198 liberalitatem
594 1136 626 1196 V.
649 1136 748 1208 babet,
781 1138 920 1217 additque
950 1138 1044 1200 multo
1073 1138 1161 1200 etiam
1188 1159 1274 1202 asse-

47 1221 216 1282 verantius:
254 1221 333 1282 lunc
360 1239 485 1283 numum
515 1221 554 1280 od
580 1239 630 1282 rea
660 1232 802 1292 nostroe,
839 1223 874 1284 de
900 1223 1008 1303 mribus
1035 1229 1138 1288 aaron·
1160 1244 1274 1298 umus,

44 1309 204 1385 pertinere
223 1309 309 1368 'certo
331 1309 419 1367 reios.
453 1304 541 1376 Quod
563 1304 634 1366 mihi
657 1305 771 1368 ridetur
793 1325 828 1366 co
851 1306 1023 1385 planissime
1044 1307 1136 1368 modo
1153 1308 1274 1381 dietum,

48 1408 109 1467 quo
133 1389 203 1452 olim
225 1389 428 1468 Pythagoraei,
452 1407 518 1452 cum
539 1407 575 1450 ex
597 1388 635 1450 iis
657 1397 864 1466 quaereretur,
894 1409 984 1469 quare
1011 1391 1051 1452 ita
1080 1391 1150 1471 quid
1181 1402 1272 1466 esset,

47 1473 123 1536 illud
155 1491 241 1536 suum
274 1472 344 1553 lpse
377 1474 455 1536 dabit
486 1471 677 1550 interponere
707 1474 859 1547 solebanta
891 1474 965 1536 nihil
992 1482 1038 1535 est
1065 1476 1144 1538 enim
1172 1476 1208 1540 ah
1237 1495 1273 1537 eo

47 1557 170 1622 Baronii
192 1559 280 1619 allato
302 1557 426 1619 veritate
448 1557 635 1618 disiunctius.
680 1557 753 1618 Nam
786 1577 851 1620 arm
874 1558 951 1620 clare
972 1559 1081 1631 tradat,
1104 1577 1213 1622 annum
1236 1567 1273 1623 tr.

47 1661 81 1721 p.
105 1641 206 1703 Severi
228 1641 388 1721 septimum
410 1660 446 1702 eo
469 1659 547 1702 anno
570 1640 686 1710 initium
709 1643 866 1714 sumsisse,
898 1654 928 1704 et
955 1652 1054 1704 tamen
1075 1661 1196 1706 numum
1219 1663 1272 1706 ex-

49 1725 123 1788 citet
144 1745 209 1786 cum
231 1735 267 1786 tr.
291 1745 320 1804 p.
343 1725 404 1796 lll.,
435 1723 485 1803 qui
507 1723 593 1803 plane
615 1725 651 1785 ad
673 1743 699 1786 a.
723 1725 827 1799 cclv„
855 1735 914 1800 aut,
944 1727 970 1787 si
998 1727 1090 1788 mavis
1119 1728 1273 1808 cumipse

48 1809 191 1881 Baronio,
214 1809 250 1870 ad
272 1828 298 1870 a.
321 1808 414 1871 ccvi.
438 1809 611 1872 referendus
634 1816 695 1882 est,
719 1828 818 1870 nonne
840 1811 1032 1889 repugnantia
1054 1810 1206 1890 loquitur?
1233 1812 1274 1874 dc

49 1895 90 1953 dc
113 1893 206 1953 altero
230 1892 293 1954 eius
316 1900 488 1972 argumento
510 1892 579 1971 quid
602 1892 719 1954 dicam?
747 1894 826 1972 quod
856 1895 939 1955 duxit
965 1895 1001 1955 ah
1024 1913 1076 1967 eo,
1105 1897 1185 1974 quod
1207 1904 1275 1957 ante

51 1978 131 2037 hanc
163 1976 379 2055 expeditionem
412 1977 577 2037 Parthicam
603 1977 717 2047 nullae,
752 1986 823 2057 post
855 1997 919 2039 eam
951 1979 1060 2040 multae
1093 1979 1273 2042 calamitates

50 2061 288 2122 Christianorum
318 2061 477 2122 extiterint.
525 2060 560 2120 ln
591 2080 650 2139 quo
683 2051 812 2140 peccavit
833 2062 1004 2141 dupliciter3
1025 2062 1163 2142 primum,
1193 2063 1273 2142 quod
1376 2117 1379 2124 .

49 2165 103 2206 cas
126 2154 193 2205 ante
216 2145 308 2206 luisse
330 2145 494 2223 negaverit,
526 2163 613 2222 quam
641 2148 791 2224 proiectus
819 2146 858 2207 sit
879 2147 1006 2207 Severus
1035 2146 1178 2208 adversus
1199 2148 1274 2208 Par-

47 2231 131 2303 thos,
161 2229 267 2289 deinde
296 2231 374 2308 quod
403 2229 510 2290 librum
538 2229 574 2288 de
598 2228 713 2291 Corona
743 2249 779 2291 eo
810 2231 846 2291 de
868 2231 1047 2308 Spectaculis
1072 2225 1274 2310 'posteriorem

50 2333 119 2374 esse
149 2331 208 2373 non
238 2313 418 2392 cogitaverit.
476 2313 571 2391 litque
601 2313 672 2374 illud
695 2315 908 2376 confutavimus
931 2334 986 2376 suo
1007 2314 1093 2388 locos
1123 2315 1182 2376 hoc
1202 2333 1273 2376 xero

47 2397 93 2458 uti
130 2415 217 2458 nemo
255 2416 361 2476 negare
388 2405 497 2476 potest,
534 2397 592 2458 nisi
620 2397 665 2458 cui
693 2399 834 2460 tenebrae
863 2399 923 2459 sint
952 2417 1035 2460 mero
1064 2398 1189 2460 meridie
1217 2402 1275 2472 (est

49 2482 129 2542 enim
153 2491 182 2542 et
204 2481 261 2542 hoc
283 2481 364 2544 satis
378 2481 592 2560 disputatumla
626 2481 666 2542 ita
692 2481 904 2544 devexatione
927 2482 1173 2554 Christianorum,
1211 2483 1274 2561 lege

51 2566 156 2626 Severi
178 2566 345 2645 antiquiori.
369 2583 429 2625 non
451 2573 551 2645 potest
573 2583 671 2626 sermo
694 2567 812 2626 esseio
836 2585 871 2626 eo
895 2567 932 2627 de
954 2565 1087 2639 Corona,
1113 2566 1164 2628 uhi
1187 2565 1274 2627 Chri-

49 2651 139 2711 stiani
162 2649 298 2712 dicuntur
324 2649 397 2711 istas
419 2649 596 2712 calamitates
623 2657 770 2728 tamquam
797 2657 936 2711 uenturas
965 2650 1178 2721 extimescere,
1208 2667 1273 2710 cum

50 2744 185 2812 tempore
208 2754 254 2802 eo,
288 2753 346 2812 qno
370 2733 568 2794 Tertullianus
598 2733 629 2792 in
659 2733 789 2794 chartam
814 2734 940 2796 coniecit
960 2733 1066 2794 librom
1090 2734 1126 2794 de
1148 2733 1272 2811 Specta-

48 2819 135 2891 culis,
166 2819 223 2879 iam
246 2818 281 2877 ad
305 2817 488 2878 Christianos
517 2817 660 2896 impetum
687 2835 772 2878 suum
801 2815 924 2878 deorum
953 2817 1081 2877 cultores
1109 2815 1274 2878 conuertis-

50 2911 128 2963 sent.
172 2903 281 2975 Quare,
304 2921 339 2962 ex
362 2901 457 2980 ipsius
477 2900 597 2960 Beronii
618 2908 728 2975 mente,
750 2899 856 2961 librum
880 2901 915 2961 de
938 2899 1055 2961 Corona
1076 2900 1112 2961 ad
1130 2899 1274 2962 decimum

53 2987 156 3048 Severi
180 3005 290 3048 annum
312 2985 417 3048 referri
440 2983 598 3063 oportebit.
687 3051 698 3076 ι
1242 2997 1254 3016 ·

588 3189 617 3262 s.
646 3184 735 3246 xxn.

138 3307 180 3366 sd
202 3303 338 3365 dllixium
360 3303 446 3364 venio
475 3303 680 3364 doctissimum
708 3303 814 3375 virum,
844 3321 931 3380 quem
953 3301 1048 3362 miror
1068 3309 1127 3362 tam
1149 3302 1273 3363 docilem

51 3411 86 3452 se
109 3389 282 3468 praebuisse
303 3388 339 3448 ad
362 3387 482 3448 Pamelii
504 3387 691 3472 sententiam,
714 3405 773 3465 quo
796 3385 897 3448 dubito
921 3405 956 3447 an
979 3387 1045 3464 quis
1066 3387 1160 3465 magis
1174 3396 1277 3448 contra

50 3474 183 3554 auspicia
219 3473 255 3532 ad
290 3471 484 3534 deliniendam
520 3472 699 3552 scriptorum
731 3470 905 3532 Tertulliani
944 3479 1070 3531 aetatem
1109 3472 1284 3554 accesserit.

50 3559 147 3636 Atque
169 3557 218 3617 isti
240 3555 387 3630 Pamelio,
420 3556 560 3634 quoniam
588 3555 769 3617 liberalitah's
797 3555 977 3616 mentionem
1001 3554 1201 3616 Tertullianus
1229 3555 1276 3614 in-

52 3643 125 3715 iicit,
141 3641 264 3703 'libellus
286 3641 323 3702 ad
345 3659 371 3702 a.
394 3639 490 3700 CClll.
514 3647 601 3718 atque
623 3641 657 3701 ad
680 3639 849 3701 decennalia
870 3639 1011 3700 Antonini
1033 3639 1120 3717 plane
1142 3640 1275 3698 releren-

9 3735 10 3756 ³
51 3728 108 3788 dus
141 3725 285 3786 videtur‘t.
341 3723 399 3784 Sed
433 3723 497 3784 eius
530 3723 648 3802 quidem
678 3722 881 3784 liberalitatem
913 3723 942 3782 in
975 3722 1042 3783 istis
1070 3719 1278 3781 decennalibus

50 3810 198 3882 extitisse,
219 3827 286 3882 ,non
308 3808 414 3887 prohat
435 3806 594 3878 Pamelius,
617 3805 669 3866 sed
690 3807 776 3884 plane
798 3806 882 3884 lingit
902 3806 937 3866 ad
959 3804 1121 3865 libidinem.
1165 3803 1276 3863 Tamen

9 3929 10 3962 1
53 3895 112 3955 alio
141 3893 267 3972 quodam
298 3891 382 3954 locor
418 3891 453 3951 ad
482 3908 603 3950 numum
630 3898 773 3968 provocat
800 3890 873 3952 dicis
902 3907 999 3960 cansa,
1037 3905 1162 3964 cumque
1189 3885 1278 3947 huius

53 3978 235 4056 argumenti:
264 3995 325 4038 rur.
350 3995 430 4037 cans.
454 3994 481 4035 1..
504 3993 587 4035 sarr.
611 3991 673 4033 ssu.
697 3991 783 4033 arar.
806 3991 873 4034 ruo.
979 3989 1168 4031 ninssaxrras
1190 3987 1276 4030 auso.

9 4097 11 4132 ς
53 4083 97 4123 sc.
142 4061 197 4122 Hic
224 4061 353 4140 primum
380 4059 453 4120 mibi
482 4058 548 4137 quis
577 4057 663 4129 dicat,
699 4055 818 4118 ubinam
849 4056 910 4118 sint
936 4053 1138 4116 decennalium
1166 4051 1278 4114 notae?

9 4181 11 4220 ς
52 4146 167 4207 Deinde
189 4163 255 4206 oum
278 4163 333 4223 ego
362 4162 423 4205 non
445 4144 591 4221 ignorem,
619 4141 761 4202 Severum
789 4149 818 4201 et
840 4139 1019 4202 Caracallum
1045 4135 1187 4198 militibus
1218 4155 1275 4216 po-

9 4277 11 4304 ,
52 4229 186 4312 poloque
208 4228 404 4290 communiter
434 4227 544 4306 aliquid
573 4225 693 4286 dedisse
720 4225 751 4285 in
779 4222 1003 4295 decennalibus,
1030 4219 1173 4299 numquid
1194 4221 1278 4299 plura

9 4337 10 4354 ¹
51 4315 99 4376 his
129 4311 278 4392 congiaria
306 4331 367 4374 non
395 4320 465 4375 sont
496 4318 548 4371 aut
573 4308 709 4370 donativa
738 4306 839 4369 edita?
881 4307 974 4368 Nemo
1002 4323 1072 4366 reru
1101 4305 1130 4366 id
1159 4305 1277 4384 quidem

9 4439 10 4472 ³
84 4483 111 4532 p.
138 4467 163 4514 V.
183 4467 234 4516 ains
251 4463 357 4516 Annales
374 4464 467 4514 anlas.
493 4462 522 4512 ad
540 4477 563 4512 a.
581 4461 638 4512 ccl.
692 4461 814 4525 Operibus
832 4475 844 4509 a
864 4459 970 4510 Pamelio
988 4456 1074 4508 Calon.
1092 4455 1219 4508 uucxvtr
1239 4455 1279 4507 ed.

9 4523 12 4562 ¹
50 4535 120 4585 rom.
139 4533 169 4583 n.
188 4534 226 4583 aa.
246 4533 298 4583 cor.
319 4531 419 4580 nncrx.
439 4546 463 4593 μ.
482 4529 540 4579 aee.
695 4527 805 4591 pars.
1324 4585 1329 4596 ,

86 4617 109 4665 q.
134 4600 161 4650 ln
186 4601 236 4650 Vita
262 4597 403 4649 Tertulliani
428 4599 560 4660 praemissa
586 4597 637 4646 airas
725 4596 789 4644 nlo
809 4587 1274 4658 notiaadhunclibromp·21tl.n.1.
