3144 5236
480 389 615 434 lucrose
636 389 695 434 nac.
716 389 754 434 os
776 389 921 434 noann-
1234 375 1295 444 stt

116 539 204 602 andus
226 539 343 613 ludunt,
380 540 439 602 hoc
458 549 505 602 est
531 540 644 620 lingunt
664 547 694 602 et
714 539 788 602 laiso
809 541 917 602 iactam
936 559 954 602 a
974 559 1008 602 se
1028 520 1092 602 heri
1120 541 1219 622 sicque
1239 541 1297 604 ho-

116 627 188 688 nines
207 624 310 687 ludunt
330 645 365 686 ac
385 623 559 704 decipiunt?

176 710 326 771 Praetam
339 709 521 772 detestandis
543 708 599 771 illis
619 709 732 772 artibus
751 709 963 790 phantasmata
983 710 1073 772 edunt
1093 720 1121 773 et
1142 711 1300 790 desumo-

112 813 165 854 rnn
189 797 338 875 infamant
367 799 483 857 animas
505 793 598 868 iidem
618 795 772 874 hpoloqet.
794 813 818 855 c
841 797 916 872 23.).
958 793 1019 856 lam
1041 812 1111 856 vero
1132 795 1240 858 dictum
1261 796 1298 860 ah

108 879 146 940 illo
173 879 391 940 observavimus
419 897 435 940 a
464 879 655 940 daemonibus
688 879 764 940 edita
795 878 888 940 luisse
917 879 1117 958 phantasmata
1144 879 1299 944 Castorum

106 965 199 1043 (super.
220 965 283 1024 hrt
306 965 365 1040 3.);
398 981 477 1025 nunc
503 981 573 1029 vero
603 971 751 1026 asseverat
776 963 899 1025 aliorum
927 963 1131 1026 defunctorum
1158 965 1298 1043 phantas-

106 1058 168 1109 mata
202 1049 263 1110 sive
291 1049 373 1109 dotas
401 1047 513 1126 effigies
552 1067 567 1110 a
596 1049 689 1128 magis
718 1049 893 1110 daemonum
922 1048 1044 1110 artilioio
1072 1050 1298 1127 repraesentari.

106 1133 152 1193 Sed
172 1133 240 1195 haec
261 1133 310 1194 ille
328 1133 359 1193 in
381 1131 457 1194 libro
478 1133 514 1194 de
535 1132 638 1194 Anima
659 1133 754 1194 fusius
776 1133 880 1212 hisque
901 1133 999 1195 verbis
1021 1133 1157 1212 explicat:
1186 1133 1223 1195 ln
1244 1135 1299 1196 illa

103 1221 183 1296 rpen'e
202 1223 325 1298 maqioe,
348 1236 421 1298 quae
442 1221 503 1278 iam
523 1221 704 1298 quiescentes
725 1220 841 1279 animas
864 1217 990 1280 euellere
1011 1220 1047 1281 ab
1068 1219 1178 1296 inferis
1201 1219 1299 1280 oredi-

103 1313 146 1362 tnr
175 1315 203 1366 ct
224 1306 398 1383 conspectui
418 1302 573 1375 cohibere,
606 1321 668 1365 non
689 1301 750 1365 aiio
771 1301 913 1382 sallanm
934 1307 979 1364 m's
1002 1307 1174 1382 operatior,
1206 1304 1300 1383 plone

102 1390 159 1466 quia
178 1399 205 1450 et
223 1387 406 1468 phantasma
423 1399 614 1468 praestatur,
636 1391 706 1468 quio
727 1397 755 1448 et
769 1405 879 1466 corpus
894 1387 1072 1468 usinallum
1094 1405 1299 1466 aerumpnam

102 1471 142 1532 illi
158 1476 323 1535 exteriores
347 1471 449 1534 oculos
473 1473 724 1543 circumscribere,
749 1476 798 1532 cni
816 1477 992 1534 interiorem
1012 1476 1117 1534 mentis
1139 1475 1231 1534 aciem
1244 1491 1299 1536 err·

101 1575 209 1619 caecare
240 1557 392 1637 perfacile
427 1568 481 1618 est.
542 1556 681 1636 Corpora
712 1557 834 1638 deniqne
863 1555 1043 1619 uidebantur
1081 1555 1238 1619 Pharaoni
1270 1566 1301 1620 el

102 1643 235 1721 leppptiis
257 1644 443 1720 mapisarnm
464 1644 623 1720 oirpornm
644 1641 806 1712 draconem
834 1641 887 1702 sed
907 1640 1020 1720 Moysis
1042 1645 1155 1702 ueritas
1176 1641 1300 1704 menda-

101 1729 169 1787 cium
188 1728 345 1789 decoramt
367 1724 548 1800 (Tertullian.
571 1723 620 1786 lib.
642 1724 679 1785 de
699 1725 802 1786 Anima
823 1745 848 1786 c.
871 1729 945 1801 57.).
988 1725 1021 1786 ln
1047 1725 1094 1786 his
1115 1725 1212 1803 itaque
1234 1744 1298 1787 ma·

100 1809 165 1888 picis
186 1809 401 1872 evocationibus
423 1808 495 1870 nihil
518 1809 595 1872 aliud
617 1827 684 1870 esse
706 1810 867 1882 contendit,
895 1810 954 1872 nisi
976 1810 1149 1872 daemonum
1171 1811 1298 1884 fraudes,

99 1894 227 1966 fallacias,
247 1897 345 1956 lucum
368 1901 453 1972 atque
476 1894 669 1956 mendacium.
717 1894 804 1966 Quod
825 1894 943 1973 quidem
965 1894 1013 1956 ille
1034 1894 1143 1956 ibidem
1165 1895 1219 1955 hac
1239 1903 1298 1958 tam

99 1989 172 2040 certa
197 1997 280 2058 quarn
300 1978 434 2040 evidenti
461 1979 575 2040 ratione
597 1978 782 2057 comprobat:
812 1978 899 2042 Hanc
920 1978 1074 2076 fallaciam
1095 1983 1223 2059 spiritns
1244 1998 1299 2042 ne-

98 2083 177 2144 quam
196 2065 249 2126 sub
269 2068 412 2145 personis
435 2063 648 2143 defunctorum
670 2064 877 2134 delitescentis,
900 2068 963 2126 nisi
974 2064 1080 2144 fallor,
1104 2068 1193 2127 etiam
1207 2063 1298 2126 rebus

98 2149 256 2226 probmnns,
281 2167 350 2210 cnm
364 2153 396 2208 in
417 2153 592 2210 eaorcismis
613 2150 764 2214 nitardum
785 2148 913 2228 aliquem
934 2167 965 2210 se
987 2168 1025 2210 ea
1045 2148 1220 2229 parentibus
1243 2147 1299 2210 bo-

99 2237 190 2294 umem
211 2238 278 2294 sais
300 2228 452 2312 affimant,
487 2234 638 2296 interdum
657 2231 855 2312 pladiatorem
887 2233 936 2296 nel
957 2233 1145 2303 bestiarium,
1170 2236 1246 2294 sicut
1268 2242 1297 2296 et

102 2317 161 2380 alibi
172 2319 266 2389 deum,
291 2317 369 2378 nibil
382 2322 476 2398 mapis
492 2335 615 2394 curans,
638 2335 726 2398 qnam
741 2318 796 2380 hoc
809 2321 908 2397 ipsum
922 2317 1092 2390 excludere,
1115 2317 1193 2398 quod
1203 2336 1299 2397 prac-

105 2402 229 2476 lo'conns,
260 2401 413 2484 nesacile
435 2403 590 2464 credamus
612 2406 727 2464 animas
748 2406 911 2464 uniuersos
933 2402 972 2464 ad
993 2403 1109 2481 mseras
1133 2403 1240 2481 rodini,
1263 2411 1299 2464 nt

108 2495 129 2543 n
143 2489 234 2550 iudicii
254 2497 288 2549 et
309 2491 542 2548 resurrectionis
563 2486 652 2566 fidem
673 2488 772 2549 turbet
793 2485 902 2562 (ibid).

170 2573 199 2633 n
221 2590 299 2643 aar,
333 2571 463 2650 inquies,
497 2570 610 2632 animae
632 2571 834 2632 defunctorum
856 2570 892 2630 ab
914 2590 950 2632 eo
972 2578 1041 2630 tunc
1062 2569 1198 2631 dicuntur
1218 2570 1295 2632 inla-

108 2655 181 2717 nan'l
214 2657 331 2718 Putant
357 2654 488 2716 nonnulli
516 2654 587 2717 illud
608 2654 675 2716 ideo
697 2655 817 2728 diruam,
845 2655 912 2733 quia
934 2654 1051 2715 infamia
1074 2662 1103 2714 et
1123 2654 1298 2718 contumelia

106 2737 256 2804 afficiantur.
300 2739 359 2800 Sed
380 2758 514 2802 veremur
534 2757 572 2802 ne
593 2739 652 2801 hoc
671 2739 793 2800 verbum
814 2738 871 2799 alio
894 2757 985 2800 sensu
1006 2758 1023 2800 a
1045 2737 1224 2798 Tertulliano
1246 2757 1297 2799 ac-

103 2823 203 2902 u'piatur
223 2844 285 2906 pro
308 2825 418 2902 lingere
439 2823 573 2885 videlicet
599 2842 632 2886 ac
658 2823 731 2884 laiso
759 2823 906 2884 exhibere.
948 2822 1022 2884 Nam
1044 2821 1147 2882 eodem
1168 2821 1199 2882 in
1220 2821 1296 2883 libro

100 2909 185 2984 pmbat
203 2911 267 2972 lulli
291 2909 444 2970 hominum
472 2907 573 2970 oculos
606 2927 640 2970 ac
666 2907 754 2968 obiici
775 2909 959 2969 mendacium
981 2923 1083 2968 eornm
1104 2909 1198 2978 uisui,
1220 2906 1299 2986 qnod

98 2994 327 3074 aequalissimam
345 2996 499 3074 porticum
520 2997 725 3074 anqustiorcm
746 2997 778 3054 in
798 2991 904 3054 ultimo
926 2992 1050 3070 infamet
1072 2989 1156 3064 (ibid.
1180 2993 1296 3064 c.17.),

96 3075 178 3142 idest
203 3081 285 3141 salso
316 3078 451 3139 exhibeat
481 3097 516 3139 ac
543 3075 695 3138 mendacio
723 3083 931 3155 repraesentet.
974 3075 1081 3136 Postea
1101 3093 1172 3134 vero
1201 3073 1298 3136 adiicit

95 3169 152 3224 tunc
171 3165 283 3226 nullam
305 3181 374 3224 esse
395 3161 545 3224 oculorum
566 3161 706 3222 lallaciam
726 3160 895 3239 nullumque
915 3158 1107 3231 mendacium,
1131 3158 1157 3219 si
1172 3166 1203 3221 et
1215 3159 1297 3238 ipsae

95 3263 189 3311 murae
211 3249 331 3310 obiecta
359 3255 439 3308 recte
468 3245 584 3308 videndi
605 3245 723 3307 inlomia
749 3243 918 3306 liberentur.
960 3243 1053 3306 Nemo
1075 3243 1297 3306 autem'dixerit
1407 3321 1410 3328 Ι

94 3329 126 3391 ibi
145 3333 265 3396 verbum
290 3333 443 3411 infamare
464 3331 500 3394 ab
522 3330 571 3392 illo
594 3330 730 3408 usurpari
751 3348 807 3409 pro
828 3328 954 3402 macula,
987 3347 1043 3407 qua
1070 3327 1199 3408 porticus
1227 3329 1295 3392 inu·

94 3423 170 3478 ratur.
213 3419 247 3480 Si
279 3416 346 3496 quis
375 3425 472 3477 umen
499 3415 666 3494 probaverit
686 3415 745 3475 hoc
764 3414 893 3476 secundo
916 3413 1078 3492 significatu
1097 3411 1129 3474 in
1149 3413 1295 3492 Apologo-

93 3498 140 3562 tico
166 3503 250 3584 sicut¹
263 3502 297 3563 in
319 3519 388 3562 mox
414 3500 509 3562 citatis
536 3499 610 3560 locis
641 3499 739 3578 primo
761 3518 852 3562 sensu
873 3498 980 3577 accipi,
1008 3515 1069 3558 non
1097 3497 1217 3560 omnino
1244 3515 1295 3562 re·

93 3599 209 3664 pugnare
231 3585 418 3650 audebimus.

164 3672 239 3751 hlagi
263 3672 387 3749 insuper
411 3688 540 3750 pucras,
567 3668 678 3747 inquit,
705 3673 738 3729 in
760 3667 909 3748 cloquium
926 3665 1050 3728 oraculi
1069 3665 1184 3728 elidunt
1204 3664 1296 3736 (ldem

92 3753 233 3836 lpoloqet
258 3773 323 3834 cap.
345 3757 420 3830 23-J.
463 3754 500 3814 lit
521 3753 561 3814 ita
583 3769 654 3813 sane
675 3753 706 3816 in
727 3753 839 3813 uostris
870 3749 1019 3812 codicibus
1039 3747 1242 3825 manuscriptis
1266 3754 1296 3808 et

91 3839 165 3900 editis
187 3838 418 3904 recemioribus.
454 3839 551 3900 Minus
572 3845 669 3899 autem
689 3836 766 3898 bene
788 3835 819 3896 in
838 3834 942 3915 primis
964 3832 1140 3896 editionibus
1162 3831 1293 3894 eliciunt.

91 3923 219 4002 lpuleius
253 3941 382 4003 namque
413 3931 538 3986 testatur
562 3939 749 3984 communem
776 3920 822 3982 sui
849 3919 990 3999 temporis
1016 3933 1129 3978 morem
1151 3933 1295 3993 usumque

90 4008 187 4082 luisse,
220 4018 258 4072 ut
286 4009 363 4087 magi
390 4026 499 4088 pueros
527 4006 589 4068 sire
611 4024 714 4068 servos
736 4005 772 4066 ad
794 4003 909 4066 oranda
936 4002 1080 4066 fundenda
1101 4007 1294 4074 assumerent,

90 4093 132 4169 qui
152 4094 187 4156 ab
210 4095 250 4156 iis
274 4093 413 4154 incantati
436 4091 612 4154 corruebant
632 4098 718 4170 atque
739 4089 847 4150 idcirco
863 4087 1042 4150 elidebantur
1067 4083 1294 4164 (Apulhpolog.

90 4175 108 4236 ¹·
126 4195 188 4258 cm·
212 4181 314 4254 340o·
577 4237 580 4250 .
1164 4252 1170 4264 ,
1250 4253 1256 4264 ,

164 4263 280 4326 Eadem
301 4262 389 4324 etiam
410 4261 511 4323 fraude
538 4263 667 4332 somnia,
699 4258 740 4320 ait
762 4255 956 4318 Termllianus
977 4251 1110 4326 (Tertull.
1132 4252 1202 4314 ibid.
1223 4252 1293 4314 Drs-
1344 4295 1348 4310 .

91 4355 183 4410 natat
205 4349 239 4409 in
261 4347 366 4408 hlinut.
387 4365 449 4425 cap.
473 4349 523 4410 20.
545 4345 607 4406 hrt.
629 4346 659 4408 2.
687 4343 718 4404 in
737 4341 847 4404 Arnoh.
869 4359 931 4420 cap.
957 4342 1005 4404 18.
1027 4338 1088 4400 hrt.
1111 4341 1140 4400 1.
1161 4337 1191 4400 in
1211 4335 1292 4400 Laot

91 4447 146 4511 cap.
168 4435 221 4498 32.
244 4431 309 4494 hrt
325 4435 379 4508 l.),
401 4432 567 4493 laurarum
587 4428 666 4491 haud
687 4426 774 4489 dubie
796 4423 977 4505 praenuntia,
998 4423 1169 4488 immittunt.
1197 4422 1236 4484 ht
1256 4421 1293 4484 de

91 4513 258 4579 huiusmodi
301 4515 424 4578 samaim
466 4515 551 4594 plara
586 4513 617 4574 in
652 4511 854 4593 superioribus
889 4509 999 4572 nocuis
1036 4505 1292 4572 dissertationibus

88 4597 223 4666 diximus.

119 4703 395 4754 murmurmurmur.
409 4715 507 4752 orma.
536 4701 599 4750 ‘lom
610 4700 648 4748 lll.
1061 4694 1093 4748 tt
