3020 5230
253 351 316 412 ott
379 363 573 410 pressararro
588 363 627 408 as
640 363 779 428 rmum
793 363 852 408 mc.
868 363 979 406 rnoocs
994 363 1110 408 masor.
1126 363 1332 408 acarnanum

333 483 338 506 l
399 517 517 566 Adversas
534 514 688 586 ltarcipaam.
1061 515 1179 566 Adversus
1198 515 1316 564 ludaeos.

250 599 507 671 monstrationem,
541 616 577 658 an
607 597 753 660 bominem
780 596 837 658 iam
888 601 990 660 oirum
1011 597 1068 658 iam
1084 597 1236 658 Christum
1260 597 1418 670 exhibere
1439 605 1481 660 ists

234 683 401 744 'Christum
424 677 562 744 exhibere
593 680 705 760 possit,
727 681 837 742 nedum
888 694 972 744 aetas
992 682 1099 762 possit,
1128 681 1238 743 nodum
1262 682 1479 762 imperatam
1499 709 1501 736 ι

250 765 482 846 imperatorem?
531 765 649 827 Scilicet
675 763 772 844 vagitu
800 765 836 826 ad
888 765 1006 826 Scilicet
1030 767 1126 845 vagitu
1145 767 1182 827 ad
1203 785 1291 827 arma
1314 775 1501 827 casetano·

250 870 330 913 arma
367 861 447 912 esset
474 857 687 911 convocaturus
716 847 837 912 inians?
887 859 1045 911 vocaturus
1069 850 1176 930 inians,
1208 859 1238 912 et
1262 855 1397 928 siparum
1418 847 1501 910 beb'

248 935 286 998 Et
307 939 393 1012 sipon
413 934 492 1008 belli,
514 953 575 994 non
596 933 676 1008 tuba,
699 932 751 994 sed
770 952 837 995 cre-
886 953 947 996 non
964 934 1043 1008 tuba,
1064 935 1117 996 scd
1137 934 1327 1012 crepitacillo
1352 935 1466 996 danum
1499 927 1501 938 ’

248 1019 375 1098 pitacillo
404 1017 552 1080 daturus?
595 1017 656 1079 Nec
683 1036 717 1078 ex
748 1037 835 1098 equo,
887 1035 1094 1098 nocarequo,
1113 1018 1158 1078 rel
1178 1018 1216 1079 de
1237 1037 1349 1092 muro,
1382 1021 1474 1078 sedi

248 1104 298 1166 cel
318 1105 353 1166 dc
379 1123 476 1165 curru
503 1102 548 1164 vel
584 1103 620 1163 de
652 1121 748 1176 muro,
782 1102 835 1163 sed
887 1102 1008 1164 nutricis
1030 1115 1058 1165 ct
1077 1102 1195 1180 gerulae
1216 1121 1296 1164 auae
1314 1103 1475 1164 dorrorm

247 1187 284 1248 de
320 1187 460 1260 nutricis,
511 1198 564 1249 out
607 1186 724 1266 gerulae
763 1205 834 1247 suaa
886 1187 963 1249 collo
993 1187 1110 1248 bostem
1138 1187 1374 1260 destinatums3
1407 1201 1500 1266 aton,

248 1272 334 1340 collo.
359 1277 421 1332 sive
445 1273 536 1333 dorso
558 1271 677 1332 bostem
700 1269 833 1332 destina·
885 1271 925 1332 ita
953 1268 1126 1332 Damascum
1162 1279 1191 1330 et
1221 1271 1402 1332 Samariam
1436 1291 1473 1350 pro

246 1353 356 1418 turus?
412 1358 505 1434 Atque
538 1354 576 1416 ita
604 1353 777 1415 Damascum
805 1363 835 1416 et
885 1359 1019 1416 mammis
1036 1355 1222 1416 subacturus.
1270 1355 1368 1416 Aliud
1386 1359 1473 1416 esta
1494 1401 1501 1440 ,

247 1439 408 1502 Samariam
429 1457 484 1518 pro
505 1437 676 1500 mammillis
694 1437 834 1499 subactu-
884 1458 977 1518 penes
1012 1458 1066 1501 vos
1102 1439 1229 1500 infantes
1273 1441 1307 1500 in
1343 1443 1501 1518 proeiinl

246 1522 324 1586 rus?
365 1523 450 1584 Aliud
480 1534 535 1596 est,
571 1522 596 1584 si
624 1541 717 1601 penes
750 1521 833 1584 Pon·
886 1533 1054 1603 emmpuot,
1083 1523 1172 1584 credo
1201 1522 1238 1584 ad
1273 1523 1383 1584 solem
1412 1539 1501 1601 moa

247 1613 321 1670 ticos
344 1609 522 1670 barbaricos
542 1611 639 1687 peratis
655 1607 781 1667 infantes
803 1607 834 1667 in
885 1607 979 1687 prius,
995 1607 1101 1668 debinc
1115 1607 1220 1685 pannis
1235 1609 1367 1680 armati,
1391 1619 1419 1669 et
1433 1609 1471 1668 tu-
1492 1599 1501 1664 l

245 1691 387 1772 praelium
410 1700 577 1770 erumpunt,
610 1691 699 1751 credo
722 1690 759 1751 ad
780 1707 834 1751 so·
885 1699 950 1770 tyro
980 1691 1167 1770 stipendiati,
1196 1691 1247 1770 qui
1282 1701 1361 1752 ante
1393 1694 1473 1753 nori:
1492 1666 1501 1743 l

244 1776 303 1838 lem
339 1777 417 1838 uncti
448 1777 549 1855 prius,
586 1773 693 1836 debinc
727 1772 834 1854 pannis
884 1775 1018 1836 lanceare
1033 1792 1119 1854 quam
1134 1775 1299 1836 lancinare.
1327 1775 1471 1838 Enimvero

244 1862 358 1934 armati,
387 1869 416 1920 et
443 1861 548 1939 butyro
575 1857 754 1937 stipendiati,
783 1858 835 1938 qui
884 1859 910 1922 si
939 1878 1085 1938 nusquam
1114 1859 1172 1920 boc
1199 1869 1312 1920 natura
1341 1864 1470 1922 mnodo

244 1953 312 2006 ante
333 1943 435 2006 norint
455 1944 598 2017 lanceare,
625 1962 712 2023 quam
739 1943 833 2004 lanci—
883 1953 951 2006 ante
976 1943 1100 2004 militare
1129 1963 1218 2024 quom
1238 1949 1354 2006 uirum
1374 1948 1469 2025 [ocem

244 2047 325 2090 nare.
369 2029 538 2102 Enimvero,
561 2027 587 2088 ai
609 2045 754 2106 nusquam
777 2027 835 2088 boc
883 2025 1235 2088 antevirtutemDamasci
1246 2047 1469 2109 sumerequm

245 2123 350 2174 natura
394 2113 548 2184 concedit,
597 2121 665 2172 ante
707 2109 833 2172 militare
880 2111 1279 2190 patrmnnosre,sequitur,
1300 2123 1336 2174 ιιι
1352 2116 1469 2192 ficum

244 2217 333 2278 poam
359 2200 472 2271 uivere,
509 2206 576 2256 ante
608 2195 745 2256 virtutem
772 2196 831 2256 Da·
879 2202 1118 2275 precatoriorum
1130 2196 1277 2257 videatur.
1297 2197 1366 2258 Sed
1381 2207 1411 2259 et
1425 2199 1468 2258 ri·-

244 2278 337 2341 masci
370 2299 505 2351 sumere,
535 2297 634 2356 -quam
665 2283 766 2360 putria
803 2290 832 2342 et
883 2279 991 2358 ginem,
1006 2285 1155 2360 r'nqm'uat,
1171 2297 1279 2358 parere
1298 2291 1410 2342 natura
1424 2302 1468 2342 no:

242 2369 353 2426 matria
371 2363 548 2424 vocobulum
562 2381 664 2425 norae:
687 2363 831 2443 sequitur,
881 2365 1001 2443 patitur,
1032 2373 1062 2425 et
1090 2371 1186 2425 lamen
1215 2363 1411 2428 credendum
1435 2379 1467 2425 ezr

205 2498 206 2508 ,
243 2456 277 2509 ut
297 2449 431 2528 fimorum
451 2447 659 2526 pronunciatio
688 2441 829 2509 rideatur.
880 2447 1052 2527 prophetae.
1087 2447 1257 2509 Etmerito.
1295 2449 1468 2511 Praesumit

243 2531 302 2592 Sed
338 2541 368 2592 et
399 2531 550 2610 virginem,
587 2535 692 2613 inquit,
720 2549 830 2612 parere
882 2532 961 2593 enim
975 2531 1064 2594 fidam
1078 2532 1242 2594 incredibili
1264 2520 1327 2606 re‘r,
1360 2537 1467 2598 dimo

200 2641 206 2654 ·
242 2625 346 2678 natura
368 2635 428 2676 non
451 2615 570 2696 patitur,
593 2626 623 2676 et
644 2624 742 2677 tamen
764 2617 831 2677 cre'-
882 2616 962 2696 quod
976 2620 1095 2696 sobnam
1109 2624 1190 2678 esset
1204 2619 1371 2695 ficturum
1408 2621 1467 2680 Ρη»

241 2701 320 2762 ditur
341 2700 513 2780 prophetae.
539 2699 575 2761 m
596 2700 719 2772 merito,
741 2718 830 2779 prae·
881 2710 992 2780 pterea,
1008 2701 1466 2782 inquitatatemnobissignum

130 2781 139 2798 ‘
241 2784 349 2846 struxit
369 2785 449 2845 enim
471 2785 558 2846 tidem
586 2782 749 2844 incredibili
776 2784 831 2856 rei,
882 2783 957 2846 Ecce
977 2783 1060 2862 virgo
1082 2783 1228 2864 concipiet
1254 2785 1286 2846 in
1323 2797 1466 2858 πίονα-«ι

241 2874 390 2932 rationem
419 2870 541 2938 edendo,
577 2867 657 2947 quod
683 2871 716 2928 in
744 2871 830 2947 sapae
881 2869 1091 2948 pariatblium.
1122 2869 1246 2946 Signum
1262 2880 1372 2932 autem
1389 2893 1404 2932 a
1419 2873 1465 2932 Deo

242 2962 324 3014 asset
354 2955 475 3031 futoro.
518 2952 688 3032 Propterea,
721 2949 828 3030 inquit,
880 2952 939 3014 nisi
982 2952 1098 3014 novitas
1141 2953 1236 3031 aliqua
1278 2965 1464 3016 monstruosa

242 3039 323 3100 debit
343 3035 428 3098 vohis
439 3037 586 3098 Dominus
602 3035 729 3113 signum,
751 3035 827 3096 Ecce
877 3039 1000 3115 suisset,
1016 3042 1133 3115 sianum
1147 3055 1209 3097 non
1222 3039 1403 3101 videretur.
1419 3041 1464 3100 m·

240 3121 329 3200 Virgo
358 3119 503 3199 concipiet
532 3120 562 3180 in
594 3128 689 3192 utero,
720 3127 750 3180 ct
770 3138 825 3198 pa·
878 3120 966 3198 nique
980 3124 1016 3191 ai,
1031 3122 1147 3198 quando
1162 3121 1197 3182 ad
1211 3120 1407 3189 deiiciendos
1421 3125 1465 3184 ali

239 3205 296 3266 rict
318 3203 418 3265 lilium.
464 3203 588 3283 Signum
607 3213 705 3266 autem
727 3203 827 3278 aDeo,
879 3223 954 3286 quoa
981 3206 1017 3267 ab
1040 3205 1094 3266 bac
1115 3206 1219 3267 dim'oo
1241 3209 1465 3285 praedicatione

239 3287 298 3348 nisi
336 3289 457 3358 novitas¹
493 3288 589 3368 aliqua
627 3296 828 3362 monstruosa,
879 3289 929 3351 ool
957 3299 1132 3351 conuertere
1155 3288 1295 3368 campulos
1326 3294 1464 3373 simplices

239 3382 301 3432 tom
324 3371 443 3449 diprmm
465 3389 525 3431 non
546 3369 668 3450 suisset.
696 3371 829 3450 Denique
878 3390 1010 3454 quosque
1041 3377 1156 3452 patritia
1188 3373 1313 3434 mentiri
1348 3379 1463 3438 αιιάιιιι.

240 3465 269 3516 et
290 3453 397 3515 ludaei
417 3458 446 3514 si
464 3457 583 3533 quondo
606 3457 645 3516 od
666 3475 721 3516 nos
749 3455 827 3517 deii·
878 3457 963 3535 quasi
978 3473 1038 3518 non
1052 3457 1206 3534 virginem,
1222 3458 1461 3522 sediuvenculm

238 3537 360 3600 ciendos
383 3537 501 3597 mentiri
523 3540 643 3610 audant,
665 3539 749 3616 quasi
765 3557 826 3600 non
877 3547 1085 3618 concepturam
1101 3549 1131 3600 et
1145 3540 1309 3619 parituram
1327 3545 1461 3623 scriptun

237 3621 390 3701 virginem,
427 3622 480 3683 sed
506 3621 687 3685 iuvenculam
717 3641 826 3684 conce·
876 3624 1034 3696 contineat,
1064 3623 1134 3688 biae
1151 3631 1462 3706 quoquerevincimn'

236 3715 354 3786 pturam
402 3714 432 3766 et
479 3705 639 3786 parituram
678 3707 825 3787 scriptura
876 3708 955 3787 quod
976 3706 1048 3768 nibil
1071 3707 1147 3786 signi
1170 3707 1264 3770 videri
1294 3713 1460 3788 possiem

173 3851 180 3860 ,
237 3790 400 3852 contineat:
422 3790 493 3850 binc
513 3796 722 3862 revincuntur,
745 3791 825 3870 quod
875 3791 1056 3870 quotidiana,
1070 3791 1241 3854 iuvenculae
1257 3793 1458 3876 scilicetprao

237 3873 309 3936 nihil
331 3874 408 3952 signi
431 3874 524 3935 videri
544 3875 651 3953 possit,
674 3893 725 3937 res
746 3892 823 3954 quo·
874 3885 979 3956 gnatus
994 3885 1025 3936 et
1043 3884 1157 3955 partus.
1200 3876 1235 3937 ln
1255 3877 1383 3956 signum
1403 3897 1460 3958 ergo

236 3958 355 4030 tidiana,
388 3957 558 4019 iuvenculae
591 3957 703 4021 scilicet
733 3977 823 4037 praa·
874 3960 961 4022 nobis
982 3964 1085 4046 positp
1113 3959 1196 4038 virgo
1231 3969 1332 4022 mater
1366 3965 1458 4026 ment·

235 4051 341 4119 gnatus
363 4051 393 4104 et
414 4051 526 4120 partus.
556 4039 590 4102 ln
613 4041 729 4120 signum
752 4060 823 4120 ergo
873 4043 1012 4116 creditur,
1041 4043 1139 4104 intans
1161 4061 1230 4104 vcro
1255 4043 1394 4108 bellator
1412 4065 1460 4108 nm

236 4127 383 4204 disposito
404 4127 496 4204 virgo,
528 4137 556 4187 et
583 4133 687 4200 mater,
715 4126 822 4188 morito
873 4145 975 4205 aeque.
1018 4126 1085 4187 Non
1114 4127 1193 4188 enim
1220 4126 1270 4187 bic
1296 4129 1380 4208 signi
1395 4132 1460 4192 ratio

236 4207 380 4268 creditur:
402 4209 500 4271 inians
522 4209 739 4274 vero.bellator
759 4229 821 4271 non
872 4219 1016 4284 versatur,
1041 4211 1094 4275 sed
1116 4209 1202 4290 signo
1223 4211 1391 4276 nativitatis
1413 4236 1461 4276 no

234 4308 337 4369 aequa.
386 4291 452 4352 Non
489 4293 568 4355 enim
600 4301 630 4354 ct
664 4292 713 4355 bic
744 4292 821 4372 signi
870 4312 923 4354 rae
943 4295 1102 4373 adscripto,
1131 4293 1238 4356 exinde
1258 4299 1460 4377 postergum

233 4371 310 4434 ratio
332 4382 486 4449 versatum
522 4377 576 4438 sed
605 4377 690 4458 signo
712 4373 820 4440 nativi·
870 4377 945 4438 alius
961 4383 1021 4439 com
1036 4381 1111 4440 ordo
1125 4377 1397 4457 intantisadicitur,
1412 4383 1460 4444 mel

233 4456 303 4518 tatis
325 4475 418 4518 novae
440 4459 599 4540 adscripto,
623 4461 727 4522 exinde
749 4469 821 4540 post
870 4469 901 4522 et
919 4461 1056 4540 butyrum
1073 4461 1286 4524 manducaturi.
1333 4465 1461 4529 Necboc
1496 4511 1497 4540 ,

233 4539 353 4620 signum
384 4540 458 4603 alius
495 4547 570 4622 ordo
603 4550 662 4606 rom
697 4545 818 4607 infantis
869 4543 971 4624 utique
985 4545 1017 4606 in
1032 4545 1151 4624 signum
1171 4553 1227 4620 ast,
1257 4555 1290 4608 et
1310 4547 1463 4614 accentu
1496 4543 1497 4555 ¹
