3166 5250
278 376 340 442 458
379 393 568 438 orssenrsmo
584 392 614 434 m
629 356 683 447 'ute
695 391 778 435 serr.
795 391 880 434 raon.
896 391 1090 435 rnarucmmn
1103 391 1329 436 mococarrcun
1344 394 1431 437 carr.

276 545 315 607 Et
335 565 367 608 re
390 545 507 624 quidem
528 561 596 604 vera
618 542 666 604 ille
688 542 771 621 prius
794 543 921 604 dixerat:
1363 529 1376 558 ⁹

430 633 490 691 Ant
511 629 592 708 opud
614 627 728 690 Isiacae
747 633 849 710 potius
873 633 1012 690 sacrario
1034 627 1117 690 lenae

431 715 585 795 Componit
606 717 727 775 crinein.
1068 712 1167 785 (Satir.
1190 712 1237 773 Vl.
1259 732 1285 774 v.
1308 718 1338 777 t.
1361 717 1402 790 b.)

278 801 335 862 Sed
359 801 394 860 de
417 799 463 860 bis
485 799 543 860 iam
565 796 648 876 plura
670 797 796 858 diximus
818 797 848 858 in
870 796 935 858 aliis
950 797 1063 858 nostris
1079 797 1335 860 dissertationibus
1351 797 1494 873 (Dissert

277 887 307 946 in
330 884 435 946 biiouc.
459 902 521 962 cap.
537 885 585 946 13.
608 883 669 943 brt
695 887 722 944 i.
746 891 776 944 et
796 882 826 942 in
849 880 980 942 Lactant
1001 900 1067 960 pag.
1083 885 1133 946 27.
1158 883 1249 944 brtt
1276 891 1306 944 et
1327 885 1381 962 3.).
1416 883 1495 957 Quis

279 979 386 1042 autem,
416 969 462 1030 cui
485 975 555 1030 sana
578 985 662 1029 mens
684 967 733 1039 sit,
763 975 868 1046 sponte
891 984 951 1027 noo
974 967 1141 1041 subscribet
1163 967 1352 1040 Tertulliano,
1381 969 1431 1047 qui
1455 990 1495 1032 ex

277 1055 325 1116 his
355 1052 492 1114 omnibus
518 1071 592 1132 quae
621 1052 650 1112 in
673 1051 730 1112 hoc
752 1059 781 1112 et
802 1051 1003 1129 superioribas
1018 1051 1147 1112 ardculis
1163 1051 1302 1130 explicata
1318 1061 1388 1114 sunt
1408 1063 1494 1116 recte

276 1139 423 1203 concludit
445 1138 480 1198 ab
504 1137 638 1216 ipsismet
659 1135 783 1197 ethnicis
806 1153 923 1197 omnem
951 1135 1179 1214 planeticorum
1203 1155 1340 1208 suorum,
1374 1155 1451 1217 quos
1475 1159 1493 1200 a

278 1223 452 1286 Christianis
474 1222 597 1300 aliisque
619 1221 738 1299 agnosci
761 1227 791 1281 et
817 1220 872 1282 coli
902 1221 1053 1292 volebant,
1091 1221 1270 1283 divinitatem
1302 1224 1493 1300 pessumdari

272 1309 448 1389 penitusque
471 1305 622 1368 subverti?
1427 1337 1429 1342 ·

360 1394 419 1453 Tot
440 1393 518 1453 enim
540 1399 693 1469 tantaeque
716 1389 837 1449 deorum
859 1387 1067 1462 contumeliae,
1097 1389 1287 1466 ignominiae,
1315 1390 1491 1454 irrisiones.

275 1477 438 1548 Honorem,
468 1477 517 1548 ait,
549 1480 716 1572 inquietent
738 1475 913 1544 effrenatis,
942 1474 972 1534 id
994 1483 1041 1534 est
1063 1473 1181 1536 turbant
1208 1493 1263 1535 nec
1288 1475 1415 1553 quietam
1438 1497 1491 1539 sc-

275 1582 431 1641 curamque
467 1580 533 1622 esse
570 1561 680 1621 sinunt.
736 1558 815 1631 Quia
848 1559 933 1620 etiam
965 1563 1131 1620 maiestatis
1161 1560 1286 1640 sesn'pio
1320 1561 1492 1626 obsoletant

278 1644 461 1720 (Tertullian.
479 1644 635 1742 Apologet
659 1664 721 1724 cap.
747 1649 795 1707 15.
820 1651 848 1704 et
869 1643 919 1704 lib
942 1642 963 1702 l.
988 1643 1022 1703 ad
1046 1643 1162 1704 Nation.
1186 1663 1248 1722 rap.
1275 1648 1345 1720 10.)
1393 1649 1491 1726 Atque

275 1733 315 1792 ita
338 1729 484 1810 quidem
477 1749 507 1790 m
529 1729 641 1792 nostris
663 1728 812 1790 codicibus
836 1735 868 1788 et
887 1727 1022 1788 omnibus
1045 1737 1112 1788 ante
1134 1727 1288 1806 Rigaltium
1312 1730 1407 1791 edilia.
1455 1733 1491 1791 m

275 1815 300 1878 is
323 1815 404 1877 verbi
427 1815 594 1878 obsoletant
616 1813 829 1910 ineptissimam
852 1811 1034 1874 existimabat
1056 1832 1125 1893 esse
1153 1813 1395 1892 significationem
1418 1835 1488 1876 cor·

274 1899 387 1997 rigiquc
409 1899 501 1962 voluit
522 1899 670 1967 adsolent.
700 1917 757 1978 quo
780 1898 844 1976 ipsa
866 1905 935 1976 post
957 1897 1052 1957 Gotbo
1055 1897 1168 1957 trellum
1197 1906 1297 1958 censet
1318 1898 1488 1977 significari,

274 1985 306 2047 in
335 1986 432 2046 solam
459 1992 489 2044 et
515 1985 622 2044 terram
651 1983 827 2062 deprimunt.
872 1981 990 2042 Fatetur
1017 1981 1180 2042 libenter
1173 2001 1202 2042 rn
1232 1981 1326 2062 {trimo
1348 1985 1488 2046 Auctoris

275 2070 368 2131 nostri
402 2069 437 2130 ad
471 2068 610 2129 Nationes
643 2066 718 2128 libro
752 2067 907 2145 scriptum:
953 2066 1117 2128 Maiestatis
1153 2069 1309 2146 fastigium
1345 2069 1489 2134 adsolant

274 2154 406 2222 (Tertull.
419 2151 484 2213 loco
497 2153 573 2228 citt:
596 2161 626 2212 at
647 2151 715 2230 quid
737 2151 876 2229 probibet
897 2150 1054 2228 qtmminus
1076 2151 1134 2212 hoc
1155 2151 1274 2211 verbum
1291 2171 1349 2213 uno
1365 2153 1395 2212 in
1410 2153 1487 2215 libro

276 2246 305 2299 et
325 2237 401 2298 aliud
430 2237 459 2297 in
483 2237 574 2297 altero
602 2233 791 2298 adhibuerit?
834 2235 919 2296 Verbi
949 2243 1045 2296 autom
1079 2237 1245 2298 obsoletant
1272 2237 1487 2317 ineptissimam

275 2342 341 2382 esse
365 2320 606 2400 significationem
630 2321 679 2399 qui
702 2319 811 2392 obiicit,
835 2321 860 2380 is
877 2329 954 2380 certe
971 2321 1043 2380 satis
1059 2339 1118 2381 non
1135 2319 1257 2382 attendit
1271 2323 1395 2383 eundem
1409 2323 1486 2386 Ter-

273 2406 423 2466 tullianum
446 2404 513 2466 alibi
536 2405 661 2465 dixisse:
685 2403 843 2468 Petitaros
862 2404 1023 2486 plerosque
1045 2423 1171 2466 rursum
1190 2418 1261 2485 post
1277 2407 1412 2477 salntem,
1436 2415 1491 2506 qni

272 2495 412 2553 vestitam
436 2489 651 2552 obsoletassent
673 2489 837 2570 nuptialem
860 2488 950 2584 (idem
974 2490 1121 2568 Scorpiac
1145 2509 1207 2568 cap
1231 2493 1284 2566 6..)
1328 2491 1464 2553 Nonne
1456 2513 1485 2553 tn

272 2576 330 2652 hoc
351 2575 425 2636 libro
448 2575 525 2636 idem
550 2583 595 2636 est
616 2573 702 2635 buius
726 2573 805 2635 serbi
830 2582 915 2652 atque
938 2573 966 2634 in
988 2573 1176 2652 Apsologotico
1200 2575 1330 2636 setosus?
1358 2577 1389 2636 Si
1413 2596 1485 2656 ergo

273 2659 477 2756 ineptissimus
500 2645 641 2731 videatur,
664 2677 725 2731 cur,
749 2657 873 2719 obsecro
895 2667 934 2722 te
958 2659 1392 2736 Rigaltiusilludinhoclibro
1416 2681 1485 2723 mu-

271 2753 361 2807 tatum
390 2745 421 2806 in
451 2743 507 2806 alio
531 2706 678 2805 servavit?
721 2741 784 2803 Non
815 2761 884 2820 ergo
908 2743 1053 2804 immutari
1076 2743 1175 2804 debuit
1197 2743 1298 2818 unius,
1332 2745 1357 2806 si
1380 2746 1410 2806 in
1433 2746 1484 2808 illo

270 2831 443 2910 reperiatur,
466 2827 625 2904 Fnldensis,
644 2825 753 2889 codicis
775 2828 954 2900 testimonio,
977 2828 1021 2888 cul
1047 2835 1089 2888 tot
1112 2828 1166 2888 alia
1189 2829 1361 2908 antiquioris
1377 2831 1484 2892 melio-

269 2915 370 2994 risque
399 2921 485 2974 notae
515 2912 688 2991 exemplaria
717 2913 903 2990 apertissime
930 2921 1102 2991 repugnant.
1147 2912 1225 2973 Satis
1254 2915 1361 2993 quippe
1390 2925 1436 2978 est
1457 2917 1485 2978 si

272 3001 431 3079 genuinum
443 2998 614 3058 Tertulliani
636 2995 757 3058 verbum
780 2997 819 3056 sit
842 2996 1018 3068 obsoletant
1040 3015 1098 3075 quo
1115 2997 1200 3058 etiam
1216 2997 1394 3060 Fortunatus
1411 3019 1485 3062 usus

271 3091 316 3145 est
338 3084 441 3144 eodem
464 3083 549 3160 plane
572 3081 735 3159 significatu
757 3081 951 3150 (Fortunat.
944 3099 972 3142 m
995 3081 1056 3141 tiu
1081 3082 1111 3140 S.
1127 3082 1222 3143 Albini
1248 3101 1308 3162 cap.
1334 3088 1372 3160 t.)
1395 3094 1484 3164 atque

271 3168 420 3245 abrogant
452 3167 609 3244 antiquam,
641 3166 806 3226 obsoletum
829 3165 945 3226 iaciunt
990 3163 1101 3226 Sensus
1124 3166 1213 3243 igitur
1232 3168 1367 3229 ductoris
1389 3173 1484 3234 nostri

270 3251 392 3312 bicest:
415 3250 539 3323 Edrani,
563 3269 626 3312 cum
650 3249 722 3311 deos
746 3269 817 3310 suos
841 3251 928 3310 tatutis
950 3251 1145 3320 contumetiis,
1168 3252 1327 3330 probris,
1320 3253 1481 3316 iniuriisin

270 3335 433 3414 quibusque
455 3334 527 3395 locis
550 3343 579 3394 et
602 3335 692 3395 sacris
715 3343 744 3394 et
765 3333 896 3412 profanis
920 3343 1023 3396 texant
1055 3354 1164 3414 eosque
1200 3337 1390 3398 nihilominus
1425 3339 1482 3400 coli

270 3426 300 3482 et
321 3418 435 3480 adorari
458 3418 568 3489 volunt,
591 3419 707 3480 illorum
729 3419 908 3478 divinitatem
930 3439 986 3480 una
1001 3438 1090 3482 manu
1105 3421 1256 3500 antiquaot
1272 3431 1301 3484 et
1315 3423 1482 3498 destruunt,

271 3523 358 3583 quam
379 3503 469 3564 altera
491 3503 642 3564 adstruere
665 3505 773 3563 trustra
796 3503 972 3564 nitebantur.
1021 3519 1023 3526 ’

766 3723 932 3773 surtctttts
952 3723 985 3772 tv.

269 3829 352 3880 Quibus
370 3797 503 3882 argumentis
522 3825 670 3869 Tertullianus
688 3827 818 3882 patefecerit
834 3827 970 3870 ethnicorum
995 3827 1049 3869 deos
1073 3825 1238 3882 aphilosopbis
1271 3839 1297 3872 ac
1322 3831 1480 3874 notrrinatima

530 3893 629 3947 Socrate,
649 3895 746 3949 Diogene
765 3903 786 3937 et
803 3895 901 3938 Varrone
920 3895 996 3937 irrisos
1015 3901 1080 3949 utque
1099 3897 1208 3951 explosos.

351 4011 443 4072 Nemo
472 4029 557 4082 sane,
590 4010 723 4088 quisquis
754 4010 807 4083 sit,
841 4010 968 4072 obiicere
995 4011 1081 4074 uobis
1104 4017 1202 4089 potest
1222 4010 1365 4072 maiorem
1386 4011 1478 4074 luisse

267 4094 511 4174 pbilosophorum
541 4095 690 4173 gentilium
730 4113 816 4173 quam
849 4103 1014 4156 ceterorum
1042 4095 1225 4174 plebeiorum
1256 4095 1409 4158 bominum
1447 4095 1489 4158 in*

267 4179 340 4238 deos
369 4198 441 4240 suos
470 4179 642 4258 religionem
665 4178 844 4250 (Tertullian.
866 4178 1019 4258 Apologet.
1043 4199 1104 4258 cap.
1130 4184 1201 4256 to).
1244 4179 1318 4240 Nam
1344 4179 1473 4262 plerique

267 4281 371 4323 omnes
399 4265 497 4325 aseri
520 4264 572 4324 Dei
600 4263 748 4342 agnitione
776 4271 826 4324 aut
848 4263 935 4344 agniti
965 4264 1182 4343 praedicatione
1205 4264 1248 4325 sic
1269 4263 1472 4327 abalienaban-

265 4355 323 4420 tur,
347 4354 379 4406 ut
401 4347 466 4408 illos
481 4347 676 4410 Tertullianus
699 4367 778 4410 nunc
797 4347 964 4408 nominibus
988 4349 1050 4410 suis
1074 4347 1212 4428 appellari
1228 4367 1475 4428 supervacaneum

265 4450 333 4494 esse
347 4433 498 4510 putaverit.
528 4433 637 4494 blissos
660 4441 755 4494 autem
777 4433 843 4494 ibes
865 4433 912 4493 bic
933 4433 1039 4494 iecisse
1062 4434 1185 4506 videtur,
1208 4435 1274 4512 quia
1297 4433 1374 4508 alibi,
1398 4435 1476 4496 sicut

264 4516 447 4577 ostendimus
471 4515 576 4596 (Supra
599 4537 661 4596 cap.
675 4523 704 4580 5.
726 4518 786 4577 brt.
803 4521 855 4593 4.),
878 4535 965 4578 vanas
989 4519 1274 4598 absurdissimasque
1297 4517 1413 4580 illorum
1436 4519 1475 4578 de

262 4601 325 4662 Deo
348 4600 502 4682 opiniones
526 4603 596 4662 satis
620 4612 720 4680 aperte
741 4603 999 4664 demonstraverat.
