3078 5248
401 417 575 464 missenum
597 419 723 463 sonora
747 419 929 464 annaneane.
1218 405 1282 469 523

70 571 196 652 posthae
216 571 351 649 cuiquam
372 570 403 630 in
425 578 553 631 mentem
574 570 674 631 venire
696 589 803 650 posse,
836 571 939 631 umere
961 578 1039 632 vetat
1058 571 1172 650 vulgatu
1194 573 1283 636 enan

72 657 149 718 inter
168 654 282 716 tirones
303 655 422 728 notitia,
456 655 534 734 quod
556 655 770 727 Tertullianus,
797 664 954 736 postquam
976 655 1068 718 semel
1088 674 1143 734 pro
1164 657 1283 719 uanu-

72 741 160 802 uistis
189 747 291 800 contra
319 739 487 801 (latbolieas
518 739 646 818 gladium
678 741 851 813 strinxerat,
887 740 944 802 hos
977 741 1075 818 iniqua
1107 742 1283 804 contumelia

71 819 233 908 ψυχικοὺς
254 843 309 886 seu
331 825 477 886 animales
499 824 651 896 homines,
684 824 751 886 illos
773 820 1012 905 πνευματικοὺς
1033 841 1087 886 seu
1108 827 1284 907 spirituales

70 909 234 990 appellarit.
277 909 376 987 ltaque
399 923 502 970 omnes
525 901 695 970 Tertulliani
716 909 825 981 libros,
854 909 884 970 in
906 908 1012 989 quibus
1034 909 1106 970 illud
1127 918 1282 978 contume-

70 995 178 1056 liosam
200 993 417 1056 Catholicorum
444 1011 552 1054 nomen
582 993 719 1073 Psycbici
737 994 853 1072 legitur,
887 995 923 1054 ad
946 995 1055 1073 scripta
1077 995 1284 1057 llontanistica

70 1079 138 1142 sine
161 1079 249 1144 dubio
278 1078 426 1158 pertinere
451 1078 605 1139 immotum
626 1087 709 1158 puto.
752 1080 793 1139 dc
815 1078 841 1138 si
863 1079 1007 1158 singulos,
1028 1079 1284 1158 quorum'inscri·

66 1164 188 1244 ptiones
209 1163 298 1224 modo
320 1164 623 1236 commemoravimus,
645 1163 738 1224 libros
759 1163 950 1237 excutiamus,
972 1164 1019 1224 llle
1041 1165 1078 1226 de
1099 1165 1284 1244 llonogamie

68 1249 171 1310 statim
198 1249 228 1308 in
257 1247 323 1327 ipso
351 1248 451 1309 limine
479 1256 573 1308 totum
592 1247 682 1309 veluti
705 1255 874 1328 apparatum
897 1249 1083 1310 Montanismi
1106 1267 1284 1328 suspensum

67 1339 210 1394 ostentat.
254 1333 414 1406 Haeretici,
446 1333 541 1412 inquit
561 1333 759 1394 Tertullianus
781 1351 851 1394 mox
872 1333 902 1394 in
924 1332 1008 1394 initio
1029 1332 1130 1405 tibur,
1159 1339 1284 1416 nuptias

68 1419 228 1496 auserunt,
263 1417 398 1498 Psyclrici
417 1422 570 1496 ingerunt,
592 1437 645 1479 seu
667 1418 745 1496 quod
769 1417 846 1478 idem
869 1427 929 1491 est,
958 1418 988 1478 in
1010 1418 1125 1480 duobus
1148 1419 1284 1480 entremis

68 1509 217 1582 peccatur,
246 1509 275 1562 et
296 1501 332 1562 ab
353 1502 569 1563 baereticorum
591 1502 772 1581 quorundam
795 1502 893 1576 sectis,
924 1511 998 1583 qua'e
1019 1503 1137 1586 nuptias
1158 1521 1285 1584 perosae

69 1587 246 1648 caelibatum
268 1585 415 1666 imperant
436 1595 464 1646 et
486 1605 502 1647 a
524 1587 630 1648 ceteris
654 1586 837 1659 Christianis,
861 1589 910 1668 qui
932 1587 1117 1648 matrimonia
1141 1587 1283 1667 multipli-

69 1679 149 1732 cant.
190 1672 272 1732 inter
293 1671 369 1732 banc
390 1671 525 1732 vitiosam
547 1671 761 1732 baereticorum
784 1671 991 1733 continentiam
1020 1681 1050 1733 et
1076 1672 1286 1752 Pspebioornm

70 1756 218 1816 licentiam
240 1756 335 1816 media
352 1755 396 1816 ria
418 1755 553 1817 incedere
567 1756 759 1817 Montanistas
780 1763 872 1834 putat,
895 1756 1000 1835 quibus
1022 1757 1190 1819 Paracletus
1212 1775 1285 1818 suus

71 1839 105 1900 in
128 1857 180 1900 ore
201 1839 329 1901 blontani
350 1840 523 1902 manifestus
545 1840 662 1923 nuptias
685 1841 802 1919 quidem
824 1843 1013 1913 concesserit,
1037 1841 1089 1903 sed
1111 1861 1196 1915 unas,
1218 1859 1285 1903 cum
1372 1863 1377 1874 ·

73 1934 178 1986 contra
200 1923 354 1998 Catholici,
388 1943 455 1996 sau,
490 1934 523 1986 ut
550 1943 601 1986 eas
623 1925 817 1987 Tertullianus
839 1926 878 1986 ob
905 1926 1071 1987 animalium
1094 1925 1285 2006 cupiditatum

73 2008 215 2088 impetum
242 2010 346 2071 iterum
375 2010 515 2089 appellat,
559 2009 690 2089 Psyobici
712 2010 755 2070 vel
778 2027 813 2070 ex
835 2009 890 2070 hae
911 2012 974 2072 sola
995 2019 1081 2072 causa
1104 2011 1231 2090 Spiritus
1253 2011 1284 2072 S.

72 2093 247 2154 charismata
270 2093 299 2154 in
321 2095 459 2155 Montano
488 2111 549 2154 non
577 2104 751 2176 agnoscant,
789 2095 868 2174 quod
895 2093 1078 2174 disciplinam
1106 2097 1285 2158 severiorem

69 2177 239 2239 introducat
270 2187 300 2238 et
321 2179 413 2257 magis
443 2197 586 2251 onerosa,
620 2197 693 2258 quaa
722 2179 798 2239 Deus
820 2189 904 2240 antea
931 2180 1101 2260 praecipere
1123 2180 1286 2253 distulemt,

69 2263 168 2324 officia
189 2281 244 2342 per
265 2279 359 2324 novos
381 2264 541 2344 propbetas
563 2283 640 2325 nunc
662 2263 786 2342 erigatt.
833 2264 973 2326 sufficere
999 2265 1072 2326 baec
1097 2283 1189 2346 pauca
1210 2281 1284 2344 pos-

70 2355 158 2420 sunt,
191 2355 226 2408 ut
248 2365 282 2408 ex
304 2367 401 2426 ungue
424 2348 540 2410 leonem
562 2366 766 2427 agnoscamus.
810 2349 911 2430 Neque
935 2349 1014 2411 enim
1041 2349 1147 2412 indicia
1169 2351 1284 2412 nona-

70 2431 161 2494 nismi
184 2439 291 2504 cetera,
314 2451 387 2512 qnae
410 2432 441 2493 in
463 2433 586 2511 singulis
608 2451 701 2513 prope
723 2433 867 2514 capitibus
890 2434 975 2495 obvia
996 2443 1075 2507 sunt,
1105 2434 1285 2514 colligemus,

69 2513 248 2598 praesertim
264 2534 329 2577 cnm
351 2535 455 2590 nemo,
477 2518 556 2596 qnod
578 2519 685 2588 sciam,
708 2537 743 2578 ex
765 2518 981 2579 recentioribus
1003 2518 1193 2591 dubitaverit,
1216 2519 1286 2598 quin

70 2601 286 2672 Tertullianus,
316 2602 431 2682 quando
455 2602 491 2662 de
512 2602 698 2680 monogamia
720 2603 882 2676 scribebat,
905 2602 1101 2664 Montanismo
1124 2621 1210 2682 aeger
1231 2605 1285 2664 de·

69 2687 218 2750 crebuerit.
261 2685 382 2748 Librum
410 2686 446 2747 de
467 2686 587 2746 ieiuniis
615 2687 661 2747 vel
683 2705 719 2748 ex
742 2687 814 2760 sola,
838 2705 925 2766 quam
947 2688 1099 2754 immotam
1121 2688 1285 2768 posuimus,

70 2780 240 2850 temporum
278 2772 376 2850 regula
414 2770 627 2832 Montanisticis
661 2771 827 2832 adscribere
859 2771 968 2832 liceret.
1005 2771 1079 2832 list
1106 2773 1184 2832 enim
1216 2779 1286 2850 post

68 2857 275 2918 tractationem
298 2857 333 2916 de
357 2855 540 2934 Monogamia
562 2855 773 2934 compositum,
795 2855 926 2933 adeoque
949 2853 975 2914 si
996 2855 1042 2915 vel
1063 2855 1169 2918 indicia
1191 2855 1287 2916 detera

70 2943 228 3011 deessent,
262 2941 297 3001 ad
319 2940 458 3001 vitiosum
481 2939 652 3000 Tertulliani
675 2947 806 3012 statum„
832 2938 880 3018 qui
903 2948 1059 3020 postquam
1080 2940 1171 3000 semel
1191 2939 1286 3002 vuum

72 3035 279 3103 occupaverat,
304 3025 339 3086 ad
361 3025 449 3084 ime'm
473 3025 547 3084 ritae
570 3023 698 3096 dtlrarit,
732 3023 797 3084 solo
820 3024 923 3084 aetatis
946 3032 1118 3101 argumento
1139 3024 1288 3103 pertinere

71 3110 230 3170 rideretur.
275 3110 332 3170 Sed
355 3109 390 3170 ad
412 3110 465 3169 bas
487 3108 678 3188 probationes
701 3116 770 3170 tuno
791 3107 918 3176 demum,
942 3108 1058 3186 quando
1081 3107 1135 3169 alia
1157 3109 1235 3170 nulla
1258 3108 1288 3169 in

72 3203 214 3274 promptu
237 3204 315 3266 sunt,
346 3194 535 3255 recurrimus.
589 3193 623 3253 ln
652 3193 709 3254 hoc
741 3193 838 3253 libello
876 3192 981 3256 talibus
1019 3188 1137 3271 quidem
1173 3193 1287 3256 auxiliis

72 3297 136 3340 non
159 3295 233 3357 opus
257 3280 320 3340 erit.
352 3279 436 3356 ,111111
466 3279 571 3340 iterum
594 3279 624 3338 in
647 3277 712 3356 ipso
734 3278 813 3339 velut
835 3277 913 3338 ostio
936 3295 1002 3340 cum
1023 3279 1173 3358 Pspcbicis
1196 3279 1285 3340 alter-

71 3373 156 3425 catur
187 3363 287 3442 eisque
310 3364 440 3442 saginam
463 3373 493 3424 et
514 3363 668 3424 remissam
697 3362 875 3423 ieiuniomm
904 3361 1104 3442 disciplinam·
1121 3364 1287 3443 exprobrat,

71 3457 102 3510 et
126 3448 194 3508 illud
217 3447 295 3510 inter
317 3466 438 3509 suorum
468 3448 656 3530 spiritualem
685 3447 873 3528 disciplinam
895 3455 924 3509 et
946 3448 1084 3509 adversae
1105 3450 1198 3529 partis
1221 3454 1289 3511 ani-

70 3533 180 3596 malem
201 3534 290 3613 fidon
311 3533 469 3594 discrimen
491 3534 586 3606 iactat,
611 3541 640 3594 et
661 3541 693 3594 ut
715 3533 792 3594 solet
813 3533 857 3593 vir
880 3531 984 3594 acerbe
1007 3533 1099 3606 dicax,
1123 3533 1208 3594 novis
1231 3552 1287 3594 no-

68 3617 202 3680 minibus
224 3618 473 3680 multinubentiae
495 3627 525 3678 et
545 3618 792 3682 multivorantiae
814 3616 972 3696 Psychicos
1000 3618 1170 3679 insectatur.
1213 3617 1288 3677 illud

70 3703 161 3765 etiam
183 3721 275 3768 unum
298 3721 359 3762 rem
382 3721 498 3763 omnem
523 3703 692 3774 conticeret,
728 3701 807 3782 quod
828 3703 998 3764 Montanum
1028 3709 1056 3763 et
1076 3701 1238 3763 Priscillam
1261 3707 1291 3759 et

69 3787 275 3860 Maximillam,
298 3787 504 3866 propheticum
533 3805 639 3866 nempe
661 3805 746 3848 suum
769 3805 903 3866 gregem,
926 3805 942 3847 a
963 3786 1111 3872 Psqcbiois
1133 3784 1289 3862 repudiari,

71 3867 163 3952 plane
185 3871 273 3932 etiam
294 3871 476 3934 anathemate
499 3871 596 3932 vexari
619 3879 795 3948 queratur.-
843 3871 947 3932 Omnis
969 3889 1039 3932 vero
1061 3869 1195 3931 tractatio
1217 3887 1288 3946 per-

73 3963 195 4035 petuam
217 3956 356 4017 adversae
389 3955 499 4035 partis,
538 3961 570 4015 ut
601 3955 683 4032 gulae
711 3956 864 4034 ventrique
886 3955 1017 4026 deditae,
1054 3951 1289 4032 exagitationem,

74 4120 272 4204 pbagiarumt
305 4125 509 4186 observatione
536 4124 627 4204 posili
656 4123 860 4186 defensionem
891 4133 920 4184 et
941 4123 1058 4184 laudem
1079 4121 1225 4196 continet,
1257 4130 1291 4182 ut

108 4326 141 4362 m.
160 4309 321 4362 Tertullianus
340 4311 369 4362 de
387 4311 481 4374 blonog.
501 4327 552 4376 esp.
573 4311 595 4362 l.
708 4317 802 4374 propter
825 4313 867 4360 boa
895 4325 966 4359 nacae
987 4311 1120 4374 prophetiae
1146 4315 1287 4370 1111111111,

108 4395 132 4428 n.
151 4379 251 4440 Tertuil.
272 4381 327 4430 ibid.
349 4395 400 4444 cap.
419 4379 443 4429 2.
709 4393 756 4427 aaa
779 4379 840 4440 quod
865 4378 936 4426 alium
952 4377 1022 4426 Teum
1043 4379 1182 4441 praedicent,
1201 4377 1290 4428 llantu-
1339 4395 1341 4405 ¹

108 4463 131 4498 o.
150 4447 215 4498 idem
241 4449 271 4498 de
295 4447 391 4496 Ieiuniis
415 4463 466 4510 cap.
488 4445 515 4495 l:
542 4447 574 4496 De
591 4447 658 4496 modo
710 4461 753 4494 aus
778 4452 798 4494 ei
822 4445 928 4494 Priscilla
958 4452 978 4494 et
1002 4445 1129 4496 lloaet'milla
1153 4469 1184 4479 -
1210 4471 1240 4480 -
1266 4451 1290 4494 et

74 4517 167 4578 quidem
184 4517 286 4566 nubendi
309 4518 356 4566 iam
373 4515 486 4564 edidimus
503 4515 660 4577 ntoaoqaau'ae
710 4511 783 4576 paulo
810 4519 879 4575 post:
918 4527 1007 4577 quaque
1030 4529 1059 4562 ea
1080 4521 1145 4576 parte
1170 4515 1291 4564 ituatbuna

74 4584 237 4643 defensionem.
709 4581 824 4640 audimus,
844 4582 885 4648 qui
901 4581 968 4630 aliter
985 4582 1154 4630 adnuntiamus.

109 4664 133 4716 p.
152 4651 657 4714 ibid.:Paracletocorrtrouerriarusociarat,¹
744 4663 766 4712 q.
791 4647 825 4696 lle
852 4647 888 4698 bis
914 4654 1010 4712 praeter
1042 4649 1103 4698 alios
1130 4647 1218 4698 multos
1244 4647 1289 4700 rid.
