3082 5238
444 413 579 458 aocroar
600 413 642 456 ro.
664 413 732 456 roa.
755 413 918 468 romam.
1225 403 1289 466 ddd

64 564 129 626 iure
143 561 278 625 esmona
293 561 399 623 ceteris
423 563 522 641 negari
545 562 669 636 debere3
684 562 764 643 quod
786 563 918 626 ostendit
929 565 1064 642 prolecto
1078 565 1288 631 Tertullianum

66 657 126 710 tum
149 665 185 707 ex
204 645 253 707 illa
275 646 417 708 societate
439 665 522 708 sacra
544 647 648 719 inisse,
677 665 752 727 quae
781 648 895 709 nullum
917 647 995 710 diem
1016 647 1132 726 publica
1152 658 1183 711 et
1203 669 1287 714 oom-

64 731 145 792 muni
167 729 345 792 abstincmia
366 747 382 790 a
405 730 472 792 oibo
494 730 662 792 celebrabat
681 739 799 810 praeter
821 749 899 804 eum,
922 750 981 810 quo
994 730 1131 794 Christus
1152 744 1287 798 mortuos

64 823 142 889 erat3
164 831 232 874 uam
255 814 320 875 dies
341 812 473 875 Paschae
495 821 541 874 est
562 814 598 884 is,
620 814 671 893 qui
693 823 757 876 erat
777 815 938 876 memoriae
958 816 1026 876 lesu
1043 816 1190 878 interemti
1211 836 1287 879 cou-

65 896 230 960 secratus.¹
281 897 438 958 Enimvero
461 897 620 958 Christiani
647 905 764 960 veteres
787 898 958 960 Tertulliani
979 907 1115 979 tempore
1140 917 1202 964 non
1229 903 1287 964 nisi

62 983 143 1044 hunc
162 981 241 1044 mem
263 982 459 1042 communiter
479 980 576 1043 inedia
598 981 785 1043 celebrabant
805 991 974 1062 propterea,
997 984 1076 1062 quod
1097 991 1159 1045 nrm
1171 984 1288 1048 aiebant

63 1083 209 1146 sponsum
237 1065 331 1126 luisse
358 1064 503 1136 ablatum
531 1073 562 1126 et
587 1072 685 1126 tamen
716 1064 912 1128 Tertullianus
941 1067 972 1126 in
998 1066 1076 1127 libro
1104 1068 1141 1128 de
1165 1069 1286 1131 ieiuniis

62 1154 100 1222 (c.
123 1152 179 1224 2.),
201 1149 251 1229 qui
274 1157 320 1210 est
340 1149 418 1210 haud
440 1149 530 1210 dubie
548 1168 574 1209 ,ο
601 1167 725 1211 numero
747 1150 1021 1212 llontanisticomm
1043 1169 1178 1224 suornm,
1206 1153 1284 1213 mul-

62 1243 125 1294 tum
147 1233 294 1311 vituperat
314 1234 390 1294 bane
410 1232 655 1294 consuetudinem
676 1249 769 1295 unum
790 1235 870 1296 bunc
890 1233 970 1294 diem
992 1235 1141 1296 communi
1155 1236 1284 1297 ieiunio-

60 1337 129 1378 rum
146 1317 290 1395 religione
318 1316 496 1390 celebrandi,
525 1325 628 1396 estque
651 1318 723 1380 satis
746 1318 866 1392 ciarum,
888 1318 1080 1379 llontamstas
1093 1319 1195 1398 pluras
1210 1319 1285 1383 alios

61 1401 126 1462 dies
163 1400 321 1462 ieiunando
349 1409 466 1478 praeter
492 1400 569 1462 diem
597 1401 707 1462 Christi
739 1402 932 1463 emortualem
968 1401 1147 1464 celebrasse.
1202 1404 1286 1472 Unde

61 1484 176 1544 elicitur
198 1485 284 1546 illud:
308 1483 531 1558 Tertullianum,
554 1503 620 1546 oum
642 1484 722 1546 hunc
742 1486 933 1557 demiratione
951 1485 1061 1547 librum
1082 1497 1286 1566 componeret,

60 1569 194 1630 nondum
218 1569 246 1628 in
269 1575 368 1646 partes
390 1569 635 1630 blontanistarom
658 1570 832 1630 secessisse.
882 1570 970 1641 Quod
998 1587 1077 1630 novo
1106 1579 1206 1648 potest
1233 1590 1283 1636 ar·

61 1661 200 1731 pumento
223 1652 311 1712 duroto
335 1670 369 1712 ex
391 1661 517 1729 unoque
538 1651 639 1712 libello
660 1654 838 1724 confirmari,
861 1671 987 1732 quorum
1008 1654 1034 1714 si
1056 1653 1123 1731 quis
1141 1654 1205 1715 loca
1226 1656 1285 1716 alio

61 1743 162 1814 potest
182 1737 272 1796 modo
295 1735 325 1794 in
348 1735 535 1796 concordiam
563 1736 698 1814 redigere
726 1755 812 1815 quam
841 1757 887 1808 eo,
915 1753 1003 1815 quem
1032 1737 1169 1810 diximus,
1197 1738 1284 1800 ducto

61 1839 77 1880 a
101 1819 216 1882 diversa
228 1818 400 1880 Tertulliani
422 1819 576 1898 disciplina
601 1827 733 1898 tempore
755 1821 909 1898 utriusque
924 1821 1084 1899 conscripti
1098 1821 1199 1893 libelli,
1218 1839 1284 1883 eum

61 1902 225 1964 audiemus.
269 1903 341 1963 Nam
363 1921 429 1964 oum
452 1903 482 1963 in
505 1921 541 1964 eo
564 1905 601 1964 de
623 1904 765 1965 Oratione
787 1909 825 1978 (c.
847 1907 911 1980 25.)
933 1905 1138 1966 descendisset
1157 1906 1196 1965 ad
1218 1905 1283 1966 dis-

60 1987 243 2065 putationem
272 1987 309 2047 de
337 1995 471 2065 tempore
491 2005 612 2065 precum
635 1987 697 2047 lieo
720 1987 947 2060 offerendarum,
976 1987 1090 2049 bouum
1112 1989 1140 2048 id
1164 1989 1284 2066 quidem

61 2089 140 2138 esse,
175 2070 281 2149 inquit,
312 2071 453 2148 quasdam
481 2079 577 2132 certas
607 2079 637 2132 et
661 2073 733 2132 liras
753 2072 838 2151 quasi
860 2073 951 2132 boras
972 2071 1109 2149 precibus
1131 2071 1283 2147 destinari,

59 2154 176 2214 tertiam
200 2154 312 2215 scilicet
333 2163 363 2215 et
383 2162 495 2216 sextam
518 2162 548 2215 ot
568 2172 677 2216 nonam
705 2154 742 2215 ab
764 2155 914 2233 apostolis
941 2172 1060 2233 quoque
1082 2156 1283 2230 observatam3

59 2239 113 2298 sed
135 2237 164 2298 id
186 2238 303 2315 quidem
325 2239 399 2310 lieri,
433 2238 541 2310 adiicit,
569 2242 634 2300 eine
662 2239 758 2301 ulline
786 2240 1008 2300 observationis
1024 2251 1196 2319 praecepto,
1226 2257 1282 2299 ne·

11 2355 12 2376 i
58 2340 118 2400 que
140 2323 204 2399 lege
225 2331 398 2401 praeceptas
421 2341 488 2382 esse
510 2323 582 2383 alias
604 2331 723 2401 praeter
753 2322 897 2402 lepiteinoe
928 2328 1082 2385 orationes
1101 2324 1141 2402 Vb.
1166 2343 1192 2384 e.
1220 2339 1282 2396 eas,

58 2423 134 2483 quae
171 2406 227 2467 sub
264 2414 331 2466 ortu
364 2406 438 2467 lueis
471 2405 625 2484 noctisque
653 2407 895 2485 pronunciantur.
939 2405 977 2466 Et
999 2425 1023 2467 c.
1047 2409 1098 2470 23.
1121 2417 1210 2467 exin:
1239 2407 1284 2468 De

58 2490 260 2569 temporibus,
297 2489 407 2567 inquit,
446 2494 595 2551 orationis
630 2490 708 2551 nibil
735 2495 855 2552 omnim
881 2495 1110 2569 praescriptum
1139 2501 1193 2558 est,
1223 2495 1286 2552 nisi

54 2575 149 2653 plone
172 2577 254 2635 omni
274 2577 461 2654 interpone
485 2585 514 2635 et
537 2574 601 2634 loeo
626 2591 727 2634 orere.
772 2573 830 2634 Sed
854 2573 902 2633 ille
925 2573 954 2632 in
977 2572 1075 2634 libello
1103 2574 1140 2634 de
1162 2572 1282 2635 ieiuniis

55 2657 218 2736 peracerba
247 2657 372 2735 exagitat
399 2657 582 2717 orthodoxae
603 2656 752 2717 Ecclesiae
781 2656 913 2717 addictos
942 2665 978 2729 (e.
1002 2659 1046 2731 2.)
1073 2665 1196 2734 propter
1218 2675 1283 2718 eam

56 2759 189 2812 causam,
217 2740 295 2820 quod
325 2740 532 2801 abstinendum
555 2757 624 2800 esse
646 2739 781 2800 dicebant
801 2759 817 2799 a
840 2739 907 2799 cibo
931 2757 969 2800 ecc
990 2741 1131 2810 arbitrio,
1161 2759 1223 2801 non
1245 2759 1284 2801 ec

54 2829 185 2905 imperio
214 2843 311 2887 neone
339 2824 525 2904 disciplinae,
560 2823 619 2902 'pro
643 2825 828 2902 temporibus
858 2834 886 2884 et
913 2826 1014 2883 causis
1035 2827 1281 2902 uniuscuiusque,

55 2919 85 2970 et
111 2912 265 2971 orationes
288 2913 377 2970 etthan
404 2910 472 2986 sere
501 2909 578 2968 horo
605 2925 685 2968 nooc
713 2906 925 2967 concluderent
956 2906 990 2966 de
1019 2905 1104 2967 Petri
1129 2907 1282 2985 ecemplo;
1351 2935 1355 2941 -

54 2992 195 3070 additque
217 2991 327 3052 diserte
356 2993 392 3066 (a.
419 2995 481 3064 ld.)
510 2991 599 3074 solon
625 2990 716 3068 plone
745 2991 951 3069 indifferentia
972 3007 1089 3068 semper
1117 2999 1147 3049 et
1175 2992 1283 3069 ubique

55 3090 84 3140 et
112 3080 346 3156 omnitempore
369 3076 487 3150 orandi,
518 3085 616 3136 tomen
644 3083 707 3134 tres
722 3077 810 3135 *fatus
841 3073 933 3134 horca
962 3072 1158 3133 solemniores
1184 3074 1283 3150 [nisae

53 3167 87 3224 in
113 3160 303 3224 orationibus
326 3161 453 3230 da'oina'a3
490 3167 520 3219 et
547 3175 609 3236 cap.
636 3159 685 3220 13.
713 3155 749 3217 ad
778 3156 874 3234 ipsam
900 3163 1042 3234 provocat
1068 3155 1163 3232 legem
1185 3176 1201 3216 a
1222 3156 1280 3217 Pa-

53 3244 167 3305 raeleto
202 3243 316 3314 datam,
350 3261 406 3321 qua
439 3243 515 3302 hane
535 3241 780 3302 montanistarum
801 3239 1044 3300 consuetudinem
1065 3240 1280 3302 confirmasset.

53 3327 173 3400 Quibus
196 3327 334 3388 omnibus
358 3325 482 3386 vincitur
510 3326 588 3386 haud
616 3325 714 3398 dubie,
748 3323 832 3384 aliam
860 3341 986 3402 prorsus
1009 3322 1181 3384 Tertulliani
1209 3343 1280 3384 scn-

54 3411 180 3474 teutiam
203 3411 305 3483 luisse,
329 3429 394 3470 oum
418 3410 454 3470 de
478 3410 620 3471 Oratione
642 3408 749 3470 librum
773 3409 974 3487 componeret
1006 3407 1148 3486 Denique,
1173 3407 1281 3468 utalia

54 3497 192 3557 omittam
213 3495 315 3566 multa,
338 3493 368 3554 id
391 3493 463 3554 mibi
484 3493 601 3554 videtur
622 3511 729 3572 magno
751 3498 924 3572 argumento
947 3509 1016 3552 esse
1038 3493 1074 3552 ad
1089 3493 1281 3553 asserendam

52 3582 132 3642 libro
155 3586 259 3639 nostro
282 3569 492 3660 decalogum,
521 3578 599 3656 quod
632 3577 740 3638 nullam
764 3577 794 3636 iu
817 3577 874 3637 boo
894 3576 981 3648 libro,
1014 3595 1081 3636 eum
1104 3577 1139 3636 de
1162 3575 1280 3636 ieiuniis

53 3685 88 3726 ao
127 3662 305 3724 stationibus
339 3661 470 3722 crebrius
504 3661 641 3732 disserat,
675 3660 785 3721 inliciat
811 3659 992 3720 mentionem
1024 3659 1280 3736 xerophagiarum,

52 3767 129 3827 quas
152 3755 232 3807 tanto
254 3763 321 3807 cum
342 3747 460 3806 Terrore
482 3743 513 3804 in
534 3744 610 3804 libro
639 3745 675 3805 de
697 3743 818 3804 ieiuniis
847 3762 908 3821 cap.
934 3745 963 3805 2.
986 3747 1004 3803 5
1040 3759 1104 3819 sqq.
1134 3741 1281 3812 delendit;

53 3831 141 3892 ouius
164 3829 334 3892 omissionis
357 3829 459 3890 dubito
482 3847 518 3887 an
543 3827 599 3888 ulla
621 3825 675 3888 alia
698 3827 773 3888 ratio
796 3826 878 3887 reddi
901 3825 1007 3903 possit,
1031 3841 1116 3902 quem
1132 3843 1178 3896 ea,
1201 3823 1280 3901 quod

53 3925 191 3991 tempore
214 3912 315 3992 scripti
336 3913 427 3974 libelli
450 3911 546 3972 nostri
568 3909 618 3970 isti
641 3909 790 3970 Ecclesiae
817 3910 950 3970 addictus
979 3907 1068 3969 luerit
1093 3925 1168 3984 quae
1190 3923 1279 3966 xero-

53 3997 178 4076 phagias
202 4000 248 4063 lut
269 3997 309 4057 ait
330 3998 361 4058 iu
381 3996 457 4057 libro
481 3997 516 4058 de
537 3994 663 4057 inunita
686 4013 711 4054 e.
734 3996 765 4055 2.
776 4012 806 4072 p.
822 4010 862 4054 m.
879 3995 950 4056 702.
965 3991 1011 4066 Α.)
1034 4009 1145 4052 nouum
1166 3989 1282 4051 dicebat

54 4083 194 4162 affectati
214 4082 312 4160 officie·
331 4099 440 4142 nomen
461 4099 527 4142 esse
548 4091 577 4141 et
595 4081 772 4158 pronianum
793 4077 926 4139 ethnicae
940 4077 1178 4156 superstitionis.
1201 4073 1280 4134 Haec

54 4165 157 4225 onmia
186 4164 258 4224 mihi
284 4165 377 4226 molto
406 4163 543 4224 videntur
570 4161 663 4239 magis
693 4159 836 4222 audienda
871 4178 958 4238 qnam
987 4176 1061 4236 quae
1082 4155 1278 4218 liclimannus
1407 4229 1416 4237 ᾗ
1529 4167 1530 4176 ’

53 4249 92 4310 ad
120 4247 324 4310 vindicandam
354 4247 524 4328 opinionem
551 4263 635 4308 suam
655 4245 786 4325 profert,
819 4243 925 4323 quihus
955 4241 1009 4302 alia
1031 4241 1201 4302 nonnullius
1223 4260 1278 4302 au-

52 4331 201 4394 ctoritatis
224 4351 282 4393 nos
304 4333 391 4394 etiam
413 4332 471 4412 ipsi
492 4348 662 4411 possemus,
685 4329 711 4391 si
732 4345 856 4390 necesse
869 4334 958 4398 esset,
981 4325 1098 4386 addere.
1126 4323 1279 4386 Simillima

52 4417 168 4480 scilicet
190 4433 269 4490 esse,
291 4415 341 4488 ait,
365 4435 409 4490 ea,
432 4433 507 4495 quae
528 4415 578 4476 bie
599 4417 637 4489 (c
653 4415 718 4489 22.)
735 4413 771 4472 de
784 4410 947 4491 virginibus
962 4408 1093 4471 velandis
1108 4408 1279 4487 praecipiat,

51 4521 170 4575 eorum,
193 4519 268 4582 quae
289 4501 326 4563 ab
348 4520 384 4562 eo
407 4500 438 4561 in
458 4501 535 4561 libro
556 4499 644 4560 hauns
667 4495 831 4576 argumenti
852 4494 1062 4557 defenduntur:
1091 4493 1169 4571 quod
1192 4493 1278 4570 longe

86 4618 113 4668 b.
131 4619 183 4670 tid.
200 4619 315 4670 adversus
334 4619 436 4677 ludaeos
455 4618 517 4669 liber
535 4633 556 4668 e.
574 4615 616 4668 40.
