3126 5250
275 379 338 444 310
372 395 562 440 ursssarnrro
577 393 608 438 ur
623 395 671 446 ou.
687 394 771 439 serr.
787 395 873 438 rnna.
889 395 1084 440 rssruumsru
1097 395 1315 440 suoaoarrrcus
1326 394 1401 438 carr.

274 553 357 609 verat
378 565 442 608 eam
463 554 601 625 unquam
621 545 739 626 pietatis
760 545 926 625 depositum
949 545 1147 626 dispensatam
1171 548 1261 608 luisse
1284 549 1371 627 egena
1386 544 1457 608 also-

274 634 321 695 dis
343 631 557 712 humandisque
584 641 612 693 et
636 635 742 711 pueris
776 649 812 692 ac
836 631 948 711 puellis
969 650 1023 694 ·re
1050 649 1086 694 ac
1111 633 1286 714 pareatibus
1318 631 1455 700 destitutis,

273 719 390 798 iamque
418 717 585 778 domesticis
613 717 748 788 senibus,
780 718 852 779 item
877 717 1054 796 naufragis,
1084 727 1122 778 ‘et
1148 721 1178 779 si
1205 719 1256 797 oui
1278 721 1311 777 io
1335 713 1453 785 metallis,

274 801 335 864 sire
357 801 393 862 ad
413 799 528 862 metalla
549 799 692 872 damnati,
716 811 746 862 et
765 803 795 861 si
814 804 918 881 quiin
937 801 1065 878 insulis,
1094 821 1148 864 seu
1168 800 1199 862 in
1221 800 1327 862 insulas
1347 796 1454 876 relegati,

273 885 323 948 cel
343 889 375 948 iu
396 885 554 956 custodiis,
588 884 687 948 idest
712 883 893 958 carceribus,
927 886 1086 951 dumtaaat
1113 904 1152 949 ea
1180 904 1271 948 causa
1289 885 1344 947 Dei
1370 894 1455 952 sectae,

273 970 390 1032 alumni
410 970 608 1049 consessionis
630 988 703 1032 suae
730 970 810 1050 fiunt
837 969 946 1046 (lbid.),
974 971 1033 1032 hoc
1059 979 1106 1032 est
1132 970 1305 1033 christianae
1328 965 1457 1046 religionis

272 1061 444 1128 sectatores,
466 1054 516 1132 qui
536 1053 574 1114 ob
596 1053 661 1115 eins
683 1053 900 1116 confessionem
914 1054 963 1117 bis
978 1055 1084 1134 poenis
1098 1056 1194 1118 affecti
1215 1054 1333 1136 pecunie
1351 1072 1367 1114 s
1385 1051 1455 1113 Chri-

272 1138 377 1201 stianis
397 1138 556 1200 liberaliter
577 1137 680 1200 collata
702 1138 828 1202 aluntur.
873 1139 1073 1212 Quamobrem
1101 1140 1150 1202 ille
1179 1158 1265 1202 suum
1285 1139 1320 1200 ad
1339 1139 1457 1214 Martyres

271 1223 380 1304 librum
394 1223 439 1285 sic
452 1223 581 1285 orditur:
605 1223 692 1286 luter
713 1228 816 1286 caruis
837 1223 988 1296 alimenta,
1011 1225 1156 1288 ausura
1175 1235 1322 1304 martyres
1343 1224 1458 1300 desipue-

273 1313 311 1379 tt,
344 1327 418 1390 puae
439 1309 524 1370 uobis
545 1319 573 1370 et
595 1308 715 1371 danaim
740 1319 837 1370 nsoter
858 1309 992 1371 Ecclesia
1018 1311 1054 1372 de
1074 1311 1219 1372 uberibus
1241 1313 1302 1372 suis
1323 1318 1349 1370 et
1368 1302 1461 1383 siuguli

272 1393 392 1474 [ratres
422 1393 457 1455 de
489 1393 593 1474 opibus
625 1397 689 1455 suis
718 1397 857 1474 propriis
889 1398 924 1455 iu
956 1411 1106 1456 carcereos
1138 1396 1376 1464 subministrant,
1400 1407 1458 1450 vco-

270 1481 334 1559 pite
366 1477 480 1558 aliquid
501 1486 529 1539 et
551 1495 570 1538 a
590 1477 691 1548 nabis,
721 1479 799 1558 quod
819 1479 915 1558 saciat
936 1479 975 1540 ad
996 1483 1138 1558 spiritum
1167 1497 1281 1560 guoque
1301 1473 1458 1540 educandum

273 1562 366 1638 (Idem
386 1561 437 1623 lib.
459 1561 496 1624 ad
516 1561 633 1642 blsrtpr.
657 1579 720 1640 cap.
737 1565 789 1638 l·.).
832 1562 869 1626 Et
890 1562 977 1641 paulo
997 1571 1084 1642 post:
1111 1563 1197 1636 Quae
1217 1569 1299 1626 iusto
1318 1569 1383 1623 suot
1402 1575 1458 1621 caro

194 1655 198 1669 '
272 1665 337 1710 uon
358 1651 482 1717 amittit,
512 1664 570 1726 per
593 1665 698 1710 curam
718 1646 867 1709 Ecclesiae
889 1658 918 1709 et
939 1665 1053 1728 agapen
1079 1649 1219 1728 fratrum
1240 1646 1321 1722 (lbid
1343 1663 1398 1724 cap.
1416 1645 1458 1716 b).

271 1729 364 1792 Antea
383 1748 453 1792 uero
467 1729 598 1792 lustinus
619 1731 726 1812 blartpr
746 1731 864 1792 anobis
884 1731 1017 1794 laudatus
1039 1732 1153 1794 dixerat
1177 1733 1235 1794 hac
1253 1730 1368 1812 pecunia
1386 1745 1457 1807 prae-

272 1815 421 1895 positum,
452 1814 530 1894 apud
557 1833 644 1916 mem
675 1816 771 1877 luerat
792 1815 936 1895 deposita,
960 1816 1095 1896 opitulari
1118 1808 1279 1902 ὀρφανοῖς
1298 1815 1349 1879 καὶ
1366 1809 1459 1898 χήραις

272 1900 328 1964 scal
355 1899 426 1974 τοῖς
455 1893 512 1962 διὰ
538 1918 636 1963 uoaoo
657 1889 679 1984 ἢ
701 1891 741 1964 δι’
772 1894 833 1963 itt
855 1924 872 1964 ν
894 1896 1003 1964 cicala
1031 1900 1257 1982 λειπομένας,
1285 1900 1336 1964 καὶ
1356 1899 1414 1972 τοῖς
1431 1891 1457 1957 iu
1530 1961 1531 1968 g

274 1981 409 2065 ὀέσμοις
429 1970 514 2058 οὖσι,
535 1983 588 2048 καὶ
610 1991 682 2060 τοῖς
703 1923 949 2068 caecutiamus
970 1971 1046 2048 oriae
1067 1983 1186 2062 ξένοιςε
1213 1987 1353 2068 orplraois
1377 1993 1400 2045 et
1422 1983 1457 2040 oi·
1530 2011 1531 2016 κ

273 2070 351 2144 duis,
373 2081 427 2133 aut
448 2069 494 2132 lois
516 2074 567 2150 gui
583 2080 713 2150 propter
732 2071 871 2133 morbum
896 2081 951 2132 aut
976 2070 1107 2152 aliquam
1128 2071 1222 2134 aliam
1244 2072 1455 2144 eaussoaeput
1530 2099 1531 2152 p

273 2157 380 2236 guipue
408 2159 440 2217 iu
466 2154 595 2217 circulis
618 2165 698 2225 suut,
721 2165 750 2216 et
773 2172 900 2236 peregre
927 2156 1151 2219 aduenientibus
1176 2156 1347 2237 ¹bospitibus
1363 2148 1451 2226 (lustin-
1530 2159 1531 2166 ’

272 2237 397 2318 Apalog.
422 2242 449 2302 l.
471 2257 502 2299 n.
525 2241 575 2302 67.
598 2256 664 2318 pag.
687 2241 762 2316 99.).
1436 2310 1449 2322 ..
1530 2311 1531 2324 χ

357 2323 450 2384 Nobis
482 2341 599 2402 quoque
625 2323 772 2386 Eusebius
803 2323 921 2386 exbibet
953 2325 1147 2403 fragmentum
1179 2325 1324 2404 epistolae
1351 2319 1453 2394 uicorsa

274 2407 493 2470 Corinthiorum
515 2407 647 2486 episcopi
669 2407 705 2468 ad
720 2407 879 2482 Romanas,
902 2407 951 2469 ubi
973 2409 1091 2470 illorum
1112 2409 1213 2470 laudat
1234 2403 1455 2472 consuetudinem.

274 2492 310 2554 ab
332 2492 397 2572 ipso
420 2501 515 2554 artam
529 2492 705 2554 christianae
719 2491 869 2571 religionis
883 2493 1004 2554 exordio
1020 2501 1050 2554 ct
1063 2511 1080 2554 a
1095 2493 1200 2554 Satara
1216 2495 1331 2556 illorum
1344 2489 1459 2570 episcopa

273 2585 402 2650 auctam,
434 2595 491 2656 qua
518 2575 752 2638 Christianorum
786 2577 873 2638 etism
907 2577 972 2639 aliis
999 2577 1029 2638 in
1062 2577 1184 2640 urbibus
1214 2577 1374 2658 degentium
1392 2581 1415 2632 et
1431 2565 1459 2626 ed

273 2661 389 2723 metalla
417 2661 621 2722 damnatorum
648 2661 778 2740 inopiam
806 2660 886 2722 vario
913 2661 1121 2724 beneficiorum
1155 2680 1267 2741 genera
1298 2655 1461 2724 sublevabant

274 2745 393 2822 (Euseb.
407 2745 448 2808 lib
474 2746 520 2808 lv.
536 2746 614 2808 Hist.
630 2745 739 2808 Eccles.
756 2764 818 2825 cap.
835 2749 885 2811 33.
902 2765 966 2826 pag.
985 2751 1078 2823 lib).
1114 2747 1192 2820 Quin
1217 2749 1304 2809 stiam
1326 2741 1462 2824 Cyprianus

273 2831 311 2894 sd
331 2829 520 2912 presbyteros
544 2839 574 2892 ct
594 2830 734 2892 diaconos
757 2831 829 2892 haec
851 2831 972 2910 scripsit
992 2832 1024 2892 in
1045 2831 1148 2892 verba:
1175 2832 1330 2905 Quantum
1349 2829 1384 2891 od
1396 2839 1463 2887 sesu-

269 2926 344 2998 ptus
365 2917 565 2996 suggerendos
587 2919 650 2977 siae
670 2915 749 2987 illis,
778 2919 830 2997 gui
846 2916 981 2996 gloriosa
1004 2935 1074 2979 uoce
1094 2916 1190 2978 Deum
1214 2919 1344 2996 confessi
1361 2918 1389 2974 in
1408 2924 1464 2970 aar·
1530 2941 1531 2952 ³

274 3019 341 3064 cere
363 3013 436 3064 suut
457 3005 621 3072 constitute,
650 3005 713 3062 siue
733 3005 771 3062 iis
794 3005 846 3080 qui
862 3018 1013 3082 pauperes
1041 3011 1071 3062 et
1091 3003 1255 3081 indigentes
1289 3001 1416 3062 tmorau
1440 2999 1463 3050 tt

274 3089 427 3170 tamenin
449 3085 577 3164 Domino
596 3095 809 3165 perseverant,
835 3095 906 3165 peto
929 3083 1006 3146 uilril
1033 3087 1122 3156 desit,
1155 3105 1223 3148 cum
1245 3103 1357 3148 summo
1376 3079 1467 3172 oeteis,

274 3187 349 3250 quoe
370 3169 491 3230 redacta
513 3179 572 3240 est,
602 3169 665 3230 illic
691 3174 732 3231 sit
752 3170 834 3248 opud
863 3169 987 3232 clericos
1012 3170 1174 3233 distributa
1191 3184 1323 3252 propter
1344 3159 1464 3230 ammai·

274 3271 379 3322 ocsus,
401 3262 436 3314 ut
457 3253 599 3315 baberent
616 3251 724 3333 plores
738 3253 825 3348 ‘uude
847 3255 885 3348 cd
906 3259 1096 3316 necessitates
1118 3267 1147 3316 et
1165 3273 1333 3334 pressuras
1349 3245 1466 3340 sispalo-

273 3336 794 3512 rsrrsttttttttitstss
807 3337 1467 3500 ittet.iucurrisse.itit

275 3504 439 3567 constituit:
465 3505 552 3578 Quod
574 3509 603 3566 si
619 3510 780 3585 penuriam
802 3507 872 3568 talis
895 3517 924 3569 et
944 3512 1149 3570 necessitatem
1167 3511 1357 3588 paupertatis
1379 3504 1464 3566 obten-

274 3591 332 3662 dit,
358 3577 567 3669 posssimus
594 3599 709 3652 eeteros
726 3594 793 3670 ,gui
819 3591 968 3654 alimentis
995 3592 1144 3655 Ecclesiae
1171 3598 1362 3655 sustineatur
1394 3587 1467 3648 totu

274 3694 387 3758 guoque
408 3679 569 3738 necessitas
590 3675 747 3746 adiuuari,
770 3679 800 3737 si
819 3686 917 3738 tameo
939 3687 1095 3740 contemtus
1117 3683 1158 3740 sit
1178 3677 1406 3758 frugalioribus
1425 3663 1467 3760 'id

273 3761 481 3824 iuooceute'lrus
511 3761 582 3822 cibis
604 3758 696 3834 (Idem
718 3759 811 3839 Epist.
840 3763 871 3823 2.
893 3759 1029 3822 Euocatio
1050 3779 1115 3840 pag.
1138 3765 1192 3838 4.).
1235 3761 1309 3824 Eurn
1337 3760 1424 3836 itaque
1442 3765 1466 3810 rn
1530 3775 1531 3780 ¹

273 3846 394 3908 modum
430 3861 552 3924 camqrra
584 3843 622 3904 ab
654 3862 770 3906 causam
802 3844 926 3923 pecunia
956 3845 987 3906 in
1009 3833 1173 3924 'synaxibus
1210 3845 1306 3906 oblata
1343 3850 1372 3904 ct
1403 3831 1466 3916 apud

275 3930 397 3992 clericos
419 3929 553 4009 deposita
574 3928 621 3989 bis
645 3928 694 4007 qui
715 3928 849 3990 nomitati
872 3937 942 3991 sunt
963 3929 1160 4009 indigentibus
1183 3929 1414 3992 distribuebatur.

360 4014 558 4086 Quamobrem
583 4013 778 4076 Tertullianus
800 4014 876 4074 banc
905 4014 1138 4076 Christianorum
1159 4015 1318 4088 caritatem,
1340 4030 1392 4092 qua
1412 4021 1466 4098 our·

274 4098 324 4160 nia
350 4107 467 4178 praeter
493 4117 600 4160 uxores
628 4097 786 4159 indiscreta
819 4098 981 4172 habebant,
1008 4107 1122 4162 tantum
1144 4099 1271 4173 extollit,
1294 4103 1467 4184 quantumst}

276 4183 407 4244 ethnicos
435 4201 514 4257 eam,
548 4191 581 4245 ut
609 4200 697 4262 supra
726 4182 925 4257 ostendimus,
959 4183 1079 4246 avaritia
1100 4191 1129 4246 et
1150 4184 1307 4264 cupiditate
1327 4169 1466 4243 insatiabrh

276 4265 445 4329 dirimentes
467 4268 613 4330 invehitur
634 4263 815 4341 (Terudlian.
837 4268 990 4348 Apologet.
1012 4287 1075 4348 cap.
1099 4271 1173 4346 39.).
1216 4269 1277 4330 Nec
1297 4263 1407 4336 mirum,
1434 4254 1468 4356 ait

274 4349 334 4424 ille,
357 4351 383 4413 si
403 4351 439 4414 ab
462 4351 630 4414 hominibus
653 4351 725 4414 adeo
748 4351 843 4414 araris
865 4370 920 4414 nec
941 4352 1098 4414 christiana
1119 4353 1262 4434 religiono
1277 4350 1392 4414 imbutis
1406 4359 1467 4436 corr·

273 4434 411 4499 violatur
437 4446 522 4498 tauta
550 4441 678 4508 cantas,
711 4437 754 4498 uti
782 4437 812 4498 in
841 4436 1054 4516 antiquioribus
1084 4439 1195 4500 nostris
1223 4435 1371 4498 codicibus
1398 4437 1424 4491 et
1441 4439 1466 4484 ¹1¹

274 4519 403 4601 antiquis
426 4519 602 4584 editionibus
625 4522 767 4600 scriptum
790 4529 845 4596 est,
867 4521 898 4582 in
919 4529 1022 4602 quarto
1044 4533 1141 4584 autem
1157 4521 1325 4602 simpliciter
1338 4515 1467 4582 uiolaturi

271 4606 331 4671 sed
360 4605 465 4672 eodem
491 4623 609 4687 semper
636 4623 737 4670 sensu.
769 4605 922 4687 ,mgnum
949 4613 1048 4671 tamen
1075 4615 1177 4672 contra
1199 4605 1332 4674 codicum
1352 4597 1468 4666 omuitffl
