3020 5230
264 361 327 426 did
351 427 355 438 ,
397 369 590 420 orssnsrsrro
606 367 643 410 oe
658 365 742 410 vanu
755 365 794 408 nr
810 363 993 408 ruc.1nnous
1009 361 1127 406 amnon.
1144 359 1346 403 acarnanum

417 523 518 584 tonali.
536 521 587 572 adn.
606 519 699 570 Valent.

505 625 564 688 Cap.
581 621 620 672 to.

310 766 350 776 -
369 721 507 810 [credre
528 723 641 804 singula
656 739 763 800 genera
779 736 852 779 cou-

267 813 373 887 stituit‚
390 812 443 874 sed
459 809 590 890 spiritale
605 807 723 886 quidem
739 801 854 864 nonita

268 899 365 981 potuit
375 896 528 977 attingere,
542 901 575 954 ut
589 901 617 952 et
632 889 718 970 ipsak
734 886 854 968 spirita-

268 985 314 1046 lis.
335 1015 376 1028 -
399 1015 440 1024 -
477 979 521 1040 llo
542 976 640 1037 auimo
663 993 696 1034 se
713 989 804 1034 unum
819 967 856 1030 ad

269 1066 393 1131 animale
414 1061 574 1133 convertit,
600 1057 721 1138 prolatis
742 1053 856 1118 Soteris

270 1149 444 1232 disciplinis.
480 1145 517 1208 Et
536 1144 663 1226 primum
682 1141 774 1221 (qtrod
790 1157 856 1200 oum

270 1255 377 1314 magno
393 1233 519 1294 horrore
533 1227 733 1308 blasphemiae
742 1233 771 1284 et
781 1239 855 1303 pre-

271 1319 464 1382 nuntiandum
481 1325 511 1376 et
524 1312 680 1392 legendum
696 1319 742 1371 est
757 1317 787 1369 ct
801 1325 855 1370 au-

271 1403 438 1478 diendum)¹
459 1401 552 1462 Deum
578 1395 647 1476 Dngi
669 1395 776 1468 (adhuc
797 1409 855 1453 no-

272 1497 366 1552 strum
388 1495 418 1548 et
432 1484 574 1554 omnium,
596 1489 715 1560 praeter
729 1475 858 1538 baereti-

272 1593 373 1640 corum
395 1581 519 1653 liabent,
540 1573 609 1641 ett'·
624 1581 691 1626 eum
711 1595 751 1606 —
771 1593 800 1603 -
831 1565 860 1620 et

272 1678 372 1740 regem
388 1655 593 1718 universorum
608 1667 682 1730 quae
698 1653 766 1727 post
778 1643 859 1706 illum

275 1779 314 1794 -
330 1764 346 1806 a
361 1761 418 1822 qua
433 1734 617 1814 (Achamoth)
636 1731 762 1804 occulto,
787 1727 860 1789 nihil

275 1829 461 1891 sentiens-
477 1821 506 1883 iu
522 1837 639 1881 omnem
657 1815 861 1896 operationem

274 1913 459 1976 movebatur.
489 1903 622 1982 Denique
637 1919 672 1961 ex
687 1900 742 1961 hac
752 1914 861 1977 perso-

276 2013 380 2060 narum
396 1994 426 2055 iu
439 1989 579 2072 operibus
601 1983 789 2062 ambiguitate
803 1999 861 2042 no-

276 2099 344 2144 men
364 2077 405 2140 illi
429 2071 636 2154 Metropatoris
657 2074 864 2130 miscuerunt·

276 2201 317 2211 -
340 2196 378 2208 -
400 2171 434 2223 ut
455 2156 622 2221 animalium
643 2152 762 2234 quidem
786 2149 861 2211 suh·

278 2247 461 2316 stantiarum,
483 2261 556 2320 quas
579 2239 614 2300 ad
630 2239 762 2298 dextram
777 2251 862 2295 com-

200 2359 205 2378 ι
279 2330 427 2400 mendant,
449 2335 561 2406 patrem
583 2329 770 2400 nuncupenta
797 2335 861 2379 ma-

278 2425 427 2478 ternarum
442 2428 524 2482 vero,
542 2427 614 2488 quas
630 2408 666 2468 ad
681 2407 791 2466 laevam
807 2401 861 2464 de-

278 2501 385 2578 legant,
408 2494 596 2572 Demiurgum
617 2489 781 2552 nominent.
803 2483 863 2547 be-

279 2603 344 2665 gem
359 2592 456 2644 autem
471 2575 676 2648 communiter,
696 2573 727 2634 iu
743 2569 864 2632 univcr-

278 2670 406 2732 sitalem.

399 2805 403 2814 .
467 2747 471 2754 ¹
517 2765 575 2828 Cap.
596 2761 635 2812 lli.

322 2887 364 2898 -
384 2850 456 2914 Cum
481 2847 559 2910 enim
584 2846 682 2906 dicant
704 2839 867 2902 Achamoth

281 2939 311 3002 in
327 2938 473 2998 bonorem
488 2949 614 2994 aeonum
626 2927 769 3006 imagines
782 2943 865 2986 cont-

280 3028 455 3092 manuum,
477 3035 581 3078 rursus
602 3014 660 3076 hoc
679 3013 710 3072 in
731 3010 867 3071 Soterem

281 3113 431 3170 auctorem
447 3103 633 3178 detorquent,
648 3097 698 3175 qui
710 3113 768 3175 per
782 3093 868 3154 illum

283 3189 323 3251 sit
338 3194 487 3268 operatus,
504 3195 537 3246 ut
551 3183 645 3264 ipsam
661 3179 778 3260 quidam
791 3178 867 3240 ima-

282 3273 379 3351 ginem
395 3271 488 3351 patris
504 3265 657 3330 invisibilis
684 3273 713 3325 et
728 3260 868 3342 incogniti

285 3357 399 3427 doret⁰‚
418 3353 594 3432 incognitam
615 3349 727 3412 seilicet
746 3354 776 3408 et
790 3343 868 3407 invi-

284 3438 400 3500 sibilem
421 3438 596 3514 Demiurgo,
622 3433 748 3494 eundem
772 3439 871 3492 autem

284 3521 472 3600 Demiurgum
496 3519 573 3603 νοῦν
593 3519 684 3579 fllium
709 3515 872 3594 effingeret,

283 3606 456 3686 Archangeli
470 3623 542 3666 vero
557 3600 706 3678 Demiurgi
721 3617 808 3678 opus,
819 3615 870 3658 re-

284 3691 380 3772 liquos
400 3707 510 3754 aeonas
531 3686 758 3767 exprimerentt.
774 3715 815 3728 -
831 3713 872 3726 -

1056 511 1119 564 lran.
1137 517 1222 562 contra
1240 508 1347 560 lisera.

947 717 1032 791 ἇλλὰ
1045 721 1084 788 τὸ
1098 723 1158 807 μὲν
1173 719 1404 806 πνευματικὸν
1417 742 1467 802 pre

905 808 1071 916 δυνῇσθαι
1086 803 1177 911 αὖνῇς
1188 803 1468 910 precepcionem-lun·

932 891 940 912 h

906 895 945 982 δη
980 891 1140 978 μοοὺσιον
1160 915 1311 994 υπηρχεν
1330 915 1419 975 αι’τρΓ
1443 914 1469 952 re

906 977 1062 1082 τράφθαι
1088 976 1124 1042 di
1150 974 1208 1042 ἐπὶ
1235 1001 1299 1059 την
1328 973 1468 1060 popponi

948 1089 964 1128 ν
979 1066 1151 1164 peroptans
1167 1057 1202 1126 ἐκ
1216 1062 1280 1146 τῆς
1296 1058 1469 1142 ἐπιστροφῇ

908 1149 1008 1234 αυτῆς
1020 1157 1158 1231 ψυχικης
1169 1138 1303 1221 οὐσίας,
1323 1141 1469 1226 rapodone
1482 1161 1483 1178 ¹

907 1256 944 1298 τε
964 1229 1007 1296 τὰ
1027 1228 1120 1314 παρὰ
1139 1231 1199 1294 τοῦ
1213 1229 1383 1314 §meque
1395 1233 1469 1308 pain·

907 1339 1005 1419 ματα.
1024 1315 1077 1380 καὶ
1093 1316 1228 1398 πρῶτον
1244 1335 1467 1418 μεμορφωαν,

910 1423 1010 1485 conpr
1032 1398 1067 1464 ἐκ
1086 1401 1144 1484 τῆς
1157 1399 1309 1482 ψυχικῆς
1327 1405 1435 1472 occing
1447 1399 1483 1470 c,

910 1506 1007 1569 γουσι
1029 1481 1087 1550 τὸν
1116 1487 1248 1565 πατέρα
1281 1483 1342 1547 καὶ
1374 1481 1483 1564 flander

910 1567 1047 1670 πάντων
1061 1601 1101 1668 -Ῑ
1118 1602 1154 1611 -
1176 1564 1386 1652 λεληθότων
1404 1557 1483 1656 nus-l

909 1675 1007 1736 μενον
1029 1673 1097 1716 varo
1115 1651 1173 1738 τῆς
1191 1648 1338 1736 μητρὸς,
1363 1645 1483 1714 douc

912 1734 1165 1840 Mnuppmdaopa
1192 1770 1234 1780 -
1258 1735 1320 1799 καὶ
1343 1741 1471 1818 Arpan-

911 1843 969 1906 γον
984 1841 1082 1887 αυτον
1097 1821 1150 1886 καὶ
1165 1823 1313 1904 Πατέρα
1330 1819 1455 1883 autoire

912 2157 988 2260 τῷν1
997 2153 1057 2239 μὲν
1078 2152 1193 2258 §Quia
1210 2159 1354 2238 πατέρα
1370 2153 1468 2237 ie'yor:

913 2261 1021 2318 αυτον,
1038 2261 1116 2303 noun
1148 2237 1222 2304 ἔστι
1247 2241 1322 2303 τῶν
1351 2239 1461 2318 stupui}

912 2326 978 2390 τῶν
994 2317 1233 2408 δὲ’ἇριστερῶν,
1246 2318 1351 2388 τοῦτ’
1367 2321 1428 2387 ἔστι
1440 2321 1467 2380 n'·

911 2402 1032 2473 ὗλικῶν
1056 2404 1282 2493 Δημιουργὸν,
1312 2405 1448 2490 casparini

915 2492 951 2560 δὲ
966 2491 1113 2576 βασιλέα.

977 2841 1043 2928 Τὴν
1072 2839 1133 2926 γὰρ
1159 2833 1370 2927 Dauduana
1398 2863 1459 2904 serr

917 2927 1141 3029 DouipDeiopv
1156 2923 1204 3003 εἰς
1220 2923 1323 3012 τιμὴν
1340 2929 1405 2992 τῶν
1416 2923 1468 2987 ,tis-

918 3038 983 3078 νων
1003 3037 1045 3076 τα
1065 3034 1177 3076 wavra
1198 3013 1369 3096 ποιῆσαι,
1390 3009 1458 3074 εἰνα-

919 3097 1052 3182 λέγουσι
1061 3099 1286 3179 πεποιηκέναι
1299 3089 1418 3170 αὐτῶν,
1428 3095 1469 3174 pi·-

920 3181 978 3247 λον
993 3179 1029 3246 dd
1044 3177 1101 3245 τὸν
1112 3183 1167 3243 Zao
1192 3181 1252 3262 “pa
1264 3173 1317 3244 δι’
1338 3175 1466 3262 uicino

920 3261 1021 3348 αὐτὴν
1043 3261 1190 3347 pertire
1225 3261 1280 3329 tire
1296 3267 1360 3328 τοῦ
1377 3261 1459 3342 dopo·

920 3347 1055 3452 Horpdg
1065 3351 1289 3450 perpensione,
1299 3343 1347 3434 μὴ
1360 3368 1470 3432 yrsuos·

919 3439 1018 3518 μένην
1034 3455 1101 3496 vno
1116 3433 1175 3496 τοῦ
1190 3435 1418 3516 Δημιουργοὲ.
1436 3429 1463 3490 r'

921 3540 978 3583 τον
994 3516 1030 3582 δὲ
1045 3519 1104 3581 τοῦ
1115 3517 1339 3599 Μονογενοῦς
1356 3517 1431 3581 aiei.
1443 3513 1462 3573 ι’

923 3601 959 3668 dl
974 3597 1258 3666 λοιπῶνΛῑώνων
1268 3598 1355 3678 τοὺς
1367 3596 1428 3664 ὑπὸ
1437 3621 1467 3660 ι’·

921 3709 988 3751 των
1019 3681 1193 3770 γεγονότας
1215 3680 1463 3770 Ἀρχαῃέλιιςῑ

806 3857 809 3862 1
922 3771 977 3835 καὶ
989 3764 1170 3854 ³Ayydioog.

319 3911 342 3960 l.
360 3901 451 3970 ἐπειδὴ
478 3897 629 3974 tpootnur
652 3895 773 3970 ὑπῆρχεν
791 3891 867 3966 αὔτῇ.

286 3979 401 4030 Dotemus
412 3975 472 4028 illud
482 3974 631 4026 vocabulum.
658 3972 872 4022 Conauhstoutr'nour

287 4047 345 4097 tou
361 4045 532 4096 Tertullianus.

321 4113 336 4162 Ι.
357 4115 407 4164 liae
430 4111 593 4164 admonitione
616 4107 711 4158 lucilius
730 4105 872 4156 carebamus

288 4195 359 4242 quam
385 4181 528 4231 accuratiori
553 4176 716 4240 descriptione
742 4181 765 4222 et
783 4172 829 4221 lide
847 4171 871 4220 io

175 4307 182 4320 ι
289 4247 416 4296 narrando.

323 4327 355 4361 m.
374 4314 438 4363 ilaec
464 4313 557 4364 inclusa
574 4308 716 4362 Tertulliani
740 4304 871 4368 indignatio

289 4378 356 4428 sddit
372 4395 419 4442 uua
437 4395 485 4430 oon
503 4395 565 4444 opus
583 4386 643 4429 erat.

324 4461 347 4494 n.
367 4445 401 4494 De
419 4461 479 4506 soo;
502 4447 538 4498 sic
562 4447 650 4496 indicat
674 4445 735 4508 ipse.
771 4441 797 4490 lo
822 4439 873 4490 lrc·

290 4527 351 4563 naeo
369 4515 504 4577 praeeedit:
524 4523 615 4573 patrem
633 4503 755 4563 πάντων,
775 4507 833 4556 τῶν
844 4519 873 4554 τε

242 4609 249 4622 ·
289 4571 446 4648 ὅμοοισίων
463 4571 547 4642 αὐτῷ,
566 4571 637 4628 τοῦτ’
652 4571 711 4626 ἔστι
722 4575 780 4625 τῶν
794 4579 875 4640 pols-

921 3905 986 3964 scir,
1013 3896 1031 3986 ᾇ
1048 3899 1081 3966 δὴ
1101 3897 1176 3962 δεξιὰ
1193 3899 1326 3961 καλοῦσι,
1354 3901 1399 3954 zai
1415 3903 1450 3952 nte
1462 3890 1467 3919 ²

921 3973 971 4024 noni
989 3973 1097 4025 naboar
1113 3967 1159 4020 acl
1176 3969 1225 4030 τῆς
1244 3963 1329 4031 ὕλης,
1364 3965 1382 4022 ἃ
1404 3967 1429 4030 dt,
1447 4000 1450 4009 .

923 4036 1007 4108 σιερᾶ
1022 4038 1142 4096 καλοῦσι,
1172 4041 1349 4092 'lertrrtlianos
1369 4051 1454 4090 sotem'

903 4121 908 4148 t
922 4111 1023 4160 busdam
1042 4109 1140 4158 omissis
1154 4107 1292 4158 describit:
1312 4115 1462 4161 mismo.-

923 4179 1014 4228 atiuetis
1039 4177 1236 4240 appellationibus
1263 4179 1370 4236 ceteris,
1399 4192 1464 4225 mn·

923 4251 997 4295 atotua
1016 4250 1037 4292 et
1055 4245 1114 4306 nitus
1132 4257 1243 4306 operum
1263 4251 1292 4292 st
1312 4247 1461 4295 minden.-

923 4313 975 4362 dent
992 4311 1180 4361 constantim

959 4427 981 4460 o.
999 4410 1069 4464 attic
1086 4425 1098 4459 a
1116 4423 1213 4472 macco.

960 4525 983 4574 p.
1003 4511 1046 4560 llic
1063 4508 1137 4558 multa
1157 4511 1465 4564 tnurittennttisssstcs

927 4587 953 4629 ot
970 4577 1139 4642 reprehendat.
