3126 5250
273 369 335 432 300
371 383 562 428 brsssnrsrru
577 384 607 426 IN
623 383 671 434 ΟΠ.
686 383 771 428 Sm-
785 383 871 428 ΜΒ.
886 383 1081 428 susumus!
1093 381 1311 428 wououuttcbl
1323 381 1398 425 Cffl·

272 533 466 606 monitorem
493 532 730 612 quandoquidem
757 552 818 596 non
848 553 901 596 ore
923 541 1036 596 mutum
1059 542 1089 596 et
1109 533 1203 608 labiis,
1230 533 1281 595 sed
1302 534 1334 596 do
1347 530 1453 614 pectam

272 627 359 698 atque
379 615 482 680 intimo
505 615 679 696 sinceroque
700 619 799 680 sordis
820 619 925 681 alieotu
945 619 1039 681 Deum
1061 619 1258 698 precabantur.

355 703 512 764 Praeterea
533 703 657 764 orabam
677 703 789 766 caelum
810 702 1005 784 suspicientes
1026 711 1057 764 et
1076 705 1219 776 manibus,
1244 702 1334 782 iuquit
1352 700 1450 762 Tertul-

271 787 376 858 lianus,
404 790 556 866 mansis,
586 787 631 848 vel
653 788 898 866 quemadmodum
919 787 976 850 alio
997 788 1124 849 in'libro
1145 788 1287 868 loquitur:
1321 786 1376 849 Nm
1394 803 1452 847 uero

272 891 334 936 non
356 871 523 934 attollimus
553 881 678 944 tautum,
707 874 759 936 sed
785 877 875 935 etiam
902 873 1100 952 supendimus
1128 871 1312 936 edamim’ca
1335 873 1453 952 passim
1526 903 1527 967 q

272 956 460 1020 modulatum
480 954 661 1028 (Tertulliano.
683 956 840 1037 Apologet
856 976 919 1038 cap.
942 960 993 1024 30.
1015 958 1097 1019 ldem
1111 957 1161 1018 lib.
1184 957 1452 1034 neomesiam),

272 1041 329 1103 hoo
350 1049 398 1103 est
416 1041 448 1102 in
470 1039 580 1102 Christi
602 1041 681 1102 eruci
702 1042 779 1102 affixi
800 1042 920 1104 modum
942 1045 1130 1104 aetermam.
1159 1041 1202 1104 De
1223 1041 1279 1102 hoo
1297 1048 1453 1119 autemprs·

272 1127 356 1188 eundi
389 1143 473 1187 more
505 1124 572 1186 alibi
605 1125 801 1188 disseruimus
834 1126 998 1202 (Dissertat.
1027 1128 1059 1188 in
1085 1127 1192 1189 llinuc.
1216 1127 1313 1189 Octar.
1340 1141 1395 1204 cap.
1415 1123 1453 1185 m

270 1211 332 1272 Art.
355 1212 408 1287 3.).
451 1209 487 1271 tt
514 1210 583 1288 quia
609 1210 719 1272 ethnici
739 1211 826 1272 etiam
848 1211 952 1273 eodem
973 1212 1062 1274 modo
1084 1211 1157 1273 deos
1181 1229 1263 1284 suos,
1292 1210 1361 1272 sicot
1379 1207 1455 1270 adbuc

272 1295 467 1367 ostendimus,
489 1293 603 1373 precari
625 1295 772 1369 solebant,
794 1296 862 1358 ideo
876 1297 987 1358 tremor
1007 1304 1112 1359 noster
1131 1302 1203 1376 post
1223 1298 1293 1358 haec
1314 1293 1394 1355 rerba
1412 1309 1455 1353 ea·

268 1385 376 1462 pansis
398 1379 535 1441 manibus
558 1378 664 1442 adiecit
694 1385 764 1462 qaia
785 1385 923 1444 innocuis
955 1381 1139 1456 (tertullian.
1161 1381 1310 1461 Apologet
1329 1379 1380 1440 loe
1398 1375 1454 1452 u'tt

272 1463 402 1526 Gentiles
425 1464 503 1524 enim
525 1481 629 1526 manus
651 1464 820 1543 impietatis,
842 1465 1023 1528 idololatriae
1044 1465 1168 1545 aliisque
1191 1465 1355 1528 criminibus
1377 1459 1453 1542 pollu-
1530 1485 1531 1490 ¹

272 1559 315 1610 tas
344 1547 501 1610 Christiani
522 1567 593 1609 vero
615 1567 684 1610 suas
706 1567 767 1610 noo
789 1549 895 1624 minus,
918 1569 1005 1629 mam
1027 1559 1129 1629 pectus
1155 1558 1186 1612 et
1199 1551 1334 1622 animum,
1353 1544 1453 1608 mundas

271 1633 357 1714 plane
379 1641 410 1694 et
430 1649 519 1712 puras
541 1632 578 1694 ad
599 1635 710 1695 caelum
732 1635 879 1713 precando
901 1634 1052 1696 tollebant.

356 1717 523 1790 Quinetiam
543 1718 601 1796 ipsi
623 1718 746 1797 insuper
767 1719 890 1780 arabant
912 1725 1007 1800 capite
1027 1720 1118 1792 audo,
1148 1720 1189 1782 ait
1211 1719 1304 1781 adhuc
1323 1712 1453 1778 remtia-
1524 1721 1531 1772 't

253 1798 344 1875 ¹nus,
378 1804 448 1885 qaia
480 1820 541 1864 non
571 1803 771 1864 erubescimus
800 1803 909 1880 (ibid).
952 1803 996 1864 lbi
1022 1811 1120 1865 autem
1146 1803 1215 1865 illos
1242 1802 1358 1884 opponit
1380 1797 1453 1860 adhuc

272 1885 439 1966 gentilibus,
472 1885 578 1965 quibos
606 1886 700 1949 relato
729 1887 822 1966 capite
850 1907 934 1950 orare
956 1907 990 1950 ac
1012 1887 1175 1950 sacrificare
1197 1907 1264 1951 mos
1286 1895 1352 1949 erat.
1388 1879 1452 1954 bodi,

272 1989 393 2052 quaeso,
415 1971 451 2032 de
473 1971 530 2032 hoo
550 1971 609 2032 ritu
631 1970 742 2050 Virgilii
764 1973 908 2034 carmina:

426 2055 507 2128 Qum
527 2057 582 2118 ubi
601 2062 798 2120 transmissae
818 2059 937 2137 suerint
958 2067 1046 2119 trans
1068 2074 1206 2137 nemora
1226 2057 1342 2127 classes,

421 2141 461 2202 Et
478 2145 588 2221 positis
610 2145 676 2203 aris
697 2147 758 2204 iam
779 2155 851 2207 uota
872 2147 904 2205 ia
927 2142 1030 2204 b'ttore
1052 2141 1161 2212 solues,

423 2223 582 2307 Purpureo
606 2225 707 2288 celare
730 2244 829 2289 comas
851 2229 1015 2308 adopertas
1037 2231 1155 2297 amictu,

339 2347 347 2362 ·
423 2311 467 2374 Ne
490 2329 549 2392 qua
571 2315 651 2373 r'uter
672 2324 793 2374 sauctae
816 2315 898 2391 ignes
920 2315 953 2372 ia
976 2310 1089 2373 bonore
1110 2311 1237 2373 dearum

423 2395 552 2458 Hostilio
574 2397 667 2475 sarias
690 2406 834 2459 accurrat
855 2407 885 2458 et
907 2398 1006 2458 amaia
1029 2397 1138 2459 mrbst.

422 2480 512 2543 llam
532 2483 609 2542 sacri
627 2499 739 2542 marem
760 2497 930 2556 sacrorum,
953 2481 1030 2542 bane
1051 2484 1115 2561 ipm
1138 2490 1247 2552 temeto,

423 2565 488 2628 Hae
510 2568 588 2627 casti
606 2574 748 2626 maneant
768 2569 801 2626 iu
823 2565 967 2646 religione
989 2577 1121 2646 nepotes.

709 2647 819 2728 (Virgil.
842 2649 893 2710 lib.
915 2649 966 2712 ΙΙΙ.
986 2649 1108 2710 Aeneid.
1130 2667 1156 2708 v.
1180 2652 1243 2714 403
1267 2656 1296 2709 et
1315 2647 1408 2724 seqq).

273 2739 355 2811 Quas
376 2735 492 2816 quidem
514 2733 545 2795 in
567 2751 671 2794 versus
694 2732 767 2795 haec
787 2734 906 2796 Servius
929 2734 1082 2795 observat:
1111 2733 1191 2794 Sane
1216 2735 1361 2796 subudum
1380 2727 1457 2788 sard-

271 2824 396 2904 ficaates
420 2821 475 2882 diis
499 2819 634 2881 amnibus
657 2823 756 2899 capita
778 2817 879 2881 velare
901 2829 1057 2884 consuetos
1081 2817 1115 2881 ob
1140 2817 1203 2889 hae,
1227 2839 1264 2881 ne
1286 2837 1316 2880 se
1336 2820 1405 2876 iuter
1419 2825 1458 2869 rt·

273 2909 410 2988 lipianum
430 2905 544 2986 aliquid
565 2907 647 2982 vagis
671 2903 799 2984 offerret
820 2905 984 2974 obtutibus,
1006 2914 1131 2983 eccepto
1148 2915 1268 2965 tamtum
1282 2903 1413 2966 &tuma
1431 2907 1460 2952 m

271 2994 404 3054 aumims
431 2993 558 3052 r'raitotia
587 3005 653 3049 esse
681 2989 846 3060 uideretur,
875 2999 906 3049 et
926 2987 1067 3049 Herculis
1085 2993 1118 3048 in
1140 2989 1250 3067 templo
1274 3003 1336 3057 aaa,
1362 2984 1421 3063 psit
1437 2981 1460 3035 tl

271 3082 335 3157 ipse
364 3078 460 3155 eapite
487 3082 593 3154 operto
623 3082 676 3144 est,
704 3072 753 3134 oet
778 3077 848 3154 quia
876 3073 930 3134 bae
956 3091 1031 3138 arae
1059 3081 1129 3134 uate
1150 3073 1312 3135 aduentum
1331 3071 1461 3132 lemma

272 3159 388 3222 lunone
409 3169 438 3219 et
459 3157 602 3219 Evandro
626 3170 816 3221 democrates
838 3167 912 3219 suat
933 3157 1026 3230 (Serv.
1049 3156 1080 3216 in
1102 3157 1143 3218 cit
1163 3175 1243 3219 vers.
1260 3157 1293 3236 'p.
1315 3155 1402 3228 aaa).
1429 3143 1461 3206 Fe

272 3251 369 3305 autem
398 3241 529 3320 exceptio
558 3241 631 3302 satis
659 3240 764 3320 probat
791 3242 869 3303 huno
896 3241 988 3304 luisse
1014 3240 1164 3320 gentilium
1194 3241 1284 3303 ritum
1311 3249 1340 3302 et
1358 3247 1460 3300 morem,

272 3345 359 3406 quem
387 3326 475 3387 etiam
502 3325 575 3386 deos
602 3323 755 3386 salutando
784 3333 814 3386 et
834 3326 946 3387 orando
969 3325 1173 3388 observabant.
1217 3328 1254 3387 nt
1275 3325 1311 3386 de
1330 3323 1375 3384 illo
1395 3317 1461 3398 pluri

270 3411 453 3484 Bussenius,
485 3427 572 3487 quem
603 3409 685 3471 adire
715 3409 828 3488 poteris
862 3409 1006 3484 (Brisson.
1029 3409 1079 3472 lib.
1102 3410 1125 3471 1.
1154 3409 1191 3472 de
1213 3411 1311 3472 Farm.
1333 3423 1393 3488 pag.
1414 3399 1461 3464 llb

272 3505 302 3558 et
326 3499 514 3642 saqqqqqtiani
535 3577 633 3656 itaque
655 3597 671 3638 a
693 3578 841 3640 saumario
863 3577 985 3641 orabant
1006 3581 1086 3642 audo
1111 3584 1215 3658 sopite,
1238 3579 1305 3658 quia
1324 3565 1462 3638 dictumeb

165 3653 172 3670 ⁶
270 3665 414 3747 Apostolo
447 3671 605 3724 noverant:
643 3662 746 3725 Omnis
774 3667 825 3724 uir
852 3682 945 3726 araas
973 3677 1028 3727 aut
1056 3665 1246 3745 prophetans
1269 3663 1364 3726 uelato
1385 3657 1463 3736 capite

272 3751 414 3832 deturpat
441 3758 531 3828 eaput
558 3766 648 3809 saum
674 3747 765 3816 (Paul.
788 3746 811 3808 1.
840 3747 877 3809 od
900 3747 1031 3810 Corinth.
1062 3767 1125 3827 cap.
1149 3752 1198 3811 11.
1225 3768 1254 3810 v.
1275 3752 1327 3824 4.).
1367 3743 1400 3804 tr
1421 3749 1462 3798 our

271 3835 479 3901 Tertullianus,
510 3831 624 3910 inquiet
649 3831 765 3911 aliquis,
798 3850 858 3894 non
880 3833 955 3894 hanc
975 3832 1109 3912 Apostoli
1131 3833 1228 3895 attulit
1249 3832 1396 3898 rationem,
1422 3817 1463 3883 tei

272 3927 350 4002 quio,
373 3920 415 3982 uti
438 3919 487 3990 ait,
509 3936 572 3980 nou
594 3915 821 3979 erubescimus?
852 3917 914 3978 Nos
935 3917 1033 3996 itaque
1054 3917 1123 3979 huic
1141 3917 1383 3997 respondebimus
1402 3909 1464 3970 baut
1530 3931 1531 4014 q

271 4006 308 4066 ab
336 4023 372 4066 eo
402 4005 498 4066 datam
523 4001 625 4074 rideri,
659 4001 726 4080 quia
752 4002 789 4062 ad
814 4001 1000 4081 propositum
1027 3998 1123 4065 suum*
1141 4003 1268 4064 maxims
1294 3992 1463 4062 conducebat.

272 4088 455 4150 Christianos
478 4087 627 4150 enimvero
649 4086 806 4165 gentilibus
827 4087 879 4160 ibi,
902 4095 935 4148 ut
955 4087 1091 4160 diximus,
1114 4087 1246 4167 opponit.
1288 4086 1324 4145 m
1343 4083 1381 4155 bi,
1402 4077 1463 4139 sicut

270 4172 379 4234 ibidem
400 4172 534 4246 subiecit,
556 4171 639 4233 lalsis
662 4171 718 4232 diis
740 4171 941 4245 sacrificando,
963 4171 1208 4250 quemadmodum
1229 4168 1383 4251 precando,
1402 4159 1462 4225 alit·

270 4257 375 4318 rebant
393 4268 464 4338 past
485 4263 585 4320 omnia
605 4261 829 4338 inquinamenta
850 4261 938 4320 stiam
960 4260 1170 4319 conscientiam
1188 4273 1327 4338 spurcam
1348 4241 1461 4326 (rerut.
1530 4285 1531 4352 i

270 4341 423 4420 bpologet.
445 4361 507 4420 cap.
530 4345 594 4417 30.)
614 4351 658 4402 xet
685 4340 765 4402 omni
787 4340 931 4401 scelerum
952 4357 1060 4419 genere
1082 4341 1305 4420 coinquinatam,
1333 4337 1369 4398 ob
1390 4341 1462 4413 qttffl

272 4425 298 4488 si
327 4423 397 4505 quid
424 4427 546 4503 pudoris
574 4427 719 4504 reliquum
748 4427 792 4487 eis
815 4426 930 4496 luisset,
958 4433 1102 4505 perpetuo
1124 4425 1267 4488 debebant
1287 4423 1391 4485 rubore
1409 4412 1461 4476 sui·
1530 4455 1531 4498 3

270 4509 362 4572 lundi.
407 4509 514 4570 Contra
535 4529 605 4572 vero
629 4510 785 4573 Christiani
799 4510 860 4570 beo
884 4527 939 4570 sno
960 4505 1154 4591 omnipotenti
1178 4510 1342 4592 offerebant
1364 4501 1463 4567 oratio·
1530 4563 1531 4584 ,

269 4613 338 4660 uem
360 4597 395 4659 de
417 4612 507 4657 rarae
525 4597 646 4674 pudica,
666 4596 743 4657 sicut
762 4594 852 4675 paulo
867 4601 934 4656 arato
950 4596 1122 4658 notabamus
1139 4599 1206 4674 (art.
1221 4599 1310 4674 sup),
1332 4589 1464 4654 mauras
