3196 5250
262 430 325 491 454
357 445 549 489 3333333333
565 445 595 487 33
611 444 658 495 oua
675 443 758 487 serr.
774 441 859 485 raon.
875 439 1070 484 rcarutmtnr
1084 440 1309 483 arococarrcurr
1325 441 1410 484 cerr.

264 603 312 656 est
332 602 431 655 utrum
453 593 478 654 is
501 593 540 654 sit
560 573 783 672 miruopraphus
805 597 908 673 33443,
939 592 989 670 qui
1012 609 1028 653 a
1050 591 1185 652 iuvenale
1208 591 1323 656 dnobus
1344 593 1390 654 his
1412 611 1487 654 car-

262 679 392 740 minibus
414 678 520 739 aoriter
542 679 713 757 castigatur:

415 779 596 852 Laureolum
617 780 708 862 33433
730 784 818 842 etiem
840 781 913 842 lene
934 777 1078 840 Lentulus
1102 783 1168 858 egit,

415 863 516 926 Indice
537 885 582 928 nee
605 867 711 946 dignus
734 884 808 926 uero
832 883 926 927 33333.

889 947 1028 1021 (4333334.
1053 946 1140 1008 Satir.
1164 945 1237 1007 vtlt.
1260 967 1286 1008 r.
1313 949 1395 1024 484.)

350 1049 488 1122 Quamvis
518 1051 596 1112 enirn
618 1069 705 1114 nemo
734 1051 893 1130 diffiteatur
915 1049 1083 1112 laureolam
1109 1048 1233 1110 tabulam
1257 1048 1364 1123 inisse,
1402 1067 1490 1110 non—

262 1134 336 1195 nulli
370 1141 467 1196 tamen
501 1136 688 1214 suspicantur
719 1135 809 1196 rerho
843 1140 900 1216 eqit
928 1133 1084 1212 significari
1112 1133 1190 1194 iilam
1217 1143 1309 1195 334333
1337 1134 1438 1211 potius
1471 1155 1490 1196 a

263 1219 388 1280 Lentulo
412 1219 556 1282 histrione
579 1239 666 1300 quam
693 1220 729 1282 ab
751 1219 839 1282 huius
867 1219 997 1282 nominis
1025 1225 1114 1298 poeta
1142 1218 1246 1278 litteris
1269 1218 1490 1296 consignatam.

266 1304 343 1376 Quid
375 1323 461 1377 vero,
499 1305 524 1366 si
557 1305 604 1365 4443
638 1315 667 1366 34
699 1305 804 1366 histrio
839 1313 868 1366 et
900 1311 989 1384 poeta
1017 1304 1092 1364 hanc
1121 1302 1275 1382 scripserit
1302 1310 1332 1364 ct
1363 1287 1491 1380 egerit?

261 1387 376 1450 Deinde
403 1408 473 1450 uero
504 1409 536 1450 ea
565 1389 660 1451 sabula
688 1409 749 1451 non
778 1389 813 1450 ab
843 1408 902 1452 reno
932 1398 1043 1450 tanturn
1073 1387 1378 1472 histrioue'actaest.
1424 1388 1491 1450 Gur

265 1493 335 1550 ergo
357 1473 498 1535 Lentulus
522 1475 604 1534 solus
626 1474 805 1546 nominatur,
836 1473 894 1534 nisi
916 1473 993 1534 illam
1017 1473 1127 1553 scripto
1150 1491 1267 1552 quoquc
1289 1471 1490 1534 tradidisset?
1576 1467 1577 1504 i

350 1557 484 1622 Cetermn
514 1559 610 1620 minus
640 1559 734 1620 adhuc
763 1560 900 1638 frequens
928 1557 1048 1619 Hostilii
1076 1557 1268 1636 mimographi
1296 1555 1327 1616 in
1356 1557 1488 1618 aliorum

262 1641 346 1702 libris
370 1644 621 1704 commemoratio.
666 1643 816 1704 Prisciano
839 1651 936 1704 433333
960 1642 986 1702 34
1009 1642 1095 1702 irdem
1116 1641 1236 1712 habeas,
1260 1641 1402 1703 Hostilius
1417 1641 1487 1702 En-

261 1726 303 1785 nii
327 1727 493 1813 exemplum
516 1737 635 1790 secutus
658 1729 777 1790 annales
795 1728 919 1788 Romani
940 1727 1043 1806 populi
1065 1726 1167 1787 stricto
1185 1745 1323 1787 sermone
1339 1726 1491 1786 ediderat:

261 1810 362 1886 Potuit
384 1831 454 1890 ergo
479 1813 608 1873 scribere
631 1812 717 1872 etiam
740 1812 917 1874 comoedias.
963 1811 994 1870 Si
1017 1811 1083 1889 quis
1106 1830 1195 1890 porro
1218 1811 1253 1870 de
1276 1811 1325 1872 iilo
1348 1819 1378 1872 et
1399 1811 1486 1872 Len-

261 1895 323 1954 tulo
346 1896 467 1957 meliara
491 1897 683 1975 suggesserit,
706 1907 875 1977 pergratum
898 1896 984 1956 nobis
1007 1896 1102 1956 laeiet.

759 2117 925 2168 rarrcutus
946 2118 975 2166 3.
1015 2083 1024 2094 ’

264 2219 334 2268 Quam
359 2219 474 2273 perspicue
493 2220 643 2263 Tertullianus
668 2221 803 2263 demonstret
827 2221 895 2262 salsos
922 2232 972 2262 esse
997 2221 1111 2274 gentilium
1130 2221 1184 2262 deos
1203 2231 1228 2262 ex
1246 2219 1323 2262 litteris
1341 2219 1488 2266 histrionum.

265 2297 277 2327 3
302 2286 381 2338 quibus
405 2299 468 2338 voce,
492 2295 563 2340 gestu,
588 2293 656 2336 motu.
682 2295 745 2330 cantu
772 2288 995 2342 repraesentabantur
1013 2287 1050 2330 Sol
1074 2287 1153 2340 lugens
1172 2285 1247 2339 lilium,
1272 2287 1352 2342 Cybelo
1367 2295 1485 2341 pastorem

416 2355 538 2408 suspirem,
556 2353 613 2396 loris
633 2355 712 2408 elogia,
737 2355 835 2405 lunonis,
854 2354 945 2398 Veneris
964 2363 985 2398 et
1002 2355 1111 2398 ldinerrne
1130 2355 1243 2408 iudicium,
1261 2363 1326 2409 atque

605 2423 751 2476 ignominiosa
769 2423 878 2466 itinerare
897 2430 918 2465 et
936 2423 1037 2466 herculis
1056 2413 1135 2477 imago.

345 2533 388 2594 hd
404 2535 565 2598 histriones
581 2537 684 2598 transit
695 2537 892 2600 Tertullianus
915 2537 1068 2616 palamque
1091 2537 1157 2598 iacit
1179 2537 1214 2598 ab
1237 2537 1284 2598 his
1307 2537 1379 2597 deos
1407 2555 1484 2598 suos

258 2623 325 2678 nori
343 2619 450 2682 minori
472 2639 558 2699 quam
581 2641 596 2682 a
618 2621 716 2704 poetis
739 2621 864 2683 ludibrio
888 2621 999 2682 haberi.
1043 2621 1114 2682 Nam
1145 2621 1326 2683 histrionum
1349 2622 1485 2698 litterae,

260 2702 302 2763 ait
323 2703 381 2776 ilie,
406 2725 519 2767 omnem
540 2707 713 2785 foeditatem
735 2725 839 2769 torrem
861 2709 1016 2784 elesr'gnont
1039 2706 1221 2780 (Tertullian.
1237 2707 1391 2785 Apologet.
1415 2725 1483 2785 cap.

260 2791 334 2861 ts),
357 2789 493 2868 illamque
515 2809 602 2864 voce,
632 2792 721 2862 faeie,
751 2793 884 2869 corporis
906 2791 1050 2864 motibus,
1079 2799 1161 2852 reste
1184 2802 1213 2851 et
1234 2791 1400 2870 insignibus
1423 2809 1481 2851 ex-

258 2872 399 2965 primunt.
444 2875 518 2948 Quis
548 2877 697 2936 enimvero
727 2877 822 2936 nescit
850 2876 1023 2948 histriones,
1053 2876 1089 2937 de
1112 2875 1217 2956 quihus
1240 2876 1323 2954 plura
1346 2875 1481 2936 Valerius

259 2957 402 3019 Maximus
426 2960 545 3020 tradidit
566 2961 637 3036 (Vol.
661 2961 735 3040 hiat.
758 2958 807 3020 lib.
830 2960 866 3021 11.
890 2979 951 3040 cap.
976 2964 1005 3022 4.
1028 2965 1057 3036 ᾖ.
1081 2963 1134 3032 tt,
1164 2969 1279 3020 actores
1302 2961 1392 3021 luisse
1412 2968 1480 3020 tra-

260 3043 429 3120 goediarum
452 3064 486 3105 33
508 3046 745 3118 comoediarum,
779 3045 829 3123 qui
858 3045 982 3106 deornm
1010 3043 1481 3124 aliorumque*repraesentabant

257 3127 428 3203 personas?
471 3130 507 3189 ht
529 3147 590 3202 cur,
619 3129 732 3208 inquiet
753 3129 868 3208 aliquis,
891 3129 1087 3191 Tertullianus
1109 3147 1168 3190 333
1192 3129 1392 3200 hortantum,
1422 3129 1479 3189 sed

259 3210 316 3269 alio
339 3211 433 3272 adhuc
461 3213 490 3272 in
518 3213 610 3286 libro,
647 3232 706 3274 nou
740 3213 811 3274 dixit
844 3215 1020 3285 histriones,
1059 3217 1110 3276 sed
1143 3215 1325 3276 histrionum
1357 3213 1480 3276 litteras

208 3309 212 3318 ·
260 3293 445 3364 (Tertullian.
469 3297 518 3357 lib.
542 3297 563 3358 4.
587 3297 623 3358 ad
646 3298 710 3359 Nat.
734 3317 796 3376 cap.
823 3297 908 3374 tuni
952 3299 1035 3371 Quae
1058 3307 1128 3360 sunt
1149 3298 1204 3360 hac
1225 3299 1403 3360 histrionum
1425 3298 1476 3358 lit-

259 3377 361 3462 4333334
386 3379 510 3451 Quidam
527 3401 595 3442 vero
612 3383 721 3460 opinati
738 3392 806 3443 sunt
821 3384 862 3443 ihi
884 3383 1038 3461 legendnm
1064 3383 1175 3445 latera:
1199 3384 1249 3444 sed
1274 3402 1352 3443 mera
1375 3382 1479 3462 suspi-

257 3461 303 3522 cio
333 3471 394 3537 est,
428 3464 536 3525 nuliius
566 3467 675 3527 codicis
705 3466 773 3528 tulta
796 3468 976 3528 auctoritate.
1021 3468 1097 3542 Quid
1121 3475 1234 3541 autem,
1266 3468 1292 3526 si
1314 3467 1477 3528 litterarum

257 3548 378 3608 nornine
401 3548 564 3628 significare
585 3551 711 3611 voluerit
733 3570 783 3622 ea,
813 3571 887 3630 quae
909 3551 1087 3613 histrionum
1110 3571 1179 3614 voce
1202 3561 1230 3612 et
1252 3553 1385 3632 corporis
1408 3570 1475 3612 rno-

257 3631 335 3692 tihus
370 3633 600 3707 exhibebantur,
636 3635 688 3696 scd
721 3635 803 3715 prius
832 3657 847 3696 a
878 3637 976 3716 poetis
1010 3638 1119 3716 scripto
1149 3645 1178 3697 ct
1204 3637 1310 3698 litteris
1345 3635 1478 3698 tradita?

256 3716 346 3789 Nam,
380 3719 421 3779 uti
445 3719 622 3796 Augustinus
651 3719 705 3781 ait:
746 3719 826 3792 Quid
847 3734 919 3784 3334
941 3724 980 3784 ad
1002 3721 1055 3784 hoc
1077 3721 1186 3784 malurn
1209 3721 1358 3783 Mercurii
1376 3723 1476 3801 steria,

260 3802 382 3865 Veneris
405 3803 539 3874 lascivio,
563 3816 671 3883 stupra
693 3825 728 3866 ac
752 3808 953 3885 turpitudines
978 3821 1152 3875 ceterorum,
1176 3826 1248 3886 qnae
1259 3807 1474 3886 proferremus

259 3889 294 3950 de
318 3889 414 3959 libris,
439 3893 501 3950 nisi
521 3891 649 3968 qnotidie
673 3901 874 3953 cantarentur
897 3903 924 3953 et
940 3891 1132 3954 saltarentur
1148 3896 1179 3953 in
1196 3892 1322 3952 theatris
1339 3892 1475 3969 (August.

257 3971 308 4034 lib.
333 3972 391 4034 vlt.
416 3973 451 4034 dc
473 3973 557 4036 Cirit.
580 3974 631 4035 4434
654 3993 716 4053 cap.
739 3977 813 4052 lin).
857 3977 879 4035 d
909 3975 1014 4053 quihus
1043 3983 1140 4036 autem
1168 3975 1224 4036 nisi
1253 3973 1288 4035 ab
1317 3973 1493 4036 histrioni-¹

258 4056 314 4118 hus
344 4059 534 4120 cantabantur
566 4069 595 4118 et
623 4058 817 4134 saltabantur,
851 4069 1006 4138 postquam
1034 4079 1049 4120 a
1073 4061 1169 4138 poetis
1197 4059 1315 4139 scriptis
1338 4061 1474 4120 mandata

258 4142 397 4203 43333344

344 4224 540 4289 Tertullianus
563 4236 660 4289 autem
683 4247 803 4301 eornm,
837 4246 910 4306 quae
939 4228 974 4289 ab
996 4227 1190 4288 histrionibus
1218 4227 1275 4289 44443
1297 4229 1327 4288 43
1350 4228 1475 4288 deorum

138 4377 148 4398 Ι
258 4327 381 4370 suorum
415 4313 618 4374 contumeliam
652 4331 857 4392 summumque
889 4313 1015 4374 dedecus
1045 4311 1220 4391 agebantur,
1256 4314 1329 4374 hacc
1361 4314 1476 4392 profert

259 4395 405 4472 exempla:
440 4396 532 4476 Luget
555 4397 608 4460 Sol
628 4397 726 4480 filium
754 4399 921 4461 detractam
949 4400 983 4459 de
1013 4400 1093 4460 reela
1115 4397 1296 4472 (Tertullian.
1319 4397 1474 4476 Apologet.

259 4496 321 4556 cap.
348 4483 419 4556 45.).
463 4480 495 4541 43
519 4483 697 4544 membranis
721 4483 831 4542 nostris
855 4491 883 4543 et
910 4481 1123 4561 antiquioribus
1145 4481 1270 4562 Rigaltio
1294 4482 1473 4544 editionibus

258 4567 402 4626 iactatam
425 4567 458 4627 de
482 4567 576 4638 eaelo,
610 4567 686 4628 haud
709 4567 795 4628 dubie
818 4565 1047 4640 Phaethontem,
1080 4567 1163 4628 errius
1192 4575 1262 4628 nota
1292 4575 1337 4628 est
1364 4565 1474 4627 tabula.

258 4647 291 4710 ln
313 4649 409 4730 prinro
431 4649 621 4712 nihilominus
643 4651 679 4712 ad
700 4651 841 4712 Nationes
864 4651 939 4712 libro
961 4651 1100 4731 legimus:
1124 4651 1178 4713 Sel
1200 4652 1279 4732 luget
1292 4651 1390 4733 filiam
1404 4650 1473 4731 [34-
1524 4719 1527 4731 ,
