3144 5236
487 395 623 440 aooross
643 395 702 438 mc.
725 394 762 438 ιε
785 395 912 440 nonnos.
1255 383 1317 448 203

99 557 150 608 roto
168 547 346 609 mortrado
368 557 423 616 ert,
453 544 551 608 Filius
573 563 646 609 uero
670 546 816 608 deriootio
840 549 934 609 totius
956 557 987 607 et
1003 551 1117 625 portio,
1146 550 1225 612 sicut
1250 553 1314 628 ipae

95 631 269 710 profitetur:
296 631 377 704 Quia
399 628 491 693 l'oter
512 635 612 692 molor
633 649 679 691 nte
701 642 746 692 ost
767 629 860 700 (loan.
883 629 956 690 XIV.
979 632 1053 706 us).
1099 630 1204 692 Totam
1226 631 1315 709 igitrrr

97 714 256 788 celsitatis,
287 714 432 792 inquiunt,
456 713 653 775 substantiam
675 712 873 774 Tertullianus
895 713 925 774 in
956 714 1043 775 Patre
1070 721 1173 793 utpote
1200 716 1313 778 maiore

96 807 117 856 ct
135 799 161 858 in
182 798 263 859 Filio
286 807 389 878 utpote
416 797 531 860 minore
560 806 675 877 partem
703 805 816 859 tantum
846 816 880 859 ac
900 798 1070 876 portionem
1092 816 1160 862 esse
1183 799 1311 862 arbitra-

96 891 132 942 tus
152 893 201 944 est
224 882 359 958 (Tertull.
383 881 432 944 lib.
456 883 518 943 adv.
543 882 627 942 Prax.
651 899 714 961 cap.
735 884 790 957 9.).
1233 941 1236 948 ,

136 967 280 1044 Urgent
300 967 329 1027 id
360 965 456 1027 adbuc
482 966 525 1028 ab
551 966 602 1027 illo
631 967 742 1040 asseri,
778 965 830 1026 ubi
862 966 1022 1050 absurdum
1055 966 1231 1040 Marcionis,
1260 968 1312 1047 qui

93 1049 258 1112 Patremon
286 1049 398 1128 virgine
421 1059 522 1112 uatum
557 1059 586 1111 ct
607 1069 729 1129 passum
753 1068 821 1110 esse
843 1049 999 1128 garriebat,
1034 1069 1167 1112 errorem
1188 1051 1310 1114 refellit:

94 1133 150 1196 Non
170 1155 296 1214 crepans,
319 1134 423 1224 inqu-it,
446 1133 556 1197 Filium
578 1147 606 1197 et
628 1133 775 1215 Spintum
799 1145 827 1196 et
847 1135 1045 1196 sarbrtontrbm
1075 1139 1223 1198 creatoris
1247 1153 1311 1198 esse

95 1218 234 1283 Christum
258 1225 333 1288 eiua,
357 1219 497 1281 couocdoa
520 1237 639 1281 neccsse
660 1229 707 1281 cst
728 1237 788 1288 eos,
810 1221 861 1298 qui
881 1217 1003 1280 Putrem
1025 1237 1087 1281 non
1106 1224 1310 1297 copnooerr'ut,

95 1321 135 1362 aar
154 1303 267 1364 Filium
294 1320 457 1382 opnoscere
480 1307 618 1382 potuisse
643 1321 701 1382 per
728 1303 858 1364 abradens
887 1303 1074 1364 arclstontr'oc
1098 1304 1307 1374 conditionem,

95 1392 164 1448 rana
182 1388 348 1468 plenitudo
370 1387 520 1450 intellecto
542 1405 605 1449 nou
626 1397 687 1458 est;
710 1387 806 1448 multo
821 1391 914 1465 mopio
928 1391 1039 1464 portio,
1064 1398 1143 1449 certe
1163 1403 1223 1467 quo
1240 1387 1309 1466 plc-

96 1473 230 1534 aitvdiur'a
257 1489 383 1532 consors
407 1469 539 1543 (Tertull.
562 1470 613 1532 lib.
635 1471 687 1531 lll.
708 1470 824 1531 advers.
847 1471 987 1531 llarcion.
1010 1487 1073 1548 cap.
1097 1474 1149 1544 6.).

163 1555 307 1635 benique,
330 1553 380 1616 ubi
402 1555 620 1632 generationem
635 1555 701 1615 Filii
723 1554 776 1614 llei
798 1565 864 1616 cunr
888 1554 951 1615 sole
972 1555 1094 1632 eiusque
1116 1554 1198 1616 radio
1222 1573 1307 1616 com-

93 1641 172 1715 ponit,
193 1641 243 1701 sic
271 1639 367 1702 adbuc
387 1637 532 1718 loquitur:
564 1639 641 1700 Nom
661 1651 690 1700 et
712 1639 793 1700 Dens
817 1643 963 1718 spiritus,·
1002 1651 1030 1700 et
1053 1657 1119 1700 cum
1141 1641 1246 1700 rudius
1269 1657 1308 1701 eto

94 1723 144 1784 solo
160 1729 353 1804 porripr'tur,
382 1728 487 1802 portio
509 1741 547 1785 aar
568 1741 700 1785 summo:
734 1725 787 1784 sod
809 1723 858 1784 sol
878 1728 937 1784 crit
958 1728 990 1784 in
1012 1724 1115 1793 rodr'o,
1139 1728 1209 1804 quio
1230 1723 1306 1786 solis

93 1811 263 1880 tetradius,
296 1827 350 1870 roco
371 1820 536 1888 separatur
556 1809 737 1877 substantio,
766 1808 819 1868 aad
841 1796 1016 1869 ostenditur
1037 1807 1130 1880 (Idem
1151 1807 1305 1886 Apologet.

93 1908 147 1968 vap.
167 1895 240 1968 tn).
272 1892 410 1952 Petavius
433 1891 530 1970 itaque
552 1911 589 1953 ex
609 1891 656 1953 bis
679 1890 818 1953 omnibus
841 1891 991 1952 concludit
1011 1890 1117 1952 Filium
1145 1891 1198 1952 lici
1226 1891 1307 1952 iuxta

92 1973 249 2038 Tertulliani
270 1985 411 2048 rnentcm,
434 1993 494 2037 nun
518 1971 608 2037 tot'am
632 1974 826 2037 substantiam
841 1975 968 2036 divinam
984 1975 1149 2054 possidere,
1172 1976 1227 2036 sed
1241 1975 1307 2038 eius

93 2057 216 2122 duntaxat
247 2061 431 2140 portionem,
464 2077 498 2120 ac
524 2059 650 2139 proinde
679 2079 739 2120 non
768 2059 892 2120 eandem
922 2078 990 2120 esse
1012 2058 1108 2120 Patris
1138 2060 1251 2121 aeterni
1272 2077 1307 2121 ac

93 2139 145 2204 lilii
165 2145 228 2207 eius
254 2144 452 2206 substantiam
472 2152 502 2204 ει
522 2151 668 2206 naturam.

164 2230 274 2290 Tecum
304 2229 330 2288 si
360 2247 410 2290 res
439 2227 477 2288 ita
506 2247 540 2290 se
561 2228 683 2301 habeat,
718 2237 796 2288 certe
819 2227 1018 2288 Tertullianus
1041 2227 1098 2290 sibi
1121 2225 1307 2305 ineptissimo

93 2313 264 2375 contradixit
296 2313 429 2391 Vidimus
453 2313 584 2374 enimin
608 2312 813 2389 superioribus
836 2311 979 2382 articulis,
1000 2330 1086 2390 uuam
1103 2330 1202 2389 saepe,
1218 2329 1306 2389 mam

92 2405 257 2471 constanter,
282 2415 369 2475 quarn
392 2397 520 2458 disserte
542 2407 690 2478 assereret
711 2415 799 2456 unam
824 2396 920 2475 plane,
942 2396 1098 2457 indivisam
1127 2404 1157 2457 ει
1181 2395 1305 2457 eandem

93 2496 148 2540 osse
168 2481 196 2541 in
217 2483 307 2542 Patre
331 2490 361 2542 ει
381 2480 455 2541 Filio
477 2481 679 2542 substantiam.
723 2481 760 2540 Αι
781 2479 806 2540 si
828 2479 920 2540 Filius
942 2480 1110 2559 portionem
1143 2479 1205 2540 sive
1233 2496 1304 2557 par-

92 2571 139 2624 tenr
158 2575 271 2626 tantum
294 2565 371 2627 illius
394 2564 509 2638 babeat,
532 2565 700 2642 electique
723 2581 783 2624 non
806 2563 909 2624 eadem
931 2563 961 2623 in
983 2563 1032 2624 illo
1055 2573 1141 2641 atque
1163 2564 1193 2625 in
1207 2563 1304 2636 Patre,

91 2649 134 2708 sed
163 2651 249 2712 sicuti
278 2667 347 2728 pars
377 2669 393 2710 a
420 2657 485 2710 toto
513 2648 607 2710 divisa
636 2658 680 2710 εει
702 2648 804 2727 (Supr.
835 2648 891 2709 boc
922 2647 991 2725 Cap.
1012 2649 1074 2708 Art.
1100 2650 1150 2721 1.).
1194 2646 1305 2708 Contra

92 2747 150 2792 roro
172 2733 379 2804 Tertullianus,
403 2733 446 2794 uti
467 2733 605 2805 vidimus,
636 2732 667 2792 in
689 2732 746 2794 alio
770 2732 910 2792 adversus
933 2730 1111 2790 Marcionem
1133 2731 1209 2791 libro
1233 2729 1305 2792 baec

91 2813 181 2877 littoris
203 2819 240 2880 de
263 2818 313 2878 illo
337 2817 496 2880 mandarit:
519 2817 588 2879 Non
610 2821 724 2878 minori
744 2834 775 2876 rc
799 2816 925 2876 tradidit
948 2819 1047 2876 omnio
1068 2827 1190 2876 creator
1211 2811 1304 2886 (lolem

91 2897 130 2960 lib.
151 2901 194 2962 lv.
225 2903 341 2963 advers.
364 2903 503 2964 llarcion.
532 2919 597 2979 cap.
620 2903 694 2977 Tb).
744 2899 832 2976 Atqui
864 2898 890 2959 si
913 2897 1005 2959 Filius
1036 2915 1124 2957 unam
1157 2897 1305 2958 dumtaxat

91 2983 190 3048 divinae
225 2987 408 3048 substantiae
444 2986 615 3066 portionem
647 3003 664 3044 a
697 2983 782 3043 Patre
816 2982 936 3060 accepit,
972 2981 1037 3050 alia,
1074 2999 1130 3058 qua
1162 2979 1303 3058 privatur,

90 3071 271 3144 mundatio
314 3071 412 3132 minor
453 3079 510 3131 cst.
575 3066 724 3146 Numquid
764 3084 835 3144 ergo
873 3064 1072 3126 Tertullianus
1108 3064 1214 3124 Filium
1250 3063 1303 3124 Dei

88 3151 162 3214 Patre
182 3173 238 3216 suo
262 3155 408 3216 minorem
431 3172 498 3216 esse
520 3151 650 3214 asseruit
672 3160 702 3210 ει
722 3148 863 3228 negavit?
907 3148 981 3222 Quis
1004 3149 1061 3208 boc
1082 3146 1206 3210 credat?

162 3239 238 3311 Quid
260 3258 348 3311 vero,
377 3237 455 3316 quod
477 3239 507 3298 in
529 3235 579 3298 illo
602 3236 652 3314 qui
674 3234 762 3295 nobis
788 3233 929 3295 obiicitur
956 3232 1096 3294 adversus
1123 3232 1303 3294 Marcionem

90 3319 144 3380 loco
170 3323 263 3384 Filius
292 3323 399 3385 dicitur
420 3323 538 3401 quidem
560 3319 744 3382 substantiae
765 3318 879 3380 divinae
898 3323 1012 3398 portio,
1036 3317 1090 3378 sed
1105 3315 1146 3376 ibi
1161 3317 1301 3378 continuo

90 3404 219 3476 adiicitur,
244 3420 324 3470 certa
346 3427 404 3488 orto
422 3406 622 3485 plovitudr'nis
639 3402 793 3466 consors?
823 3401 909 3481 Atqui
931 3403 956 3464 si
979 3401 1027 3463 ille
1050 3401 1232 3464 substantiae
1254 3400 1301 3462 di·
1344 3441 1346 3446 -

89 3488 169 3560 vinae,
190 3509 268 3570 quae
283 3489 501 3570 simplicissima
517 3497 573 3561 est,
595 3497 682 3567 atque
697 3488 727 3549 in
744 3506 780 3564 eo
796 3497 826 3548 ει
838 3487 938 3560 Patre,
960 3494 993 3547 ut
1006 3485 1116 3548 dictum
1138 3485 1174 3548 ab
1197 3485 1303 3546 eodem

90 3570 256 3636 Tertulliano
280 3575 398 3655 saepius
421 3573 697 3639 animadvertimus,
732 3590 794 3634 non
816 3580 988 3651 separatur,
1018 3587 1158 3640 consors,
1190 3569 1301 3639 socius,

90 3663 113 3714 rt
130 3660 275 3740 particeps
296 3669 351 3732 cst,
375 3677 440 3721 eam
462 3659 562 3737 utique
583 3665 676 3718 totam
697 3655 841 3734 possidet.
1235 3734 1240 3744 Ι

161 3743 314 3804 Praeterea
336 3744 362 3805 si
385 3743 501 3804 divinae
532 3740 712 3803 substantiae
745 3740 844 3817 portio
874 3739 936 3800 sive
965 3755 1035 3814 pars
1064 3743 1177 3796 tantum
1205 3734 1302 3810 aliqua

90 3823 166 3886 sitin
188 3827 274 3898 Filio,
295 3828 358 3906 ipsc
381 3828 468 3888 l’ater
490 3845 552 3888 earn
575 3825 718 3902 integram
741 3841 802 3884 oon
824 3822 922 3884 babet.
948 3821 1022 3882 Pars
1044 3819 1122 3879 enim
1145 3817 1223 3878 illius
1245 3815 1303 3875 erit

90 3907 199 3971 inlilio
222 3921 252 3972 ει
275 3929 291 3970 a
312 3913 399 3973 Patre
426 3911 573 3972 distracta.
618 3909 651 3969 ln
680 3907 726 3968 bis
756 3925 826 3984 ergo
854 3905 969 3967 verbis:
1007 3903 1098 3964 Potor
1130 3910 1195 3962 toto
1228 3899 1301 3960 aub-

90 4001 186 4056 stoutto
208 4005 264 4065 ort,
290 3995 384 4058 Filius
407 4013 480 4056 uero
499 3999 614 4075 portio,
637 3991 757 4052 evidens
779 3991 865 4069 plane
888 3985 1079 4068 repugnantia
1095 3983 1300 4062 deprebende—

89 4081 135 4136 tur.
173 4079 267 4139 Unius
290 4080 399 4159 quippe
421 4079 464 4140 rei
493 4097 528 4140 ac
553 4076 740 4157 potissimum
761 4073 1000 4154 simplicissimae
1022 4079 1117 4132 totum
1138 4068 1168 4128 in
1191 4085 1251 4130 uno
1272 4075 1302 4131 et

87 4173 145 4232 pars
170 4163 198 4224 in
227 4163 303 4224 altro
332 4181 402 4224 esse
431 4169 590 4240 nequeunt
635 4160 707 4222 Cum
730 4158 828 4220 nullus
857 4158 954 4236 itaque
977 4163 1036 4216 tam
1058 4151 1202 4247 absurdae
1225 4170 1300 4214 con-

88 4243 256 4308 tradictionis
274 4243 487 4308 Tertullianum
508 4246 683 4308 convincere
704 4243 812 4320 possit,
834 4241 906 4319 quid
926 4247 1027 4310 restat,
1050 4254 1107 4298 nrsr
1122 4243 1155 4297 ut
1169 4235 1301 4298 dicamus

87 4323 155 4388 ilorn
179 4333 335 4409 portionis
364 4329 486 4390 nomine
513 4347 575 4391 non
597 4327 777 4390 intellexisse
797 4332 910 4403 partem
939 4323 1065 4400 aliquam
1087 4320 1202 4416 divinae
1225 4319 1300 4382 sub-

85 4413 203 4484 stantiae,
226 4429 319 4493 quant
340 4413 389 4474 ille
411 4429 467 4472 nec
487 4413 576 4476 dividi
598 4431 653 4474 nec
674 4409 807 4489 separari
829 4426 919 4486 posse
954 4413 1191 4468 constantissime
1213 4421 1299 4464 asse-

88 4497 190 4558 sensit.

158 4581 223 4654 uuo
247 4597 339 4659 ergo,
372 4579 485 4658 inquiet
505 4580 626 4660 aliqrris,
662 4597 752 4642 sensu
774 4593 884 4638 numen
902 4579 1008 4654 portio
1030 4573 1067 4636 ab
1089 4591 1126 4634 eo
1149 4565 1301 4634 sumitur?
