3114 5240
468 335 602 430 aceruus
623 383 683 428 nro.
705 383 744 430 aa
764 383 893 430 noum.
1231 373 1292 436 tat

89 543 117 594 at
138 531 208 594 nihil
234 531 271 594 de
298 531 347 594 his
367 531 559 610 pronuntiare
580 531 695 594 audeat
738 532 798 594 Sed
819 551 880 594 nou
900 539 982 594 tanta
1001 531 1058 594 luit
1077 531 1218 596 timiditas
1238 534 1293 598 lii·

88 615 165 694 galtii,
191 615 241 693 gui
263 623 368 678 contra
388 624 518 695 apertam
540 615 673 678 omnium
693 616 963 695 manuscriptorum
984 615 1188 695 editorumque
1209 619 1293 680 codi-

89 717 145 760 mn
167 698 256 760 tidem
283 699 456 795 paniculum
483 705 535 780 qai
555 717 611 777 pro
632 719 718 781 paca,
747 719 783 762 ac
803 699 911 762 deinde
931 719 1005 781 guas
1027 717 1083 778 pro
1105 720 1181 782 puae
1202 701 1293 764 scribi

87 782 154 844 nala
179 791 278 844 umen
305 783 421 846 reddita
447 784 562 846 ratione
588 783 689 845 voluit
733 783 883 846 habentor
914 791 1012 846 tamen
1045 783 1202 846 tenuimu-
1231 803 1292 848 non

87 865 196 928 mnino
216 865 365 929 infelicem
387 867 480 928 rideri
502 867 578 929 hane
599 866 807 940 coniecturam,
830 867 883 928 sed
905 867 935 928 id
949 867 977 930 ei
992 866 1108 940 decem,
1129 869 1208 947 quod
1221 869 1292 932 nrrl-

85 949 132 1010 ios
156 950 242 1028 plane
270 950 382 1012 codicis
408 951 581 1012 auctoritate
602 951 746 1012 lirmetur.
788 951 1001 1023 atheraldus,
1029 951 1168 1014 audacior
1188 961 1292 1030 postca

84 1033 174 1104 lactea,
201 1033 232 1096 iu
260 1033 343 1096 verbi
367 1035 520 1115 producte
547 1034 646 1096 locum
673 1035 841 1114 suspicatur
868 1035 1106 1098 substituendum
1130 1037 1290 1116 prodacto,

83 1117 178 1188 licat,
198 1126 379 1196 eoasrnnpto
402 1125 432 1180 et
452 1125 582 1196 peracto.
627 1117 716 1180 Suam
736 1136 808 1180 rero
829 1118 1067 1180 emendationem
1088 1118 1214 1198 probare
1236 1139 1290 1182 eo-

84 1209 157 1260 aatnr
176 1199 241 1264 aliis
258 1199 432 1263 Terudliani
453 1201 538 1274 locis,
560 1201 612 1263 ubi
633 1201 736 1264 eadem
752 1201 966 1280 significatione
978 1204 1161 1281 productust
1173 1203 1289 1282 leg'tur.
1343 1229 1347 1238 ,

84 1283 134 1344 Sed
150 1291 267 1362 poterat
290 1284 412 1363 insuper
426 1284 559 1364 quintum
575 1284 747 1347 Tertulliani
762 1285 857 1347 nostri
874 1293 976 1347 contra
990 1285 1168 1348 llaroionem
1182 1286 1291 1350 librum

85 1367 170 1440 citare,
191 1367 242 1430 ubi
266 1368 374 1430 eodem
394 1368 486 1430 verbo
509 1367 643 1430 similiter
664 1387 737 1432 usus
760 1378 817 1430 est.
860 1369 970 1430 Verum
991 1369 1060 1447 quid
1082 1370 1171 1432 iacias
1186 1379 1290 1432 rantra

83 1449 199 1514 atheum
227 1452 366 1514 omnium
392 1452 630 1514 reclamationem
660 1461 690 1513 ct
719 1452 770 1514 ubi
799 1459 902 1514 auctor
927 1451 1051 1514 barbara
1079 1460 1109 1513 et
1128 1453 1291 1532 impropria

83 1534 156 1596 ruba
186 1534 333 1597 adhibet?
377 1535 551 1614 Quicunque
583 1543 682 1598 autem
714 1536 804 1598 luerit
833 1536 898 1598 eius
926 1535 1066 1614 loquendi
1101 1537 1219 1610 modus,
1251 1555 1288 1598 eo

84 1627 168 1696 aperte
188 1617 337 1698 signifieat
357 1619 459 1682 mundi
480 1619 569 1680 linem
591 1628 621 1681 et
642 1619 753 1681 exitum
774 1619 869 1694 (Idem
889 1618 940 1679 lib.
956 1620 990 1679 V,
1011 1619 1127 1680 advers.
1148 1619 1289 1682 Marcion.

84 1719 135 1778 cap
152 1704 205 1777 6.).

151 1785 186 1846 lt
204 1784 346 1864 appellati
367 1785 404 1846 ab
426 1803 465 1847 eo
484 1785 615 1864 insignes
635 1785 745 1866 pietate
766 1793 796 1846 et
816 1784 927 1846 iustitia
939 1784 996 1844 riri
1010 1801 1072 1846 non
1086 1784 1183 1846 solum
1194 1803 1289 1864 proe-

84 1867 224 1940 dicotores,
248 1869 331 1930 sicut
351 1868 401 1930 ille
420 1869 470 1940 ait,
492 1871 621 1943 luerunt,
643 1869 697 1930 sed
719 1869 806 1930 etiam
825 1867 993 1949 prophetae
1014 1869 1049 1930 dr
1072 1869 1175 1948 officio
1192 1887 1290 1947 pros·

83 1949 163 2026 saell,
183 1951 244 2013 sire
267 1953 366 2014 lutura
381 1952 583 2024 annuntiandi,
606 1963 758 2015 cocuntur
779 1951 1287 2030 (Terurllian.dpologet.oap.18.).

83 2031 217 2096 haetmea
249 2039 397 2111 virtuter,
429 2035 491 2096 sive
523 2035 674 2108 miracula,
706 2036 750 2096 ad·
771 2035 860 2096 tidem
890 2037 1056 2098 divinitatis
1084 2035 1288 2097 stabiliendam

84 2115 225 2179 ediderunt.
269 2117 406 2197 Denique
428 2119 549 2200 Spiritu
575 2121 676 2182 divino
702 2120 852 2190 inrtadotl,
884 2118 949 2198 ipsa
975 2118 1072 2179 adhuc
1098 2117 1177 2179 illius
1199 2116 1288 2180 verba

84 2207 147 2270 unt,
165 2201 221 2262 hoc
242 2209 293 2264 est
315 2200 357 2262 ita
377 2201 455 2280 pleni
479 2211 572 2274 erant,
606 2210 639 2264 ut
661 2210 742 2262 extra
764 2202 848 2280 ipsos
871 2203 1004 2262 elllueret
1025 2209 1055 2262 et
1075 2199 1287 2262 effunderetur.

152 2284 230 2355 Quae
259 2292 362 2346 autem
390 2285 427 2346 ab
449 2286 492 2348 eis
514 2285 658 2346 mirabilia
680 2291 710 2345 ct
731 2303 820 2364 supra
841 2292 963 2346 nauuae
985 2283 1121 2346 ordinem
1152 2286 1226 2346 lacta
1253 2303 1288 2346 ae

84 2363 163 2427 lirim
183 2369 304 2430 albeme
327 2367 438 2446 Spiritu
460 2369 608 2448 praedicta
640 2377 720 2441 suut,
749 2369 821 2430 haee
842 2367 942 2428 omnia
963 2371 996 2428 in
1018 2367 1169 2430 thesauris
1192 2367 1287 2444 inquit

84 2465 182 2512 narsum
203 2451 416 2524 Tertullianus,
439 2452 615 2515 litterarum
633 2462 757 2514 namt
779 2451 888 2525 (ibid).
921 2450 980 2512 Sed
1002 2467 1205 2528 quarumnam,
1228 2448 1285 2510 ob·

84 2548 152 2594 aeuo
177 2542 216 2608 te,
243 2533 435 2596 litterarum?
477 2535 543 2596 Non
572 2536 695 2596 aliarum
722 2534 927 2612 preorddubio,
956 2551 1042 2612 quam
1071 2533 1284 2596 hebraicarum.

83 2613 140 2676 Nam
158 2617 220 2694 ipse
240 2617 356 2680 ibidem
376 2629 477 2680 narrat
496 2619 698 2680 Ptolemaeum
712 2617 934 2696 Philadelphum
956 2636 973 2678 a
993 2617 1120 2689 ludaeis,
1141 2617 1192 2695 qui
1215 2616 1285 2678 olim
1324 2632 1330 2642 ’

84 2696 189 2762 hebraei
208 2710 305 2774 eraut,
328 2701 479 2781 accepisse
501 2721 602 2764 earum
624 2703 729 2772 libros,
748 2706 897 2782 propria
919 2719 954 2762 oe
968 2701 1150 2762 vemeniae
1164 2700 1284 2762 litteras

85 2780 174 2860 (ibid),
201 2785 265 2846 sira
293 2785 423 2850 hebraea
450 2785 548 2864 lingum
575 2785 770 2864 conscriptas,
799 2784 876 2862 quia,
905 2791 939 2844 ut
958 2783 1008 2843 ille
1029 2783 1125 2844 adhuc
1145 2781 1285 2859 loquitur,

85 2865 113 2924 ad
135 2867 211 2946 ipsos
239 2887 361 2948 semper
388 2870 550 2948 prophetae
571 2876 784 2948 peroraverant
805 2867 914 2942 (ibid).
959 2866 1067 2944 lloysia
1089 2865 1187 2942 itaque
1209 2863 1284 2924 alio-

85 2965 186 3028 mmuue
213 2971 370 3014 sacrorum
398 2961 496 3014 ratum
524 2952 592 3014 libri
620 2951 759 3032 hebraico
788 2968 926 3012 sermone
953 2948 1056 3028 scripti
1083 2955 1285 3010 remanserant

87 3033 146 3121 ¹apud
164 3035 317 3097 liebraeos
341 3044 372 3096 et
392 3035 528 3108 ludaeos,
557 3035 608 3113 qui
636 3051 689 3095 eos
712 3051 829 3094 summa
851 3039 931 3094 certe
951 3050 1021 3094 cura
1042 3032 1175 3109 integros
1198 3037 1285 3110 atque

86 3127 250 3196 ucoroptos
274 3128 536 3181 conservaverunt
1075 3139 1080 3146 ·

150 3201 205 3262 Sed
225 3221 264 3263 ae
288 3211 388 3264 tantus
409 3203 567 3265 thesaurus
589 3200 668 3279 apud
689 3218 743 3262 eos
767 3199 850 3260 solus
873 3215 991 3277 semper
1011 3197 1126 3270 lateret,
1148 3195 1284 3258 celeber-

86 3279 143 3342 riua
161 3284 285 3347 duorum
315 3303 407 3364 supra
428 3286 614 3366 septuaginta
637 3284 789 3346 seniorum
811 3280 1055 3361 interpretatione
1076 3299 1142 3342 cum
1166 3279 1285 3342 Graccis

85 3365 198 3442 lunum,
219 3388 254 3430 ao
276 3368 386 3430 deinde
407 3388 474 3432 curn
495 3369 560 3432 aliis
582 3367 719 3448 gentibus
742 3367 975 3429 communicatus
996 3372 1053 3426 est
1098 3364 1285 3442 Quapropter

87 3443 275 3514 Tertullianus:
299 3451 362 3514 Nec
383 3457 467 3524 istuc,
490 3453 595 3531 iuquit,
618 3471 719 3514 sacrae
740 3452 864 3530 litterae
877 3449 1076 3525 conetense
1097 3447 1208 3523 (ibid).
1228 3447 1283 3508 dt-
1381 3499 1384 3506 ,

87 3547 130 3606 pre
151 3534 186 3596 ita
213 3536 336 3614 quidem
365 3535 395 3596 in
417 3536 535 3614 Rigaltii
557 3535 698 3596 editione.
742 3535 779 3596 ht
799 3529 1068 3612 in‘antiquioribus
1090 3529 1178 3591 editis
1201 3536 1232 3590 et
1252 3529 1284 3589 in

87 3618 176 3678 tuuis
207 3619 420 3698 manuscriptis
442 3618 593 3681 codicibus
614 3617 785 3679 adverbium
807 3635 889 3680 auec
910 3617 1003 3677 abest.
1046 3613 1107 3674 Nec
1128 3611 1193 3672 iure
1215 3611 1282 3689 qui-

87 3693 136 3758 ea
158 3719 283 3778 prorsus
312 3702 471 3764 immerito.
516 3701 715 3763 Tertullianus
744 3700 890 3782 siquidem
918 3699 1064 3777 significat
1090 3695 1154 3755 illas
1183 3709 1284 3754 nona

88 3793 128 3838 ⁸⁰⁰
145 3783 301 3859 dumtaxat,
325 3786 379 3847 scd
402 3785 526 3864 abipso
550 3785 739 3858 Graecorum,
762 3783 806 3844 uti
827 3782 965 3856 diximus,
988 3781 1183 3856 interpretum
1205 3783 1282 3835 tcm-

86 3875 141 3935 ΡΜ
157 3885 213 3929 uon
234 3869 360 3930 labriam
381 3869 517 3947 amplius.
1189 3938 1195 3951 Ι

151 3950 272 4021 llumdo
296 3961 395 4013 autem
417 3959 447 4013 et
468 3949 617 4030 monsedo
639 3950 713 4011 baec
733 3967 837 4028 graeca
859 3963 1012 4010 sacrarum
1028 3942 1173 4004 librorum
1187 3946 1283 4000 anter-

88 4033 185 4100 lttutio
205 4035 242 4096 ab
264 4035 304 4096 iis
328 4033 468 4096 adornata
490 4035 588 4104 luerit,
609 4034 689 4094 hunc
709 4031 758 4093 ille
780 4030 947 4110 explicatio
962 4025 1100 4088 modum:
1121 4022 1194 4084 Cum
1208 4022 1283 4084 Pto·

88 4105 199 4188 hum,
223 4125 423 4195 cognomenta
446 4117 666 4195 Philadelphus,
698 4115 905 4176 bibliothecam
928 4127 1012 4171 suam
1035 4106 1117 4202 omni
1138 4123 1282 4184 quorum-

88 4205 177 4272 nuqua
195 4199 343 4262 librorum
366 4201 546 4279 supellectile
567 4199 746 4277 locupletare
776 4197 874 4270 uellet,
904 4194 940 4256 ab
962 4191 1077 4252 ludaeis
1107 4197 1284 4267 suggerente

86 4267 209 4342 bruenio
230 4283 379 4346 Phalereo
411 4284 550 4363 poposcit
572 4291 603 4342 et
622 4280 790 4360 impetrarit
810 4296 912 4341 saeros
937 4275 1055 4336 illorum
1077 4271 1206 4366 entheca,
1227 4271 1281 4332 he·

88 4351 164 4421 ἦα
182 4377 318 4428 exaratos
339 4375 371 4428 et
390 4367 472 4428 riros
496 4365 680 4445 septuaginta
702 4365 789 4434 duos,
812 4361 862 4440 qui
877 4359 944 4420 illos
959 4358 992 4420 ia
1006 4371 1141 4434 graecam
1154 4353 1283 4430 linguan

88 4441 282 4512 iustumne.
327 4450 406 4510 Tum
431 4449 541 4510 ibidem
568 4447 673 4510 adiecit
693 4447 803 4508 hector
829 4449 950 4504 noster:
986 4437 1284 4533 Quoeulleaedemua

88 4537 176 4604 W
192 4532 395 4612 retempto·
414 4534 623 4612 providentioe
645 4531 757 4592 aledea
778 4526 865 4602 (male
887 4524 918 4586 in
939 4541 1001 4586 urio
1022 4521 1123 4586 codiee
1143 4519 1283 4580 laureae
