3126 5250
298 361 365 434 πθ
397 375 590 422 nrssnnrsrro
605 376 637 422 ns
652 376 706 428 co„
716 375 801 424 saar.
815 375 1112 426 istomacantium
1125 373 1339 420 aronooarrena
1352 374 1425 418 cars.

297 528 485 609 Xanthippen
511 527 709 612 uesauadpar
737 547 820 604 πως,
850 525 1006 606 aliquando
1032 526 1232 606 vulgatiorem,
1260 543 1322 590 anm
1345 543 1394 604 qua
1415 524 1470 586 ιιιιι

298 614 349 681 ille
369 630 548 693 congressus
568 612 772 692 Lamproclem
793 611 884 674 lilium
907 611 1049 692 suscepit

382 699 426 764 lle
456 704 582 777 uuoqae
617 715 707 778 porro
741 705 772 758 et
803 697 924 758 Socrate
955 704 985 758 et
1015 696 1126 758 Catone
1158 695 1267 758 addidit
1294 693 1471 756 Tertullianus:

298 784 407 850 Nescio
428 783 607 865 quidenna
628 785 741 847 s'uoa’tos
762 799 870 846 uxorea
899 798 970 844 suas
992 781 1094 844 amicis
1117 781 1181 844 suis
1202 781 1233 842 in
1253 777 1420 842 matrimonio
1436 777 1470 836 lo-

298 868 437 934 caverint.
468 867 534 940 Quo
557 867 636 930 enim
657 875 743 946 pacto
762 867 826 928 lieri
847 863 944 946 potuit
964 873 997 928 ut
1016 865 1072 928 hae
1093 867 1167 928 duae
1188 883 1294 928 uxores
1314 882 1330 925 a
1349 863 1409 926 siris
1425 861 1472 922 suis

297 961 422 1034 capum
442 951 530 1014 invite
552 951 617 1012 aliis
638 951 723 1014 datae
743 949 826 1012 sint‘l
867 949 973 1012 Nonne
1000 969 1071 1030 ergo
1091 951 1200 1014 ductor
1220 957 1320 1012 postu
1339 948 1372 1010 ad
1390 944 1470 1010 huod

297 1038 387 1100 rerba
420 1035 558 1099 allusisse
584 1036 710 1109 ridetur,
743 1034 850 1115 quibus
871 1035 974 1098 llartic
996 1035 1146 1110 damnem,
1177 1034 1219 1098 uti
1248 1034 1375 1106 diximus,
1402 1033 1471 1094 omn

298 1142 386 1188 suum
408 1122 453 1184 sic
473 1121 598 1184 allocuta
618 1121 714 1184 luisse
734 1117 930 1200 perhibetur?
1033 1188 1060 1208 ,υ

451 1206 532 1268 llum
553 1209 676 1286 sanquis
699 1210 808 1276 iuerat,
832 1205 902 1267 dum
923 1207 969 1266 uis
990 1213 1139 1276 materna,
1158 1209 1264 1286 perspi

450 1290 542 1352 Iussa
565 1290 637 1353 Coto
660 1301 690 1353 et
709 1294 841 1368 qemauos
863 1291 963 1369 accepi
982 1290 1066 1369 foeta
1089 1295 1228 1361 maritos,

454 1374 621 1438 Visceribus
646 1374 736 1438 lassis
754 1384 908 1455 portuque
929 1373 1078 1436 wlausta
1099 1384 1251 1450 emmane,

450 1459 516 1522 lom
537 1459 620 1522 ualli
638 1460 786 1522 tradendo
806 1463 892 1520 ciro:
915 1459 954 1520 do
973 1441 1100 1537 socdira
1117 1463 1219 1539 prisci

450 1543 575 1606 Illibata
597 1548 668 1614 tori,
691 1545 729 1606 da
751 1552 869 1606 sautum
888 1561 996 1604 uomere
1020 1547 1110 1604 s'uaue

452 1629 608 1701 Gouuudis',
632 1628 719 1691 liceat
740 1627 856 1690 tumulo
878 1631 1053 1707 serpsisse:
1077 1627 1201 1690 Catonis

452 1712 576 1782 Martio,
598 1731 653 1776 uec
675 1713 798 1777 dubious
819 1711 909 1792 lorsqo
931 1723 1099 1792 quaeratur
1119 1715 1152 1773 iu
1174 1731 1248 1776 oeuo

450 1797 597 1860 Mutarim
615 1801 741 1877 primas,
765 1795 893 1877 repulso
914 1814 954 1858 ars
977 1797 1098 1866 tradita,
1122 1798 1237 1861 taedas.

1040 1880 1159 1956 (Ιιιιιιιι.
1181 1881 1234 1945 lib.
1257 1881 1292 1944 11.
1313 1896 1339 1940 ι.
1359 1878 1427 1950 iit.)
1451 1955 1456 1966 .

381 1963 455 2026 Nem
477 1964 518 2027 ibi
538 1966 657 2044 quidem
678 1964 849 2044 postulasse
871 1963 986 2036 dicitur,
1009 1973 1041 2028 ut
1061 1973 1180 2027 mortuo
1204 1963 1358 2028 flamensis
1384 1961 1439 2036 inp
1458 1989 1470 2002 ·
1531 1981 1532 2020 ι

298 2047 409 2110 stinum
437 2050 658 2112 matrimonium
683 2069 701 2110 a
729 2049 839 2111 (latone
866 2049 1033 2128 recipiatur.
1077 2049 1136 2111 Sed
1163 2051 1242 2114 hanc
1267 2045 1400 2130 petitionis
1418 2057 1468 2101 suns

298 2134 384 2196 allent
409 2134 565 2208 radonem,
595 2143 628 2196 ιιι
654 2125 768 2214 poste'ri
796 2134 890 2195 sciant
917 2153 951 2194 se
972 2153 1032 2195 non
1054 2134 1203 2214 repulsam
1226 2145 1256 2197 et
1275 2132 1423 2214 reponam
1438 2122 1465 2184 ιιι

297 2217 365 2298 ipso
388 2218 507 2292 Catone,
531 2237 547 2280 a
569 2237 628 2299 quo
651 2218 756 2280 tradita
777 2217 935 2281 Hortensio
957 2219 1061 2280 luerat.
1103 2219 1148 2280 ab
1169 2220 1221 2282 illo
1242 2227 1340 2282 autem
1357 2211 1408 2278 hodi
1422 2225 1463 2286 Ρι-

189 2365 196 2376 ,
296 2303 355 2364 tuit
376 2321 432 2364 nec
451 2303 540 2364 inrita
560 2323 616 2365 nec
636 2319 814 2383 repugnans.
856 2302 931 2375 Quia
953 2313 1052 2366 tamen
1072 2303 1156 2383 prins
1179 2304 1294 2368 dixerat
1305 2302 1389 2386 perqi
1398 2301 1463 2358 tusa,
1531 2347 1532 2396 1

298 2387 396 2468 colligi
417 2394 519 2467 potest
540 2407 605 2450 eam
626 2396 727 2450 eontm
748 2387 927 2450 voluntatem
950 2407 1034 2450 suam
1055 2386 1183 2467 primum
1206 2389 1357 2469 reliquisse
1372 2379 1467 2471 munt
1531 2443 1532 2458 ἶ

298 2479 329 2533 ιι
355 2472 516 2536 secundum
544 2473 704 2551 accepisse.
747 2471 814 2536 Non
841 2472 917 2534 male
943 2471 1033 2551 igitur
1054 2473 1253 2538 Tertullianus
1276 2477 1375 2536 latetur
1391 2465 1415 2528 id
1429 2460 1469 2522 chr

298 2575 367 2618 esse
387 2557 542 2618 incertum.
573 2557 633 2619 Sed
655 2565 802 2636 utcunque
822 2575 873 2618 res
895 2575 928 2618 se
949 2556 1064 2628 haheat,
1086 2557 1123 2618 ab
1144 2559 1201 2621 hac
1220 2578 1335 2622 morum
1348 2543 1471 2644 ourrtpldi

295 2641 384 2720 longe
416 2642 539 2703 aberant
569 2641 746 2714 Christiani,
779 2641 829 2720 qui
860 2659 944 2704 sacra
975 2640 1115 2704 connubii
1147 2643 1212 2706 iura
1245 2663 1262 2705 a
1293 2644 1351 2706 lieo
1379 2631 1472 2728 salsis

296 2745 414 2788 summo
446 2744 566 2806 semper
595 2727 694 2790 studio
726 2733 806 2788 sarta
833 2734 909 2788 tecta
936 2726 1100 2788 servabant
1145 2727 1203 2790 Sed
1231 2726 1373 2808 quomodo
1397 2719 1421 2780 id
1440 2714 1474 2776 dle
1531 2753 1532 2804 q

1520 449 1524 509 i

296 2813 461 2884 confirmet,
483 2811 514 2872 in
536 2810 729 2892 subsequenti
750 2811 881 2884 articulo,
897 2811 930 2872 ‘si
951 2809 1041 2884 hehet,
1064 2812 1305 2877 examinabimus.

799 3029 964 3082 sustentus
983 3031 1009 3079 t.

296 3134 413 3186 Quomodo
431 3133 579 3178 Tertullianus
599 3135 734 3178 demonstrat
751 3134 866 3178 maximam
890 3133 958 3177 misse
977 3133 1153 3176 Christianorum
1171 3137 1294 3178 castitatem
1312 3141 1333 3176 et
1347 3128 1442 3187 genitium
1455 3121 1478 3163 ‘tn-
1531 3183 1532 3190 ἵ

296 3201 467 3245 confluentiam:
496 3201 546 3244 illos
572 3213 648 3244 serum
667 3203 786 3244 lemineum
804 3213 849 3244 non
866 3208 971 3252 mutasse,
996 3207 1110 3256 corruptos
1132 3213 1185 3244 vero
1204 3215 1217 3246 a
1236 3202 1324 3246 Socrate
1342 3199 1482 3243 adolescemus

297 3267 434 3312 Christianos
451 3268 556 3311 uxoribus
573 3269 620 3311 suls
638 3269 710 3312 datam
728 3268 794 3312 iidem
812 3280 927 3320 serrasser
945 3268 1076 3324 Aristippum
1094 3269 1178 3323 perdite
1197 3271 1306 3313 amavisse
1323 3269 1412 3323 Phrynen
1427 3267 1478 3303 merc·

295 3335 376 3379 tricem
393 3347 420 3379 ac
430 3334 576 3391 Speusippum
594 3336 687 3390 perticas
704 3335 727 3380 ia
744 3335 865 3380 adulterio:
885 3335 1021 3380 Christianos
1038 3336 1105 3379 salvis
1123 3337 1195 3380 oeulis
1215 3345 1236 3380 at
1254 3348 1321 3382 casca
1338 3335 1404 3380 animo
1418 3327 1479 3371 ιιιῑιιι

295 3401 410 3454 muheres,
434 3413 489 3457 quaa
515 3403 654 3448 Damocritus
678 3415 706 3447 ne
725 3403 899 3458 concupisceret,
924 3415 948 3446 sc
966 3404 1104 3448 excaecarit:
1128 3405 1229 3449 ethnicos
1247 3406 1384 3450 christianam
1400 3397 1480 3443 ramam

382 3470 410 3514 ad
426 3470 532 3514 lenonem
548 3470 621 3527 potius
639 3482 705 3525 quana
724 3471 811 3514 leonem
829 3471 953 3515 damnando
971 3483 1034 3514 suam
1052 3471 1175 3526 prodidisse
1194 3472 1380 3529 intemperantiam
1396 3475 1415 3512 st

746 3537 919 3581 Christianorum
938 3539 1067 3582 castitatem.

379 3652 521 3714 Nostrum
543 3651 759 3730 subsequamur
771 3652 984 3716 Auctorem-ac
1004 3654 1154 3716 rideamus
1176 3653 1324 3733 quemme
1345 3649 1481 3714 inchoatam

296 3738 334 3800 de
356 3737 591 3800 Christianorum
614 3736 856 3818 ethnicorumque
877 3738 1011 3800 castitate
1032 3739 1281 3817 comparationem
1303 3737 1482 3818 prosequpllfi

297 3823 498 3894 Christianus,
522 3822 626 3900 inquit,
649 3823 689 3884 od
710 3841 816 3886 secura
836 3841 890 3884 uec
917 3825 1046 3902 samium
1072 3834 1170 3886 mutat
1196 3823 1374 3896 (Tarudlian.
1394 3812 1481 3896 Apolo-

295 3915 355 3988 get.
377 3927 440 3988 cap.
462 3910 538 3984 46.).
581 3906 624 3968 lta
645 3906 762 3986 quidem
784 3907 815 3968 in
836 3907 965 3970 editione
986 3907 1113 3987 Rigaltii,
1133 3907 1182 3988 qui
1206 3908 1343 3971 observat
1362 3905 1404 3966 his
1422 3900 1482 3960 duu-

293 3993 351 4056 bus
372 3993 471 4054 verbis
499 3995 539 4055 od
559 4009 664 4054 secum
684 3994 816 4071 seminas
843 3992 922 4054 idem
944 4011 1012 4054 esse
1036 4011 1071 4054 ae
1095 3993 1255 4056 femineum
1280 4008 1379 4055 sexum
1397 3987 1482 4048 malai·

296 4075 357 4138 Sed
381 4078 459 4140 unde
482 4077 558 4140 hanc
578 4076 734 4138 lectionem
756 4077 927 4156 sumpserit,
956 4094 1013 4138 nec
1043 4077 1108 4156 ipse
1136 4097 1192 4139 nec
1211 4077 1259 4140 alii
1281 4077 1344 4138 ιίιιι
1366 4079 1483 4150 seqstatts

295 4159 384 4223 nobis
406 4161 617 4224 indicaverunt.
660 4162 695 4222 ln
716 4161 828 4224 nostris
850 4170 948 4224 autern
970 4161 1120 4225 codicibus
1152 4160 1359 4241 manuscriptis
1384 4153 1483 4228 absque

296 4245 434 4308 omnibus
457 4247 542 4310 editis
563 4247 702 4326 legimus:
725 4246 837 4312 Secum
856 4265 911 4309 uec
931 4246 1092 4325 feminarum
1111 4257 1209 4310 ιιιιιιιιι
1231 4247 1421 4310 Clera'sss'acus.
1440 4237 1483 4295 ¹1⁰⁰

296 4337 352 4402 cst,
373 4339 407 4392 ut
420 4331 553 4411 Apostoli
575 4331 673 4394 verbis
694 4339 822 4404 ιιιιιιιιιι,
843 4331 1051 4394 masculorum
1073 4333 1248 4396 concubitus
1269 4347 1329 4392 non
1350 4335 1393 4392 ost
1410 4313 1483 4398 (Pali

295 4413 390 4493 Epist
412 4413 449 4476 ll.
477 4417 514 4477 ad
543 4416 610 4478 Cor.
639 4435 701 4497 cap.
726 4418 755 4480 6.
783 4436 811 4477 v.
836 4419 885 4480 10.
914 4423 945 4477 et
964 4415 988 4476 1.
1017 4416 1054 4478 ad
1082 4416 1211 4478 Timotb.
1239 4435 1302 4494 sap.
1327 4418 1354 4478 1.
1380 4430 1404 4472 v.
1426 4403 1483 4495 103)-

294 4498 371 4561 Nam
391 4498 433 4560 ibi
452 4500 562 4562 Auctor
583 4509 687 4564 nomer
702 4501 883 4562 Christianos
905 4500 1030 4579 opponit
1049 4501 1174 4574 Socrati,
1202 4501 1238 4562 de
1259 4518 1317 4579 quo
1338 4499 1406 4558 haec
1423 4502 1482 4552 sall·

294 4583 357 4652 bit:
378 4583 454 4665 Lean
471 4595 592 4665 partem
607 4590 771 4654 sestertias
784 4587 900 4653 Atticae
913 4588 946 4650 iu
960 4583 1130 4656 Socratem:
1155 4594 1320 4667 corruptor
1333 4578 1483 4646 cartura·
