3078 5248
410 397 582 440 sorsssnnrr
605 398 731 442 sonoro.
754 397 934 442 onnrnsnns.
1220 381 1282 446 529
1366 399 1369 406 ⁴

71 547 206 612 alihello
229 547 265 608 de
287 546 466 627 Spectaculis
487 547 677 608 Ilontanismi
699 547 962 626 reprehensionem
983 547 1155 621 excludunt,
1177 567 1282 629 ᾳιιιιιιι-

73 653 160 714 qnam
186 631 267 694 nullo
296 641 535 710 argumentorum
557 631 667 694 colore.
710 631 749 692 Et
767 631 928 694 Pamelium
950 631 1067 710 quidem
1089 651 1151 706 non
1170 652 1283 707 moror,

71 719 154 781 ciuus
176 711 365 794 chronologia
388 716 424 778 de
444 714 529 777 libris
552 715 724 778 Tertulliani
745 723 832 778 uotae
855 716 1037 778 confusionis
1061 727 1106 779 est
1143 725 1174 778 et
1205 726 1282 779 tern-

68 821 176 884 porum
197 800 342 862 rationem
370 799 532 862 innumeris
559 800 633 862 locis
660 800 768 862 turbat.
813 800 1030 862 Tillemontium
1061 801 1167 874 movit,
1204 801 1285 881 qnod

67 888 147 950 nulla
170 886 242 948 satis
264 903 403 964 expressa
418 885 607 947 Montanismi
627 885 749 964 vestigia
760 885 998 965 deprehenderit,
1018 885 1115 947 Allixii
1131 905 1210 960 vero,
1234 886 1285 966 qtri

70 972 194 1034 eandem
215 968 403 1032 IlontanIsmi
432 969 693 1049 reprehensionem
726 970 844 1043 iniecit,
880 980 1050 1048 argumenta
1080 989 1184 1050 parum
1214 990 1281 1032 mo-

66 1058 161 1119 menti
182 1054 291 1116 hahere
314 1055 452 1116 senserit.
495 1056 537 1116 dc
565 1054 602 1116 de
622 1054 718 1116 Allixii
745 1055 862 1136 quidem
885 1055 1073 1116 recusatione
1099 1073 1160 1117 non
1181 1055 1284 1129 multo,

66 1160 158 1222 quam
180 1137 395 1210 Tillemontins,
418 1139 596 1218 praeclarius
620 1158 739 1212 censeo,
767 1138 841 1202 adde
863 1140 950 1202 etiam
973 1141 1009 1202 de
1031 1139 1120 1201 altera
1142 1139 1284 1219 Zentgra-

64 1227 117 1300 rii,
141 1243 266 1306 quarm
287 1231 409 1304 utraque
432 1221 479 1284 rix
500 1223 601 1297 ullum,
631 1243 691 1286 non
713 1224 779 1286 dico
800 1224 903 1297 robur,
932 1225 985 1286 sed
1008 1225 1137 1287 colorem
1164 1223 1282 1286 habent.
1385 1213 1390 1234 ⁴

63 1312 132 1372 IIoc
157 1317 254 1372 nmen
283 1326 318 1368 eo
348 1326 407 1369 non
434 1307 525 1382 rdet,
558 1327 593 1370 ao
613 1308 640 1370 si
662 1308 791 1372 delectus
813 1309 988 1370 indiciorum
1011 1309 1283 1382 hlontanisticorum

4 1469 5 1474 γ
64 1397 104 1458 ad
127 1393 318 1456 orthodoxiae
336 1392 618 1454 demonstrationem
640 1394 776 1455 sufficere
797 1401 922 1473 posset,
954 1395 1032 1473 quod
1061 1413 1152 1474 aeque
1180 1413 1283 1473 parum

66 1479 224 1558 consequi,
247 1495 334 1556 qnam
357 1477 383 1538 si
405 1477 472 1556 qaus
495 1477 723 1551 febricitantem,
758 1479 826 1539 dum
848 1477 1031 1558 paroxysmis
1054 1487 1149 1552 caret,
1178 1497 1283 1540 sanum

66 1584 138 1626 esse
159 1571 252 1643 putet,
276 1555 332 1624 iam
355 1561 536 1640 supradixi.
581 1563 760 1642 Temporum
783 1581 853 1624 vero
875 1563 949 1625 ratio
972 1563 1172 1625 certissimum
1193 1582 1281 1642 argu·

63 1657 199 1712 mentum
220 1646 333 1727 prabet.
364 1646 452 1708 hiber
474 1646 552 1708 enirn
575 1647 611 1708 de
627 1647 743 1709 Corona
764 1647 986 1710 Montanisticus
1010 1656 1064 1722 est,
1088 1648 1166 1709 huno
1187 1655 1284 1708 autem

64 1735 116 1795 ille
138 1734 175 1794 de
196 1730 375 1811 Spectaculis
399 1731 548 1810 seqnitur:
572 1732 713 1811 numquid
736 1751 807 1811 ergo
829 1732 1017 1794 Ilontanismi
1039 1730 1156 1812 purus?
1188 1731 1301 1810 Pergo·

3 1873 4 1910 ᾖ
68 1828 101 1879 et
120 1817 227 1878 librum
248 1816 285 1877 de
307 1814 393 1877 Cultu
413 1815 611 1889 Feminarum,
634 1817 678 1878 rel
701 1825 734 1878 ut
753 1816 784 1878 in
807 1816 980 1896 quibusdam
1002 1816 1153 1878 codicibus
1175 1817 1282 1887 inscri-

3 1959 4 1976 ,
67 1902 149 1964 bitur
171 1902 207 1962 de
228 1899 335 1961 Ilahitu
355 1899 507 1973 Muliebri,
530 1901 608 1961 inter
629 1900 854 1963 Montanisticos
876 1901 994 1974 reiieio,
1024 1919 1089 1964 cum
1113 1901 1153 1962 sit
1175 1901 1224 1962 illo
1247 1901 1284 1962 de

3 1985 4 1998 ¹
69 1984 263 2066 Spectaculis,
284 2003 371 2064 quem
393 1983 521 2064 allegati,
544 1984 702 2048 recentior.
733 1985 938 2048 Tillemontius
961 1993 1068 2060 mmen,
1090 1994 1124 2047 ut
1138 1985 1222 2058 solet,
1247 1986 1283 2046 de

68 2069 245 2132 orthodoxia
265 2068 332 2130 libri
355 2069 508 2142 securusl,
532 2088 599 2130 eum
618 2070 696 2131 baud
718 2089 805 2132 secus
828 2089 862 2132 ac
882 2071 1015 2144 alterum,
1038 2071 1088 2150 qni
1110 2064 1224 2132 titulum
1246 2071 1283 2132 de

67 2155 154 2218 tutu
176 2153 361 2222 Feminarum
383 2154 414 2214 in
442 2154 579 2216 omnibus
602 2153 685 2216 libris
708 2155 869 2234 praefixum
891 2155 996 2228 babet,
1030 2154 1281 2216 ablontanistiois

66 2241 196 2319 separat.
239 2239 326 2318 Atqui
348 2238 474 2317 scriptus
498 2247 552 2312 est,
576 2257 642 2300 oum
664 2239 721 2304 iam
743 2239 876 2318 proxime
898 2240 1043 2302 instarent
1063 2249 1282 2318 persecutores,

65 2334 98 2386 et
119 2323 293 2386 Christianis
315 2341 375 2384 non
410 2330 468 2385 tam
497 2323 679 2385 minarentur
716 2343 802 2404 quam
830 2324 1001 2386 inhiarent¹.
1045 2323 1119 2385 Cum
1146 2323 1233 2402 igitur
1254 2325 1284 2384 in

65 2409 209 2472 ecelesiae
231 2427 302 2487 pace
325 2407 522 2470 Tertullianus
536 2407 714 2471 Ilontanista
736 2410 834 2482 luerit,
857 2419 1001 2488 utsupra
1023 2409 1096 2472 satIs
1118 2409 1154 2470 ad
1176 2408 1282 2470 librum
1333 2473 1339 2485 ,

66 2494 103 2554 de
127 2494 245 2555 Corona
267 2492 549 2568 demonstravimus,
578 2491 645 2572 quis
668 2511 734 2554 eurn
758 2493 794 2555 ab
815 2494 871 2555 hac
891 2493 1123 2574 reprehensione
1144 2493 1283 2554 liberaret

3 2575 4 2598 ³
65 2579 96 2639 in
119 2576 315 2658 temporibus,
338 2595 411 2656 quae
433 2596 535 2657 paoem
558 2578 755 2650 turbaverant,
778 2577 1018 2658 persecutionum
1039 2575 1157 2656 plenis?

610 2732 639 2805 S.
666 2727 739 2789 VIII.

151 2844 242 2907 Liber
263 2845 299 2906 de
322 2845 489 2907 idololatria
511 2845 733 2924 llontanisticus
757 2856 818 2919 est,
848 2865 914 2908 eum
938 2848 978 2908 sit
999 2842 1048 2908 illo
1070 2847 1107 2908 de
1122 2847 1280 2925 Spectacu-

65 2932 120 3004 lis,
154 2949 241 3009 qnem
263 2930 294 2990 in
316 2929 432 2992 haeresi
455 2931 596 3010 scriptum
618 2931 713 2992 rideri
740 2931 830 2992 modo
859 2930 1059 3002 ostendimus,
1092 2929 1280 2991 recentior&

65 3016 223 3077 Praeterea
243 3015 417 3076 mentionim
438 3015 508 3076 lacit
528 3014 816 3087 mathematicorum,
857 3015 963 3094 quibus
986 3015 1059 3076 urbe
1082 3023 1111 3076 et
1131 3014 1212 3076 Italia
1234 3015 1281 3075 in-

67 3098 229 3160 terdictum
259 3107 374 3162 essone.
417 3098 505 3178 Atqui
533 3099 659 3160 Severus
686 3100 742 3162 tale
772 3099 841 3179 quid
873 3100 903 3160 ln
939 3099 1105 3180 astrologos
1142 3099 1283 3161 statuisse
1302 3127 1317 3140 ·

67 3182 193 3255 ridetur,
215 3201 280 3245 cum
301 3184 332 3245 in
353 3183 450 3245 Albini
472 3191 502 3245 et
515 3183 597 3264 Nigri
618 3192 718 3263 partes
741 3184 904 3256 saeviret⁰;
928 3185 1038 3245 Saeviit
1059 3192 1156 3246 autem
1179 3183 1210 3244 in
1232 3203 1281 3256 eas

3 3273 4 3284 ¹
68 3288 95 3329 a.
121 3267 299 3342 oxellum,
328 3287 386 3347 quo
409 3268 605 3332 Tertullianus
632 3269 689 3330 iam
711 3269 887 3350 blontanista
909 3269 1003 3342 luitt3
1040 3285 1129 3348 quare
1150 3268 1224 3330 liber
1246 3269 1282 3330 de

3 3419 5 3432 ⁸
67 3351 237 3414 Idololatria
269 3351 299 3413 in
330 3353 528 3414 Ilontanismo
562 3354 745 3434 compositus
778 3363 834 3415 est.
885 3353 981 3426 anne,
1019 3373 1086 3415 eum
1123 3363 1282 3434 postquam

3 3435 5 3450 ²
66 3436 199 3517 quaestio
221 3437 297 3498 inter
318 3438 509 3500 IIontanistas
532 3447 561 3500 et
577 3439 767 3500 Orthodoxos
790 3439 826 3500 de
845 3438 925 3518 Toga
939 3439 1158 3500 Persecutionis
1180 3439 1282 3517 agitari

66 3529 207 3602 coeperat
227 3522 371 3602 scriptum
392 3523 515 3584 viderit
560 3523 632 3585 Ona
659 3542 730 3585 rero
753 3531 800 3584 est
827 3523 987 3604 disputatio
1015 3543 1049 3585 ex
1071 3527 1146 3586 laeto
1168 3523 1282 3597 militis,

65 3606 116 3688 qui
145 3625 287 3668 coronam
314 3607 443 3669 lauream
475 3608 687 3687 repudiaverat
732 3608 818 3680 Quod
847 3627 956 3670 novum
985 3608 1123 3670 indicium
1150 3607 1281 3687 praehet,

64 3691 197 3754 libellum
225 3699 296 3772 post
322 3710 389 3754 enm
416 3691 453 3752 de
482 3692 596 3754 Corona
629 3704 659 3753 et
685 3693 754 3754 binc
774 3712 790 3754 a
811 3694 988 3754 Montanista
1016 3695 1180 3771 proiectum
1203 3708 1280 3752 esse.

69 3776 149 3838 Nihil
171 3775 207 3837 ab
228 3776 283 3839 hac
305 3775 450 3838 sententia
472 3785 575 3837 nostra
596 3794 651 3837 nos
673 3777 803 3838 dimovet
823 3777 1013 3858 Zentgravius
1028 3791 1048 3850 ¹,
1071 3767 1120 3855 qui
1142 3775 1198 3836 diei
1220 3791 1280 3835 non

3 3963 6 3992 ι
105 3947 121 3994 i.
141 3945 280 3996 Tertulliani.
304 3946 333 3996 do
358 3945 429 3996 culto
447 3946 557 4006 Feminpr
574 3961 594 3995 e.
616 3946 650 3996 'le
701 3947 734 3997 lle
751 3949 888 4011 spectaculis
911 3953 986 3996 eston
1003 3952 1024 3994 et
1047 3946 1201 4008 soleptotidur
1220 3945 1281 4012 eips-

3 4037 4 4040 ¹
67 4015 127 4068 Nom
145 4019 166 4061 et
183 4028 259 4064 ornnes
276 4017 334 4064 istnc
348 4018 461 4078 meleone
470 4009 651 4078 spectaculorum
700 4015 763 4064 modi
781 4029 847 4064 suom
865 4017 911 4064 iem
927 4017 1032 4064 volumen
1047 4012 1196 4076 impletores.

68 4081 223 4132 saeculariam
238 4081 372 4146 voluptates,
389 4084 449 4132 sient
473 4083 501 4132 de
518 4084 566 4132 illis
584 4098 651 4132 snum
735 4096 759 4130 n.
777 4081 835 4132 lhid.
855 4096 907 4145 cap.
927 4081 950 4132 9.

67 4150 174 4200 volumen
197 4149 322 4212 edidimus,
346 4152 399 4214 ipso
421 4151 489 4199 etiem
514 4151 651 4202 idololotria
735 4164 757 4199 o.
777 4149 896 4212 spartian.
914 4149 993 4198 Socer.
1013 4161 1065 4209 cap.
1086 4143 1125 4194 ¹5.

68 4233 98 4268 ετ
117 4218 184 4293 rell}
202 4215 243 4265 Μ
259 4224 371 4295 mmm·
426 4230 427 4236 ’
735 4249 758 4298 p.
777 4233 892 4282 lloshem.
918 4233 947 4281 de
965 4237 1046 4280 Aetate
1063 4229 1161 4293 Ipolop.
1181 4229 1280 4280 Tertull.

104 4285 127 4333 I.
147 4282 283 4334 Tillentont.
302 4291 340 4333 cat.
359 4284 375 4334 Ι.
395 4300 418 4347 p.
439 4281 496 4334 ³55.
702 4295 726 4366 g
741 4300 830 4350 χχνῃι
849 4315 902 4364 sqq,

3 4377 4 4400 l
103 4352 121 4402 l.
139 4350 279 4401 Tertulliani.
298 4351 333 4401 lle
351 4351 419 4402 Cultu
439 4351 555 4401 Temlnar.
571 4350 650 4402 ilhll.

3 4441 4 4466 i
70 4436 123 4485 cap.
150 4417 199 4469 ta:
230 4419 330 4469 Ceteram
348 4427 448 4484 temporo
467 4419 611 4478 cinctionis,
630 4427 651 4470 et
737 4399 760 4447 q·
779 4383 829 4432 m*
848 4397 921 4478 ΜΡΝ
940 4379 965 4446 9·
983 4380 1019 4430 Ἦ·
1114 4463 1119 4474 ,

67 4489 291 4548 Μκιωωῃθ,
309 4488 545 4551 mmmm,
564 4489 650 4536 mm,
735 4465 918 4546 np'l'ertullun.
943 4466 972 4516 da
997 4463 1134 4540 Idololatria
1161 4481 1212 4530 cop.
1231 4464 1280 4516 22:

66 4563 159 4618 Mum
184 4555 258 4606 530ng
274 4556 434 4618 MTIBPI'OWII}
449 4561 624 4618 mmmmm·
700 4535 766 4588 “lidii
785 4537 879 4586 didimi:
902 4533 971 4586 Nemo
989 4550 1014 4584 SC
1032 4535 1096 4584 lICdlI
1110 4534 1263 4598 PTOIMIWG·

109 4635 142 4671 ιιι.
160 4621 301 4674 Tertullian.
326 4623 355 4674 de
373 4619 512 4672 Idololatria
530 4635 582 4686 cap.
603 4619 650 4671 ta:
735 4634 758 4669 a.
775 4617 898 4682 Zentgrar.
915 4619 979 4670 Iliso.
996 4618 1032 4668 tv.
1052 4615 1076 4682 5.
1098 4618 1136 4669 10.

109 4707 333 4773 Txxroxnraurtorr.
347 4719 383 4752 sn.
398 4719 496 4752 οιιιιιι.
525 4706 589 4752 nom.
600 4707 639 4751 lli.
1049 4701 1083 4754 34
