3196 5250
545 383 681 430 sacrorn
702 385 762 430 nse.
784 385 822 430 ιιι
843 385 974 432 sooner.
1309 377 1375 441 447

143 530 385 612 sapientissimus
408 532 593 596 renuntiatus
616 533 686 598 esst
728 535 764 597 ht
786 543 898 598 ιιιιιιιιι
921 535 1021 610 abest,
1049 545 1083 600 ut
1109 539 1182 601 dous
1204 541 1300 604 ciuus
1322 543 1372 618 sit,

143 617 217 696 quin
237 616 463 678 Atheniensium
484 617 593 680 iudicio
615 619 705 680 fuerit
726 620 948 694 condemnatus,
972 640 1006 682 ac
1027 627 1238 698 aurusascrti,
1252 627 1370 707 iuquie-

143 701 195 763 bat
217 699 331 774 Cicero,
355 701 548 781 illacrymari
567 703 649 766 soleo
671 703 828 768 Platonem
851 704 950 784 legens
972 706 1077 778 (Cicer.
1100 705 1150 769 lib.
1172 708 1223 770 lll.
1245 711 1282 772 de
1304 713 1370 778 Nat

142 785 234 848 licor.
256 803 286 864 p.
309 787 382 849 251.
405 785 457 847 lin.
481 787 557 862 uu).
600 785 644 848 lie
670 787 719 849 illa
746 796 844 850 autem
870 789 1003 851 Socratis
1032 797 1128 853 morte
1147 792 1370 872 ,disputavimus

143 870 176 931 in
204 869 412 948 superioribus
440 870 844 936 nostris-dissertationibus
877 872 1046 946 (Dissertat.
1068 875 1099 937 in
1121 875 1228 939 Minue
1253 897 1315 958 cap.
1339 885 1369 946 3.

142 955 259 1018 Arti-
290 961 320 1015 et
340 954 371 1016 in
391 953 524 1016 Lactant„
547 973 610 1034 cap.
636 960 685 1019 14.
706 956 768 1018 hrt.
794 961 846 1035 1.),
875 964 906 1018 ιι
932 957 1107 1038 paulopost
1137 960 1233 1024 adhue
1260 965 1370 1044 aliquid

142 1038 302 1100 dicendum
325 1039 414 1112 (lnfra
437 1057 499 1118 cap.
523 1041 574 1104 26.
595 1039 658 1101 hrt.
680 1043 734 1116 4.).
1196 1105 1205 1122 x

229 1121 304 1195 Quis
319 1121 471 1202 gentilium
486 1123 560 1186 deus
575 1123 682 1186 iustior
694 1123 822 1186 Aristide
845 1124 1029 1198 (Tertullian.
1043 1125 1196 1207 Apologet.
1213 1148 1276 1209 cap.
1295 1137 1368 1210 11.),

141 1225 200 1288 quo
223 1211 317 1271 totius
341 1207 497 1280 Graeciae,
528 1215 563 1269 ut
583 1209 625 1269 ait
646 1209 779 1270 Valerius
800 1208 958 1282 Maximus,
988 1214 1104 1274 alsetina
1125 1226 1268 1276 censetur
1294 1217 1368 1293 (Vel.

140 1291 217 1352 Max.
240 1290 290 1352 lib.
314 1290 347 1351 V.
370 1310 433 1372 cap.
457 1294 486 1356 3.
510 1295 539 1369 ξ.
563 1294 592 1356 3.
616 1297 697 1370 ιιι).
742 1293 942 1366 Quamobrem
965 1293 1139 1357 acicerone
1160 1315 1215 1375 per
1236 1307 1367 1362 antono-

139 1374 267 1438 masiam
294 1376 442 1438 Aristides
471 1381 570 1438 metus
598 1376 705 1452 (Cicer.
728 1377 778 1442 lib,
800 1377 850 1438 lll.
874 1377 911 1438 de
934 1378 1017 1439 Offic.
1039 1397 1069 1458 p.
1092 1381 1164 1444 339.
1186 1381 1238 1444 lin.
1263 1387 1304 1461 7.)
1335 1405 1370 1448 ac

140 1478 246 1538 graece
268 1478 285 1521 a
305 1458 463 1521 Plutarcho
482 1452 688 1545 Ἀριστείδης
710 1453 729 1524 ὁ
751 1459 877 1536 δίκαιος
900 1462 1125 1539 cognominatur
1147 1465 1234 1540 (Plut
1259 1475 1322 1530 tom
1343 1470 1368 1532 1.-

139 1563 170 1623 μ.
195 1545 267 1622 318.
291 1551 321 1604 ιι
342 1551 413 1605 tom.
437 1543 472 1605 ll.
494 1563 524 1623 p.
550 1547 643 1622 186.).
682 1547 894 1608 ³iorumtamen
922 1545 1031 1608 ethuici
1059 1565 1120 1610 nou
1148 1550 1243 1612 solum
1269 1552 1368 1617 datam

140 1628 207 1690 aliis
236 1627 432 1708 iniquissimis
461 1627 644 1692 divinitatem
667 1629 694 1692 ei
716 1637 905 1709 negaverunt,
929 1631 982 1692 sed
1004 1626 1208 1710 improborum
1229 1637 1367 1712 factione,

140 1721 174 1773 ut
196 1711 274 1774 idem
296 1712 430 1774 Valerius
452 1713 595 1774 Maximus
619 1721 751 1787 testetur,
771 1719 878 1796 patria
900 1717 1042 1778 secedere
1065 1721 1168 1779 emaus
1191 1730 1246 1782 cst.
1284 1721 1366 1782 Cou-

140 1795 272 1858 tinente'r
292 1815 363 1858 vero
386 1796 506 1859 adiecit:
550 1797 661 1860 Felices
683 1799 832 1870 Athenas,
861 1818 937 1880 quae
961 1809 1034 1878 post
1062 1801 1148 1862 illius
1171 1803 1296 1866 suillum
1315 1808 1367 1867 iu-

139 1884 248 1942 venire
275 1880 402 1962 aliquem
426 1892 597 1961 potueruut
626 1894 680 1944 aur
701 1887 804 1946 airuns
826 1883 937 1945 bonurn
957 1894 1012 1946 aut
1034 1896 1182 1948 amantem
1202 1891 1265 1959 sui,
1300 1908 1366 1952 aurs

140 1983 201 2046 quo
224 1975 295 2027 tunc
315 1969 382 2045 ipsc
404 1969 551 2029 sanctitas
573 1971 715 2045 mc'yrauit
737 1968 810 2042 (Val.
832 1967 906 2029 Max.
928 1966 977 2030 loc
997 1967 1069 2045 ιιι).

228 2048 302 2121 Quis
329 2068 364 2110 ex
389 2048 539 2112 bellicosis
569 2050 626 2112 diis
654 2051 772 2114 militari
799 2050 894 2131 gloria
922 2051 1015 2128 magis
1038 2070 1124 2130 quam
1148 2052 1365 2119 Themistocles

139 2133 244 2194 clm-uit
266 2133 451 2214 (Tertullian.
472 2132 596 2214 hyalog.
620 2153 683 2214 cap.
699 2140 772 2211 11.).
815 2133 853 2196 ht
873 2135 923 2198 ille
944 2135 1135 2200 nihilominus
1157 2138 1268 2212 mulda,
1290 2159 1366 2218 quae

144 2217 332 2298 Thucydides
355 2217 498 2297 (Thucyd.
521 2218 571 2280 lib.
595 2218 618 2280 l.
641 2219 718 2281 Hist.
741 2239 771 2300 p.
788 2223 829 2284 62
853 2227 883 2281 et
904 2226 1010 2300 seqq),
1034 2229 1064 2282 et
1083 2221 1258 2284 Plutarchus
1280 2224 1365 2296 (Plu-

140 2303 232 2364 tarch.
255 2301 287 2362 in
311 2300 374 2362 Vita
398 2301 541 2364 Themist.
564 2320 594 2381 p.
619 2306 678 2368 113
702 2313 732 2364 ιι
752 2309 849 2384 seqq.)
871 2304 1033 2366 memoriae
1054 2305 1264 2382 prodiderunt,
1287 2307 1365 2370 bello

137 2385 288 2466 praeclare
322 2385 414 2464 gestis
443 2405 510 2449 cum
526 2394 664 2467 patriam
685 2389 809 2460 claram,
832 2387 1020 2464 incolumem,
1046 2397 1078 2449 ut
1099 2390 1140 2450 ait
1160 2389 1256 2452 adhuc
1277 2391 1365 2454 Vale-

137 2471 202 2531 rius
223 2469 384 2544 Maximus,
414 2471 600 2550 opulentam,
625 2475 795 2553 aucupem
818 2473 959 2536 Graeciae
981 2473 1161 2536 reddidisset
1193 2475 1266 2547 (Val.
1288 2476 1364 2538 Max.

139 2554 189 2616 lib.
205 2554 238 2616 V.
262 2557 372 2634 causi.
395 2554 493 2617 lister.
518 2559 547 2633 8.
564 2557 618 2631 3.),
641 2556 727 2635 plane
748 2557 892 2636 ingratm
915 2565 1054 2635 expertus
1077 2565 1133 2620 est.
1177 2558 1364 2624 Proditionis

140 2639 218 2701 enim
251 2639 325 2700 falso
353 2647 508 2701 accusatus
530 2639 657 2719 primum
677 2640 789 2718 Argos,
822 2641 891 2702 inde
913 2641 1085 2719 Corcyram,
1116 2649 1222 2719 postea
1243 2643 1279 2704 ad
1301 2645 1364 2705 hd·

139 2731 266 2796 metum,
295 2723 488 2786 Colossorum
510 2741 625 2803 regem,
654 2742 689 2786 ac
710 2725 817 2786 deinde
838 2724 875 2786 ad
896 2723 1103 2796 Artaxerxem,
1133 2724 1224 2786 filium
1247 2727 1363 2800 Xerxis,

139 2807 286 2886 confugit;
309 2808 375 2870 exul
397 2807 516 2870 undem
538 2807 645 2870 hausto
668 2808 811 2887 sangiune
833 2807 935 2880 bovis,
967 2817 999 2870 ut
1020 2807 1137 2887 quidam
1159 2816 1279 2886 pumat,
1301 2809 1364 2872 sive

138 2900 173 2954 ut
194 2892 245 2954 alii
267 2892 368 2970 plures
389 2900 527 2966 narrant,
550 2909 682 2964 veneno,
705 2911 741 2954 ιι
763 2891 898 2971 corporis
920 2891 1043 2953 vincuhs
1065 2899 1205 2971 tanquam
1227 2911 1262 2954 ex
1284 2912 1362 2973 quo-

139 2978 206 3038 dam
228 2977 353 3038 evolavit
373 2995 500 3038 carcere.
807 3037 815 3048 ,
845 3019 853 3032 .
1060 3029 1065 3036 .

225 3060 300 3134 Quis
323 3060 474 3139 gentilium
496 3061 581 3132 deus,
603 3060 701 3139 pergit
721 3059 832 3120 Αυιιοι
852 3065 965 3133 noster,
987 3057 1152 3121 Alexandro
1174 3066 1205 3120 et
1217 3060 1363 3140 Pompeio

139 3143 484 3225 sublimiori-„Utrique
513 3144 592 3206 enim
613 3162 664 3205 res
686 3143 776 3206 armis
796 3143 934 3222 belloque
956 3152 1057 3221 gestae
1078 3161 1243 3222 cognomen
1265 3145 1362 3224 Magni

138 3240 328 3310 pepererunt.
373 3229 469 3302 Quam
490 3235 588 3290 autem
611 3227 719 3290 infelici
741 3227 820 3290 exitu
841 3227 929 3288 ambo
952 3246 987 3288 ιι
1009 3227 1064 3288 hac
1084 3227 1142 3288 rita
1163 3227 1362 3307 migraverint,

139 3332 227 3374 nemo
256 3321 335 3375 certe
363 3314 499 3392 ignorabo
519 3320 634 3391 potest,
668 3313 717 3391 qui
739 3312 832 3374 libros
853 3332 871 3374 a
894 3311 1005 3384 Quinto
1029 3311 1130 3372 Curtio
1154 3321 1184 3374 et
1203 3313 1362 3375 Plutarcho

139 3399 176 3458 de
204 3397 322 3458 illorum
350 3398 408 3458 rita
435 3397 623 3477 conscriptos
653 3397 710 3458 leri
739 3415 828 3458 manu
855 3394 1008 3474 attigerit?
1050 3394 1118 3456 Non
1144 3396 1243 3458 minus
1264 3404 1364 3460 tamen

139 3500 230 3561 quam·
247 3483 341 3556 Mars,
363 3481 507 3544 Romulus
531 3481 630 3544 etalii
652 3481 811 3572 divinitatis
832 3480 997 3560 praemium
1019 3479 1135 3562 eximiis
1158 3482 1248 3543 rebus
1271 3482 1363 3560 gestis

138 3573 318 3628 meruerant.

225 3650 301 3723 Quis
322 3657 476 3730 praeterea
499 3649 650 3728 gentilium
673 3649 746 3712 deus
763 3649 876 3712 Graeco
897 3649 1050 3728 Polycrate
1079 3656 1109 3711 et
1130 3648 1207 3727 Sylla
1229 3648 1363 3709 Romano

138 3735 252 3804 felicior
274 3733 457 3809 (Tertullian.
478 3733 535 3796 loc.
558 3731 645 3810 city?
687 3732 769 3794 Multi
790 3735 944 3814 siquiden,
969 3741 1000 3794 ut
1021 3731 1062 3794 ait
1084 3731 1253 3802 Sallustius,
1275 3729 1363 3792 dubi-

138 3827 275 3880 taverunt
300 3821 416 3899 [artior
444 3837 485 3879 an
511 3819 634 3897 felicior
662 3826 739 3879 esset
760 3817 837 3896 Sylla
866 3817 1036 3892 (Sallustius
1064 3816 1101 3876 de
1127 3815 1208 3876 liello
1231 3814 1362 3891 lugurth.

139 3921 203 3982 cap.
222 3905 294 3979 17.)
331 3902 628 3982 Testatum'insuper
648 3900 825 3962 Plutarchus
846 3900 916 3962 lacit
937 3899 1018 3962 illum
1041 3905 1190 3960 transacto
1212 3896 1363 3976 triumpho

139 4003 210 4048 cum
239 4004 295 4065 pro
324 3986 467 4048 concione
494 4005 543 4047 res
565 4005 582 4047 a
604 4005 638 4048 se
660 3993 719 4046 tam
742 3983 860 4046 fortiter
880 4001 968 4063 qnam
990 3984 1115 4046 feliciter
1135 3989 1233 4060 gestas
1256 3999 1363 4044 recen-

139 4069 263 4144 suisset,
286 4071 413 4134 iussissc
435 4089 470 4132 se
491 4070 605 4132 felicem
627 4067 829 4148 cognominari
850 4065 1008 4143 (Plutarch.
1022 4067 1052 4128 in
1069 4067 1132 4127 Vita
1147 4064 1241 4144 Syllae
1257 4071 1327 4126 torn.
1338 4064 1363 4128 1.

138 4173 169 4233 p.
196 4157 259 4218 453
290 4164 320 4216 ιι
348 4161 443 4234 seqq.)
487 4153 547 4216 Sed
575 4155 648 4217 haec
677 4153 759 4214 illum
787 4152 824 4214 ad
851 4151 1034 4214 divinitatem
1062 4167 1124 4210 nou
1144 4148 1363 4228 perduxerunt.
1435 4193 1441 4202 .

136 4238 257 4301 Deliciis
280 4239 358 4300 euim
381 4245 539 4318 corruptus
561 4237 721 4317 pediculari
744 4234 849 4298 morbo
872 4235 962 4296 uitam
983 4234 1086 4296 finivit.
1115 4233 1277 4312 Polycratis
1292 4251 1362 4294 rero

136 4323 261 4386 felicitas
289 4323 338 4384 his
361 4323 468 4385 Valerii
495 4322 613 4384 Maximi
641 4321 818 4384 describitur
845 4317 960 4380 verbis:
1007 4319 1115 4380 Orines
1148 4329 1273 4380 conatus
1300 4321 1364 4380 eius

134 4407 255 4488 placido
277 4407 504 4489 accipiebantur
525 4411 649 4481 itinere·
672 4425 741 4487 spes
763 4415 881 4467 certum
902 4406 1020 4481 cupitae
1041 4406 1090 4464 rei
1100 4403 1238 4482 {metum
1251 4415 1366 4483 appre-

139 4492 319 4565 hendebant,
342 4503 414 4556 cota
434 4491 692 4571 nuncupabantur
713 4489 805 4553 simul
826 4500 854 4551 ιι
875 4486 1089 4564 solvebantur,
1116 4485 1194 4548 celle
1221 4505 1256 4548 aa
1275 4504 1365 4566 posse
1482 4549 1489 4564 y

138 4591 178 4638 cu
203 4571 298 4660 aequo
324 4581 460 4658 positum
491 4585 558 4638 crat
590 4575 663 4653 (Vel.
692 4574 767 4638 Max.
794 4571 846 4636 lib.
868 4569 915 4633 vl.
945 4589 1008 4652 cap.
1031 4573 1060 4637 8.
1090 4575 1120 4648 §-
1142 4575 1172 4636 5.
1194 4569 1284 4647 Ειι).
1327 4567 1365 4630 Ει
