3114 5240
239 253 285 322 88
318 269 508 314 ntssttntt'rto
523 267 554 311 tn
569 267 617 318 ott.
633 265 716 310 Sm-
730 265 817 310 FLOR·
833 265 1025 312 antumant
1038 265 1263 311 arctousrtctttt
1277 265 1362 308 CETT.

240 422 354 494 hunus,
376 419 448 482 ieris
469 417 622 480 videantur
641 417 799 492 momenti,
821 417 885 479 aliis
907 417 1086 496 argumentis
1108 415 1299 478 invictissime
1322 415 1453 478 demon-

242 513 353 568 stratur
380 503 502 566 eosdem
529 521 597 564 esse
623 502 696 564 deos
726 502 876 599 gentilium
898 503 1121 564 eudaemones
1165 500 1348 562 Producamr
1369 502 1452 564 enim

241 590 364 670 aliquis,
395 587 444 684 qui
466 587 502 648 de
523 587 579 649 deo
601 586 719 666 patitur,
740 586 791 665 qui
813 587 872 648 aris
894 587 1027 648 inhalans
1049 603 1159 646 numen
1182 585 1325 665 concipit·
1351 587 1451 664 prod-

239 682 289 737 eat
309 673 363 735 dea
383 672 464 751 virgo
485 671 647 752 pluviarum
668 670 861 752 pollicitatrix,
884 670 1072 752 proseratur
1065 690 1094 731 m
1107 669 1319 732 mediumdeus
1332 671 1451 734 tescu-

240 759 352 840 lapius‚
374 757 549 818 morientem
569 755 695 852 aliquem
717 763 889 829 sanaturus,
912 764 1037 838 tumque
1059 754 1090 815 hi
1111 773 1215 816 omnes
1238 762 1268 815 et
1289 753 1446 834 singuli
1420 775 1450 816 ss

238 842 351 924 paterni
376 839 540 902 Christiano
563 839 611 918 qui
634 840 695 900 sint
716 859 750 900 se
771 840 930 902 daemones
953 857 1021 900 esse
1043 857 1104 900 non
1125 839 1280 911 fateantur,
1302 839 1448 917 perl'er-

238 927 389 990 tullianum
410 925 492 998 licet,
515 931 547 986 ιιι
567 923 643 985 illico
665 925 802 986 tundatur
822 925 955 986 eiusdem
977 922 1134 986 Christiani
1157 923 1286 1002 sanguis.
1322 923 1360 984 At
1373 924 1452 986 nibil

238 1011 324 1092 plane
346 1010 401 1072 bac
421 1009 672 1070 demonstratione
693 1017 740 1070 est
761 1009 931 1089 simplicius,
954 1007 1138 1070 manifestius
1161 1013 1190 1068 et
1204 1006 1360 1070 efficacius
1394 1010 1450 1070 Vel

238 1095 317 1157 enim
338 1093 495 1156 mentietur
516 1093 657 1167 daemon,
680 1101 709 1154 et
730 1093 802 1156 deus
824 1111 883 1155 non
904 1100 966 1154 est:
994 1093 1040 1153 ιιι
1060 1111 1130 1154 ιιιι
1151 1091 1243 1164 dicet,
1266 1111 1299 1154 ac
1320 1092 1450 1172 proinde

237 1179 279 1242 dii
299 1197 401 1242 revera
422 1178 580 1240 daemones
603 1186 681 1240 ιιιιιι.
737 1177 909 1257 Quicunque
931 1195 1001 1255 ergo
1022 1177 1132 1238 haece
1153 1175 1210 1236 diis
1232 1139 1306 1238 lacta
1327 1176 1448 1252 dixerit,

237 1263 265 1326 is
293 1272 407 1326 asserat
433 1279 556 1324 neeesse
585 1270 632 1323 est
658 1262 725 1324 illos
748 1262 923 1324 Christianis
946 1279 1014 1323 esse
1037 1260 1202 1333 subiectos,
1226 1269 1312 1340 atque
1332 1262 1447 1324 idcireo

236 1355 297 1410 tam
324 1348 415 1410 salsos
446 1365 515 1408 esse
543 1346 632 1420 deos,
661 1365 748 1427 quam
769 1366 837 1408 vera
858 1354 906 1408 est
927 1345 1159 1407 Christianorum
1180 1343 1293 1424 religio.
1338 1346 1448 1408 Omnis

237 1433 345 1512 quippe
366 1433 439 1494 baec
459 1439 592 1512 potestas
615 1431 709 1493 oritur
729 1449 765 1492 ex
780 1431 888 1492 Christi
908 1429 1038 1504 nomine,
1061 1448 1119 1509 quo
1141 1430 1301 1491 daemones
1324 1429 1359 1490 ab
1385 1431 1448 1492 illis

236 1517 362 1578 adiurati
395 1515 431 1576 de
460 1515 594 1578 obsessis
616 1516 768 1578 hominum
790 1515 963 1595 corporibus
986 1522 1129 1592 coguntur
1150 1532 1210 1574 non
1233 1513 1445 1590 solum'exire,

235 1601 290 1662 sed
312 1600 436 1679 insuper
456 1601 539 1661 lateri
562 1618 595 1660 se
617 1600 691 1663 deos
712 1619 772 1662 non
794 1619 873 1674 esse,
906 1599 959 1660 sed
981 1599 1148 1660 immundos
1171 1598 1295 1680 spiritus
1317 1599 1353 1659 ob
1373 1617 1443 1660 ma-

233 1683 326 1746 litiam
353 1701 436 1745 suam
463 1683 703 1764 praedamnatos,
731 1685 848 1746 unicum
870 1703 938 1746 rere
960 1703 1027 1746 esse
1048 1683 1157 1755 Deum,
1186 1701 1220 1744 ac
1240 1701 1310 1745 vera
1330 1683 1440 1746 idcirco

236 1785 305 1830 esse
327 1786 400 1846 quae
422 1767 458 1828 de
481 1767 597 1830 Christo
618 1769 706 1848 paulo
729 1777 795 1830 ante
817 1769 893 1830 dicta
914 1776 985 1830 sunt
1006 1771 1080 1848 (cap.
1096 1771 1147 1832 ιι.
1162 1769 1237 1844 lb).

318 1852 407 1913 Recte
430 1870 499 1930 ergo
521 1870 558 1913 ex
579 1852 622 1914 eis
636 1853 832 1914 Tertullianus
848 1852 995 1914 concludit
1009 1852 1191 1913 Christianos
1207 1871 1363 1932 perperam
1376 1853 1444 1915 lae·

233 1955 286 1998 sae
305 1936 469 2015 ,maiestatis
492 1935 605 1998 divinae
626 1937 766 1998 accusari.
810 1937 949 2009 Quamvis
978 1937 1056 1997 enim
1084 1943 1233 1998 constaret
1260 1956 1346 2000 veros
1360 1957 1444 2000 ‘esse

233 2021 308 2082 deos
330 2020 521 2094 ethnicorum,
544 2019 601 2101 ipsi
623 2031 730 2096 ιιιιιιι,
752 2020 997 2100 quemadmodum
1012 2020 1104 2093 Plato,
1128 2020 1333 2084 existimabant
1345 2042 1445 2102 penes

153 2135 157 2140 ·
233 2123 334 2178 ιιιιιι,
356 2113 425 2185 puta
446 2105 557 2178 Jorem,
581 2125 649 2167 esse
672 2125 815 2168 summam
830 2113 1016 2186 potestatem,
1038 2113 1068 2166 et
1083 2105 1178 2166 olficia
1198 2125 1290 2186 penes
1312 2116 1445 2169 ceteros.
1484 2128 1486 2132 ·

234 2189 312 2262 Quid
334 2207 403 2268 ergo
426 2190 584 2270 peccabant
597 2190 764 2263 Christiani,
787 2191 837 2270 qui
859 2207 949 2250 unum
972 2207 1142 2269 supremum
1157 2189 1259 2263 Deum,
1283 2191 1370 2252 sicuti
1392 2192 1444 2254 olii

233 2273 369 2335 homines
392 2273 508 2336 unicum
531 2275 747 2355 imperatorem,
770 2275 904 2346 colebant
925 2282 955 2334 et
968 2273 1204 2336 venerabantur?
1247 2275 1395 2356 Numquid
1410 2277 1443 2338 id

232 2357 329 2420 minus
351 2357 461 2420 licitum
482 2358 539 2420 illis
562 2370 633 2433 crat,
656 2379 741 2455 quarn
757 2359 879 2438 singulis
895 2358 1060 2438 quibusque
1071 2359 1250 2434 homrntbus
1274 2359 1443 2422 civimtihus

232 2450 262 2504 et
283 2442 441 2521 provinciis
463 2444 608 2522 quendam
628 2443 781 2524 proprium
803 2453 833 2504 et
846 2443 1022 2523 peculiarem
1037 2443 1124 2504 deum
1146 2443 1279 2506 babere?
1307 2444 1344 2506 At
1359 2455 1441 2508 certe

233 2525 292 2600 alii,
316 2527 432 2588 nemine
453 2536 648 2625 repugnante,
671 2527 790 2602 lovem,
813 2527 860 2606 alii
881 2525 998 2599 Fidem,
1020 2527 1151 2623 Aegyptii
1173 2548 1241 2590 aues
1264 2537 1294 2590 ct
1313 2529 1439 2604 bestias,

233 2609 297 2690 Syri
318 2611 470 2686 Astarten,
500 2621 586 2693 atque
613 2613 653 2674 ita
679 2613 769 2674 ceteri
796 2631 882 2673 suum
911 2611 998 2700 depm
1028 2611 1162 2691 privatim
1184 2613 1327 2676 colebant
1371 2615 1440 2677 Uno

228 2696 319 2757 verbo
341 2695 496 2776 unicuique
517 2697 622 2760 licebat
642 2715 843 2794 quemcunque
864 2683 961 2758 vellet
971 2695 1068 2758 colere
1090 2705 1207 2776 praeter
1221 2717 1322 2760 verum
1333 2697 1442 2762 [lenm.

228 2779 313 2840 Sed
309 2799 408 2842 nonne
429 2781 486 2843 hoc
506 2782 606 2863 potius
629 2790 692 2843 erat
711 2782 878 2854 maximum,
901 2781 984 2842 cuius
1006 2781 1080 2841 lalso
1103 2781 1316 2844 Christianos
1308 2783 1438 2846 msimu-

229 2863 342 2940 labant,
372 2864 469 2928 laesae
490 2866 651 2928 maiestatis
675 2867 787 2928 divinae
809 2864 945 2928 crimen?
987 2865 1024 2926 Et
1045 2874 1123 2926 certe
1144 2867 1215 2928 illud
1236 2875 1317 2928 tanto
1340 2869 1439 2930 maius

229 2959 301 3024 erat,
336 2960 444 3029 quanto
467 2951 614 3012 crudelius
637 2951 820 3014 Christianos
842 2950 879 3011 ad
900 2951 973 3012 laisa
994 2949 1114 3012 numina
1136 2951 1259 3013 colenda
1279 2971 1313 3012 ae
1334 2971 1437 3012 rerum

121 3051 122 3058 ¹
229 3042 260 3094 et
280 3051 379 3095 rerum
401 3035 531 3098 omnium
553 3043 715 3098 creatorem
729 3035 822 3097 Deum
843 3034 961 3113 penitus
983 3035 1147 3113 negandum
1169 3055 1275 3115 cogere
1297 3036 1434 3098 niteban-

228 3125 277 3178 tur
298 3119 372 3195 (cap.
395 3121 469 3193 tt..)

312 3199 503 3262 Obiectahant
523 3209 620 3262 ιιιιιιιι
642 3201 764 3263 Nummi
787 3221 819 3262 se
841 3219 895 3280 pro
918 3202 1034 3281 pietatis
1057 3221 1091 3264 ac
1111 3203 1260 3300 religionis
1276 3224 1344 3284 erga
1359 3205 1438 3268 deos

162 3320 166 3329 =
228 3301 302 3345 snos
331 3284 436 3345 merito
466 3284 615 3364 accepisse
644 3287 735 3347 ιοιιιι
765 3294 909 3352 terrarum
937 3285 1048 3347 orbis
1041 3288 1206 3367 imperium.
1250 3289 1327 3362 Quid
1350 3309 1435 3370 ergo,

225 3367 268 3430 ait
290 3367 512 3430 Tertullianus?
554 3369 700 3449 Numquid
727 3369 797 3431 illud
819 3370 1044 3450 impetraverant
1064 3391 1081 3432 a
1103 3372 1160 3433 diis
1183 3373 1244 3434 suis
1268 3376 1435 3436 vernaculis

224 3471 261 3514 ae
281 3445 461 3526 dome‘sticis,
485 3451 587 3534 quales
608 3463 691 3516 erant
712 3454 871 3528 Sterculus,
894 3455 1031 3517 Mutunus
1054 3464 1084 3517 et
1097 3457 1253 3520 Larentina
1267 3459 1435 3522 meretrix?
1482 3527 1491 3536 ,

228 3537 302 3610 Quis
325 3537 446 3600 credat?
486 3537 632 3634 Numquid
654 3557 671 3601 a
691 3538 854 3619 peregrinis
877 3547 907 3600 et
928 3540 1103 3612 adventitiis,
1125 3541 1234 3620 quihus
1255 3543 1350 3605 maior
1367 3543 1439 3606 lio-

226 3641 291 3685 mae
319 3641 406 3703 quam
432 3621 542 3703 patriae
575 3641 646 3685 suae
675 3623 873 3703 protegendae
896 3643 964 3686 eura
986 3643 1054 3686 esse
1077 3625 1225 3688 debebat?
1265 3626 1304 3694 At
1324 3627 1434 3708 Cybele

224 3708 349 3771 Romam
377 3708 487 3770 adscita
515 3707 551 3768 de
583 3707 743 3770 nuntianda
768 3727 874 3787 magno
897 3727 952 3770 suo
976 3710 1121 3772 sacerdoti
1143 3711 1298 3808 archigallo
1319 3713 1434 3775 Aurelii

225 3791 410 3888 imperatoris
433 3800 527 3854 morte
550 3801 607 3854 tarn
628 3811 731 3873 parum
754 3793 877 3855 sollicita
899 3793 967 3868 ιιιιι,
991 3802 1024 3854 ιι
1044 3795 1198 3875 tranquillo
1220 3796 1317 3858 animo
1340 3816 1436 3876 passa

224 3876 265 3937 sit
283 3877 438 3938 lacertos'
431 3895 633 3976 imparemque
660 3877 830 3956 sangninem
852 3877 887 3938 ab
909 3878 958 3940 illo
980 3878 1056 3940 litari
1077 3898 1132 3976 pro
1154 3880 1305 3942 huiusce
1297 3899 1431 3961 tmpera-

223 3960 298 4020 toris
322 3961 424 4036 salute,
447 3963 496 4042 qui
516 3962 573 4024 iam
595 3962 836 4024 antenctodies
859 3962 1040 4024 exhaurite
1054 3964 1237 4042 migraverat.
1281 3965 1346 4038 Qua
1356 3985 1432 4028 vero

223 4043 338 4106 ratione
360 4044 471 4124 lnpiter
492 4056 549 4108 tam
571 4046 715 4127 patienter
735 4047 801 4108 tulit
822 4046 935 4108 Cretam
958 4066 1057 4120 suam,
1090 4049 1140 4109 nbi
1162 4059 1267 4122 natue,
1290 4059 1430 4112 mortuus

196 4136 269 4224 ‘ct
287 4127 419 4208 sepultus
447 4139 508 4204 est,
543 4131 683 4193 llomanis
711 4131 839 4192 fascibus
867 4129 1006 4193 concuti?
1053 4132 1200 4213 Numquid
1228 4134 1301 4195 luno
1331 4153 1430 4214 aequo

223 4212 320 4274 animo
347 4213 424 4274 ferre
456 4216 552 4294 potuit
579 4215 794 4294 Carthaginem,
830 4215 886 4276 sibi
914 4215 983 4277 olim
1010 4216 1083 4278 adeo
1112 4219 1246 4280 dilectam
1275 4226 1305 4280 et
1336 4217 1431 4282 Samo

221 4297 428 4394 praepositam,
451 4299 617 4364 allemania
640 4300 740 4372 deleri,
763 4309 796 4362 ut
816 4299 931 4380 imperii
952 4300 998 4361 sui
1013 4302 1088 4364 lines
1103 4303 1189 4364 latius
1204 4303 1436 4383 propagarent?

219 4386 259 4446 At
280 4382 304 4444 si
327 4401 375 4444 res
398 4391 493 4444 ιιιιιιιι
515 4383 554 4445 ita
576 4385 633 4458 sit,
647 4403 699 4448 cur
719 4384 841 4447 Romani
863 4384 1007 4446 minorem
1028 4386 1069 4448 illi
1090 4388 1245 4462 honorem,
1267 4407 1355 4468 quam
1375 4389 1438 4451 lu

220 4487 277 4551 pac
295 4471 562 4550 prostitutissimae
582 4469 755 4533 Larentinae
777 4468 963 4532 tribuerant?
