3126 5250
284 347 351 414 ιω
380 364 571 411 msssnruruo
585 363 617 410 ru
631 364 685 417 on.
695 363 780 410 aner.
794 363 880 408 rma.
895 363 1089 409 rmrouuurn
1102 362 1320 406 munerarium
1333 363 1407 407 usrr.
1514 421 1515 424 Ἴ

282 515 403 596 penitus
424 514 569 576 sublatum
590 522 647 577 est.
674 514 776 593 Neque
796 513 868 576 illud
878 513 960 576 valde
970 513 1172 576 neoessarium
1182 513 1300 586 ridetur,
1320 513 1345 574 si
1357 512 1457 576 raban

284 595 513 681 aupuepeadum
531 597 573 660 ibi
594 598 813 672 aTertnlliano,
835 597 913 660 siout
932 597 1001 660 alibi
1022 607 1053 660 et
1072 598 1109 660 ab
1130 598 1194 659 aliis
1215 596 1402 678 scriptoribus,
1414 613 1455 658 su·

284 691 382 746 mauu
407 702 462 763 pro
486 683 730 765 persolvendam.
774 682 832 745 Sed
859 682 886 746 si
912 683 948 745 ab
977 701 1013 745 ao
1035 682 1191 762 accipiatur
1210 700 1263 762 pro
1284 681 1457 744 reddendaub

284 767 454 832 hominibus
483 786 606 848 operum
628 785 750 832 suorum
781 786 894 830 summa
921 766 1144 848 rationibusque
1174 767 1367 847 computandis
1391 776 1458 844 aupu

284 852 479 927 absolvendis,
507 851 628 916 retineri
656 851 744 914 debet
763 851 885 914 verbum
905 851 977 914 illud
999 852 1234 934 dependendum,
1266 852 1305 912 ita
1324 860 1355 912 ιιι
1373 849 1413 912 hio
1428 849 1458 910 sit

282 937 362 1000 illius
390 955 512 998 sensus:
543 938 736 1000 restituentur
763 955 866 999 omnes
895 937 1016 999 omnino
1043 936 1188 1010 homines,
1219 943 1252 998 ut
1272 942 1457 1014 computentur,

283 1021 483 1084 examinantur
515 1030 544 1084 et
564 1021 752 1084 absolvantur
773 1029 894 1084 eunome
915 1021 986 1082 boni
1006 1021 1133 1100 malique
1154 1039 1256 1084 eorum
1276 1019 1366 1082 meriti
1384 1019 1456 1080 ratio-

280 1123 336 1168 nes
358 1125 393 1168 ao
412 1105 517 1168 deinde
537 1123 592 1185 per
612 1114 703 1168 totam
724 1106 925 1168 aeternitatem
946 1105 1015 1168 illud
1038 1106 1204 1184 dependant
1224 1125 1258 1166 ao
1273 1104 1380 1166 soleant
1398 1101 1457 1182 quod

280 1209 336 1271 per
362 1190 439 1252 hano
463 1190 550 1252 vitam
578 1197 758 1253 meruerunt
799 1192 838 1252 ht
858 1190 1018 1252 Suetonius
1038 1189 1161 1252 verbum
1193 1208 1328 1270 eepuapo
1356 1189 1403 1250 huo
1419 1205 1456 1247 se·

282 1275 378 1337 eundo
399 1275 611 1355 significatione
632 1275 801 1337 adhibuisse
815 1275 939 1348 videtur,
963 1275 1013 1337 ubi
1028 1273 1064 1336 de
1079 1273 1199 1336 Claudio
1216 1275 1336 1336 Caesare
1350 1271 1457 1350 scripsit:

283 1359 358 1422 uuo
378 1362 516 1422 deeurins
538 1379 644 1422 rerum
664 1371 732 1423 σοισ
754 1369 940 1441 eupuaperet
960 1360 1094 1432 (Sueten.
1117 1359 1148 1419 in
1169 1358 1234 1420 Vita
1249 1357 1354 1420 Claudii
1367 1359 1456 1434 bib),

280 1443 312 1506 id
334 1452 389 1519 est,
411 1452 444 1506 ut
465 1443 582 1524 quidam
604 1444 807 1517 observarunt,
829 1443 980 1506 ordinaret
1000 1462 1035 1505 ae
1054 1450 1238 1522 computaret
1259 1439 1457 1522 οιιιιιιιιιιιι-

281 1529 370 1591 uuriis
397 1529 428 1589 iu
454 1528 583 1590 iudicum
610 1547 734 1590 numero
762 1527 897 1600 servandi
919 1536 1028 1590 essent
1071 1527 1136 1589 lino
1155 1546 1273 1607 quoque
1294 1533 1389 1589 rorant
1405 1524 1458 1585 baeu

280 1613 431 1692 Papiniani
452 1611 555 1674 uerba:
577 1613 626 1676 Εο
646 1631 738 1675 eausa
760 1615 939 1676 desertionis
953 1622 1076 1676 ιιιιιιιι
1090 1631 1126 1674 οι
1141 1617 1310 1684 restitutus,
1333 1611 1456 1694 terporis,

280 1697 360 1777 quod
385 1701 419 1758 iro
445 1698 612 1759 ἀιιιιιιοιι
639 1698 744 1776 suerit,
775 1697 930 1778 impendiis
952 1701 1139 1778 enpuupitur
1170 1696 1293 1776 (lligest
1314 1695 1361 1757 lib.
1382 1690 1457 1756 libii.

281 1780 326 1844 tit.
350 1783 399 1844 16.
420 1779 476 1858 leg.
501 1785 550 1844 15.
572 1781 609 1842 do
630 1780 673 1842 lle
694 1780 800 1859 Milit.).

366 1863 513 1943 Quidquid
539 1883 629 1944 porro
658 1865 697 1928 sit
725 1865 761 1926 de
780 1865 917 1927 Auctoris
945 1865 1038 1926 nostri
1058 1883 1128 1927 vera
1150 1866 1331 1945 genuinaque
1350 1862 1458 1930 lectione,
1523 1866 1524 1910 ὲ

281 1955 361 2011 nerto
383 1948 499 2028 quidem
521 1949 628 2012 certius
651 1968 718 2010 esse
740 1949 835 2024 donet,
857 1952 921 2011 lure
943 1957 976 2011 ut
998 1950 1198 2028 expendantur
1220 1959 1251 2012 et
1272 1958 1394 2012 abeunte
1405 1964 1456 2008 eu·

279 2032 429 2096 minentur
449 2033 480 2094 in
501 2033 604 2095 ultimo
627 2033 734 2094 Christi
756 2034 864 2096 iudicio
886 2033 1069 2112 singulorum
1090 2035 1245 2096 hominum
1267 2034 1373 2096 merita.
1398 2031 1454 2090 Ven-

279 2125 365 2180 turns
387 2117 464 2179 enim
485 2125 533 2178 est
553 2117 601 2179 ille
623 2118 685 2197 ipse
707 2117 841 2181 Christus
863 2137 929 2180 oum
952 2118 1043 2191 omni,
1065 2125 1098 2180 ut
1118 2118 1160 2181 uit
1180 2119 1381 2190 Tertullianus,
1399 2113 1454 2177 diri·

278 2201 380 2264 nitads
402 2201 493 2281 gloria
515 2209 544 2264 et
564 2202 714 2264 maiestate
736 2221 871 2265 necnon
894 2222 960 2266 eam
982 2207 1075 2264 totius
1095 2204 1202 2266 muudi
1221 2214 1314 2276 motu,
1335 2221 1384 2282 quo
1404 2214 1458 2259 sant

280 2285 479 2360 subvertetur,
505 2306 571 2349 oum
598 2287 730 2350 borrore
753 2288 844 2360 orbis,
874 2306 940 2350 eum
957 2287 1086 2368 planetu
1108 2292 1252 2365 omniura,
1280 2287 1416 2350 infidelium
1432 2287 1456 2339 et

280 2370 497 2444 sceleratorum,
524 2372 578 2434 aed
603 2390 666 2434 ιιι
688 2371 929 2434 Christianorum
949 2371 1130 2446 (Tertullian.
1152 2373 1306 2453 Apologet
1329 2391 1381 2451 cap.
1395 2367 1453 2437 tt),
1523 2369 1524 2444 l

278 2455 417 2529 fidelium,
449 2455 581 2517 videlicet
612 2456 661 2534 tpui
691 2455 741 2535 pie
762 2465 918 2535 sancteque
939 2456 1082 2518 vixerunt
1123 2457 1165 2518 lle
1187 2458 1248 2519 hoo
1265 2465 1358 2520 autem
1380 2459 1455 2514 euhe-

278 2558 328 2600 mo
363 2539 471 2602 iudicio
507 2540 565 2602 iarn
600 2540 668 2602 alibi
704 2540 899 2604 disseruimus
935 2540 1099 2617 (Dissertat.
1132 2541 1163 2602 in
1190 2541 1323 2605 Lautant.
1350 2558 1402 2618 mp-
1417 2534 1457 2596 47·

363 2707 422 2770 Sed
442 2707 478 2769 ab
501 2708 624 2771 ethnicis
647 2709 792 2784 ridemur,
814 2709 909 2789 iuquit
929 2709 1024 2772 adhue
1045 2709 1253 2784 Tertullianus,
1276 2712 1374 2781 Deuru
1393 2717 1459 2784 quem

278 2798 362 2855 antea
377 2793 524 2854 Christum
547 2793 748 2872 appellaverat,
768 2795 979 2875 praedicantes
995 2794 1385 2868 tuaaouorumffermtian.
1397 2789 1460 2866 lpu-

276 2877 365 2956 luget.
388 2894 450 2957 oap.
473 2881 548 2954 dh).
591 2877 628 2938 li
660 2897 730 2940 sane
761 2879 837 2940 hane
856 2878 990 2958 lrip'dam
1012 2878 1181 2940 irrisionem
1203 2899 1265 2942 non
1286 2879 1376 2958 aptius
1394 2885 1461 2952 quom

276 2960 392 3024 nuditis
414 2962 547 3040 ipsorum
567 2963 680 3042 placitis
703 2963 915 3043 explodendam
937 2983 1004 3025 esse
1019 2963 1145 3026 sensuit:
1169 2963 1221 3026 Sic
1236 2967 1315 3026 euim
1328 2973 1355 3024 et
1366 2964 1460 3042 poetae,

277 3046 327 3120 ait,
350 3055 378 3109 et
395 3045 572 3127 philosophi
589 3046 725 3111 tribuual
746 3049 827 3128 opud
848 3049 967 3126 inseror
988 3055 1102 3128 ponunt
1129 3046 1237 3124 (ibin).
1283 3046 1365 3121 Quod
1384 3049 1461 3104 auhn

277 3129 318 3190 sit
337 3128 409 3190 illud
430 3129 564 3203 tribunal,
586 3130 678 3203 hisee,
700 3130 806 3210 quibus
827 3130 951 3210 gentiles
973 3131 1140 3211 alloquitur,
1160 3132 1259 3194 verbis
1274 3131 1461 3194 declaraverat:
1523 3177 1524 3196 ι

277 3211 402 3287 Ιιιιιιιιι,
430 3216 551 3276 rideant
579 3225 608 3276 ιι
633 3215 689 3286 ilii,
720 3215 889 3288 daemones,
911 3217 1063 3278 uobiscum
1084 3262 1092 3276 .
1117 3261 1124 3277 .
1148 3261 1188 3278 ..
1224 3219 1325 3280 dieunt
1351 3215 1399 3278 lou
1414 3223 1463 3290 pti

277 3297 439 3369 tribunali,
468 3303 497 3360 ιι·
520 3298 612 3376 forte,
641 3298 770 3361 Miuoe'm
798 3309 828 3360 et
852 3299 1093 3362 Rhadamantem
1119 3303 1283 3364 seeundum
1308 3309 1465 3364 ισιιιιιιιιι

275 3379 413 3443 Platoris
435 3392 465 3442 et
481 3387 642 3462 podiorum
663 3383 717 3446 boo
732 3401 796 3446 esee
816 3389 942 3447 sortitos
964 3384 1048 3460 (lbid.
1070 3403 1096 3449 ο.
1112 3387 1185 3461 ih).
1217 3385 1291 3460 Quia
1303 3403 1369 3448 vero
1382 3378 1461 3444 notis-

276 3463 384 3526 simum
412 3465 547 3528 omnibus
574 3475 635 3528 erat
655 3467 761 3529 llinois
783 3474 814 3528 et
834 3467 1025 3531 Rhadamanti
1046 3468 1182 3542 tribunal,
1211 3477 1304 3533 testes
1326 3462 1463 3550 generatim

276 3548 346 3612 uitat
370 3555 483 3628 poetas,
511 3569 637 3629 quorum
664 3551 781 3630 plurimi
809 3560 839 3613 ot
859 3554 955 3630 graeei
977 3549 1007 3614 u
1027 3553 1109 3616 latini
1130 3554 1200 3616 illud
1221 3556 1395 3617 oeoinerunt.
1430 3545 1463 3606 Et

274 3633 462 3715 philosophis
490 3653 560 3696 νοισ
586 3636 759 3698 nominatim
787 3637 912 3716 appellat
931 3638 1098 3713 Platonem,
1127 3641 1194 3718 quia
1215 3639 1333 3702 illorum
1353 3632 1465 3700 ommuni
1523 3687 1524 3698 ,

275 3719 359 3782 broile
380 3719 518 3800 prinoeps
539 3719 683 3782 audiebat.
729 3721 824 3783 Simili
846 3722 932 3787 etiam
954 3723 1044 3784 modo
1064 3723 1197 3785 lustinus
1218 3724 1326 3804 biarbyr
1345 3722 1465 3784 udrosos
1523 3717 1524 3792 ᾗ

276 3805 396 3866 eosdem
419 3804 551 3866 ethninos
573 3813 790 3906 argumentatus
812 3807 922 3869 luerat:
957 3803 1100 3872 Πλάτων
1128 3805 1164 3872 δὲ
1189 3799 1400 3912 Ῥαδάμονιον
1421 3794 1464 3894 tt}

273 3889 376 3953 Μίνω
397 3884 548 3954 κολάσειν
568 3909 645 3966 τους
667 3881 798 3967 ἀδίκους
819 3883 904 3975 παρ’
928 3885 1046 3969 αὐτοὺς
1068 3887 1243 3968 ἐλθόντας·
1265 3899 1358 3979 pusio
1377 3885 1410 3953 δὲ
1432 3901 1465 3946 το

274 3963 355 4074 eisd
375 3969 511 4056 πρᾶγμά
532 3995 639 4060 φαμεν
659 3970 866 4058 γενήσεσθαι,
890 3968 964 4040 ἀλλ’
988 3969 1056 4040 ὑπὸ
1075 3976 1135 4040 τοῦ
1155 3977 1314 4058 Χριστοῦ,
1336 3974 1387 4040 και
1405 3971 1465 4040 σοις

150 4101 152 4109 ·
275 4057 387 4133 αυτοῖς
413 4055 544 4140 σώμασι
570 4055 654 4142 μετὰ
680 4060 793 4141 ψυχῶν
822 4063 1001 4142 γινομένων
1027 4060 1081 4126 καὶ
1110 4057 1246 4126 αἰωνίων
1273 4058 1401 4126 κόλασιν
1419 4071 1465 4116 ιθ·

261 4137 541 4226 -λιισθησομένων,
572 4143 661 4207 Pluto
683 4163 757 4208 uero
777 4145 1019 4210 ilbodurouutueo
1039 4159 1069 4210 ιι
1088 4146 1211 4210 dlieoe'u
1230 4149 1333 4210 itidem
1352 4146 1465 4208 inmitti

274 4225 315 4286 ud
340 4244 373 4287 se
398 4233 549 4292 beuiemea
573 4229 740 4310 plenorum
767 4249 831 4293 esse
860 4232 969 4294 duruit.
1013 4231 1076 4294 Nos
1104 4243 1204 4294 autem
1225 4233 1256 4295 id
1275 4237 1372 4312 speses
1391 4228 1464 4288 etius·

273 4308 390 4390 foetura
414 4315 459 4374 iri
478 4315 610 4386 dieamus,
639 4315 692 4376 sed
712 4333 731 4376 o
754 4314 882 4388 Christo,
911 4319 1088 4396 corporibus
1111 4319 1218 4380 eiedeau
1239 4335 1306 4378 οιωι
1325 4309 1465 4378 ouiuobtt

273 4398 339 4458 auio
359 4398 497 4460 uniendis
519 4411 607 4480 atque
628 4403 759 4462 oeternis
783 4400 963 4462 erueimibus
986 4403 1160 4484 torquendis
1192 4401 1306 4479 (lustin.
1320 4397 1431 4478 Apolop
1443 4387 1464 4447 l·

274 4479 312 4541 ad
331 4478 469 4542 Antonin.
492 4501 520 4559 p.
543 4487 616 4560 bh).
659 4484 771 4546 liudem
792 4502 908 4564 quoque
929 4485 1017 4547 modo
1038 4486 1237 4565 Athenagoras
1260 4492 1360 4548 oontm
1380 4478 1464 4571 etbui-

273 4581 326 4628 uos
348 4571 452 4646 postea
471 4565 637 4646 disputarit.
680 4567 791 4632 ditatos
817 4587 908 4649 porro
937 4569 974 4632 ab
1000 4569 1052 4633 illo
1078 4571 1210 4634 Platonis
1233 4570 1316 4634 looos
1341 4567 1372 4632 in
1397 4561 1464 4626 illls
