3078 5248
239 302 302 364 552
324 317 362 358 oc
377 317 450 358 maa
465 315 578 359 aurire
593 316 628 356 ac
643 315 789 358 cucusum
804 313 991 360 scurruouuu
1005 315 1203 360 rsusuucnus
1217 315 1401 360 nrsrcrsrro

237 484 367 548 pugnam
388 465 419 525 in
440 463 564 525 Nicaeae
586 483 620 526 ac
640 463 684 526 Cii
706 463 860 543 angustiis,
882 464 915 525 V.
938 463 1065 544 denique
1088 465 1126 526 ob
1147 465 1270 544 Nigrum
1290 465 1377 544 apud
1395 465 1470 526 Por-

239 560 285 614 tus
309 550 424 612 Cilicius
445 555 638 628 prostratum,
667 547 777 610 Severo
801 547 952 610 decretum
975 567 1043 609 esse
1059 548 1201 612 dicemus.
1237 550 1301 610 lam
1324 549 1470 628 dispicie

239 655 323 708 mus,
365 633 411 695 cui
449 632 567 693 tandem
600 651 724 694 numero
758 632 826 692 trib.
859 639 922 711 pot.
956 632 1132 694 adiiciuntur
1163 633 1296 712 singulae
1335 633 1471 694 nominis

239 717 424 798 Imperatorii
451 725 555 790 notae;
589 735 658 778 uam
686 715 712 778 si
740 735 808 778 eum
824 715 1075 796 cognoverimus,
1105 725 1212 796 sponte
1240 736 1275 779 se
1299 717 1424 778 nlleret
1449 717 1470 778 'u

239 820 343 876 annus,
367 801 414 862 cui
435 801 555 880 quaevis
576 819 674 880 pugna
696 799 874 880 assignanda
896 807 970 860 est·.
1006 800 1101 880 'Atqui
1124 819 1288 879 cognomen
1312 801 1398 880 lmp.
1415 800 1471 867 ΙΙΙ..

239 887 318 968 quod
340 885 466 947 diximus
489 885 606 963 signum
627 903 697 946 esse
719 883 857 945 victoriae
880 884 1056 962 Cyzicenus,
1086 882 1275 946 coniunctum
1297 885 1471 964 reperimus

240 991 306 1033 cum
335 969 403 1030 trib.
432 976 495 1048 pot.
518 967 586 1041 11.¹;
622 969 695 1030 baec
730 987 801 1029 vero
833 968 1013 1029 numeranda
1048 976 1094 1030 est
1126 968 1162 1029 ab
1190 969 1282 1030 altero
1314 968 1370 1030 die
1400 969 1471 1030 lunii

239 1075 265 1118 a.
288 1054 409 1116 cxciv.
433 1053 469 1113 od
491 1053 618 1114 cundem
640 1053 718 1114 diem
740 1051 808 1114 anni
832 1053 983 1131 sequentis
1006 1052 1085 1121 (coll.
1107 1061 1169 1113 not.
1190 1073 1215 1112 z.
1237 1052 1333 1114 buius
1357 1053 1472 1114 sectio·

239 1139 286 1200 nis
321 1151 350 1200 et
383 1136 542 1198 Schwarzii
574 1137 647 1198 diss.
676 1135 753 1198 laud.
784 1136 856 1198 Obs.
879 1136 945 1212 ll.);
982 1154 1170 1216 consequens
1203 1136 1292 1216 igitur
1325 1147 1389 1209 est,
1421 1137 1472 1197 boc

239 1223 386 1304 proelium
421 1221 549 1300 primum
582 1221 619 1282 ad
651 1220 850 1299 posteriorem
886 1227 1001 1299 partem
1033 1240 1059 1281 a.
1092 1219 1210 1282 CXCIV.
1243 1229 1295 1282 aut
1337 1221 1472 1300 priorem

239 1327 265 1370 a.
289 1306 395 1368 CXCV.
420 1323 488 1366 esse
510 1305 709 1366 relerendiuu.
754 1304 848 1365 Porro
876 1323 984 1365 numus
1013 1304 1090 1383 apud
1112 1304 1297 1366 Vuillantium
1324 1305 1472 1366 Serenum

238 1393 312 1470 Imp.
335 1391 381 1450 lV.
405 1388 646 1468 tribunitiamqne
674 1395 851 1468 potestatem
879 1387 929 1448 lll.
953 1387 1149 1450 sustinentem
1179 1388 1314 1461 exhibet,
1350 1399 1384 1450 et
1409 1401 1472 1450 sunt

239 1477 303 1536 eius
325 1473 442 1553 generis
465 1473 548 1534 numi
568 1473 668 1552 plures
690 1473 766 1552 aqud
788 1471 1026 1546 Mediobarbnm3
1049 1491 1119 1550 ergo
1142 1472 1244 1533 incidit
1259 1472 1359 1533 altera
1376 1493 1472 1552 pugna

239 1559 270 1620 in
296 1559 419 1619 Nicaeae
448 1556 550 1636 Ciiqne
578 1557 722 1636 angustiis
750 1557 780 1617 in
813 1575 838 1617 a.
861 1555 968 1618 CXCV.
990 1556 1200 1635 posteriorem,
1228 1565 1279 1617 aut
1312 1559 1472 1636 sequentis

237 1644 307 1704 anui
340 1641 525 1722 superiorem
552 1649 676 1720 partem.
737 1641 927 1720 Quapropter
955 1659 1120 1718 cognomen
1149 1641 1221 1720 lmp.
1247 1640 1281 1702 V.
1306 1650 1341 1702 et
1372 1641 1471 1702 ultime

241 1727 363 1788 victoria
385 1745 401 1786 a
422 1725 514 1804 Nigro
537 1733 686 1804 reportata
718 1743 780 1785 non
802 1725 916 1786 videtur
937 1726 999 1786 scre
1020 1725 1069 1786 alli
1092 1743 1169 1786 anno
1191 1743 1283 1804 posse
1314 1725 1471 1792 vindicari,

238 1812 297 1872 uisi
318 1811 388 1870 buic
408 1827 496 1888 quem
517 1809 644 1870 diximus
668 1829 693 1870 a.
718 1807 838 1870 cxcvi.
871 1808 944 1871 (lum
966 1808 1055 1886 igitur
1075 1808 1272 1870 Pescennium
1293 1808 1391 1870 initio
1415 1811 1469 1871 lero

240 1894 303 1956 eins
336 1893 403 1955 anui
437 1893 652 1972 prostravisset
684 1893 827 1966 Severus,
865 1893 961 1972 pergit
993 1893 1023 1954 in
1056 1893 1296 1972 Mesopotamiam
1342 1894 1469 1972 indeqm

234 1987 342 2062 ‘contra
364 1977 722 2050 OsroenoS„Adiabenos
751 1986 781 2038 et
802 1977 912 2038 Arabes
940 1977 1099 2038 exercitum
1127 1977 1234 2038 ducitss.
1279 1977 1376 2039 Facta
1405 1980 1468 2039 bsct

240 2061 338 2122 omnia
361 2079 428 2122 esse
451 2068 570 2140 oportet
590 2081 643 2122 sex
664 2063 726 2122 lere
748 2061 915 2133 mensibus,
939 2059 1012 2135 (nisi
1032 2061 1164 2133 marelis,
1196 2061 1332 2124 ultimam
1357 2073 1468 2142 partem

240 2146 308 2206 auni
336 2144 538 2222 praecedentis
567 2145 656 2222 Nigro
685 2153 811 2206 mortem
840 2145 993 2222 attulisse),
1031 2164 1098 2208 eum
1128 2146 1188 2207 boc
1215 2163 1292 2206 uino
1336 2157 1468 2208 vertente

240 2229 298 2290 iam
329 2235 432 2288 contra
468 2227 606 2288 Albinum
638 2230 805 2306 proiectum
839 2247 908 2291 esse
934 2229 1088 2302 Severum,
1122 2230 1199 2290 ratio
1226 2230 1290 2308 ipsa
1321 2231 1467 2309 temporis

241 2312 380 2384 suadeat,
409 2318 442 2370 ut
463 2329 518 2370 suo
541 2310 607 2370 loco
630 2313 790 2390 apparebit.
828 2314 865 2374 ni
886 2331 944 2392 quo
967 2313 1032 2374 lieri
1050 2321 1139 2394 pacto
1160 2313 1272 2392 potuit,
1295 2325 1333 2375 ut
1356 2317 1466 2376 mensi-

240 2397 296 2458 bus
329 2403 388 2456 tam
422 2393 522 2472 paucis
552 2401 598 2454 tot
629 2402 783 2475 tenusque
812 2397 1052 2458 bellicosissimas
1081 2409 1183 2475 gentes
1211 2397 1396 2477 subegerit?
1439 2401 1466 2458 lt

240 2479 318 2541 istud
340 2478 458 2558 quidem
480 2485 580 2556 potest
610 2477 707 2538 auimo
737 2480 838 2556 pulcre
866 2481 998 2560 concipi3
1027 2477 1094 2542 nam
1116 2482 1182 2562 ipsc
1204 2481 1258 2542 Dio
1282 2485 1322 2559 (c.
1348 2486 1382 2546 2.
1408 2484 1466 2544 libri

240 2565 303 2640 cit.)
325 2563 427 2624 barum
450 2561 581 2640 gentium
596 2561 685 2622 urbes
708 2581 723 2622 a
746 2562 840 2623 tribus
862 2564 965 2626 Severi
986 2565 1120 2640 ducibus,
1143 2584 1204 2627 non
1227 2565 1382 2628 aSevero
1407 2569 1464 2646 ipso

240 2656 339 2728 captas
371 2665 438 2708 esse
468 2646 524 2716 ait3
561 2646 641 2724 quod
669 2647 777 2706 factum
806 2647 929 2708 forsitan
962 2657 1017 2723 est,
1050 2668 1116 2711 cum
1139 2650 1196 2712 iam
1216 2649 1326 2712 Albino
1353 2651 1464 2713 obsien

240 2733 367 2794 Severus
389 2731 504 2802 ivisset,
527 2733 604 2802 num,
628 2748 665 2790 eo
687 2729 832 2799 discessu,
861 2729 966 2794 Laetus
989 2752 1022 2794 se
1045 2733 1091 2795 bis
1113 2733 1288 2796 adversariis
1313 2737 1465 2815 opposuit.

241 2824 274 2878 ut
295 2816 410 2876 videtur
433 2833 468 2875 ex
491 2814 596 2875 eodem
618 2813 712 2874 Dione
735 2817 772 2886 (c.
795 2816 856 2890 9.);
885 2821 935 2874 aut
964 2816 1020 2876 iam
1049 2817 1229 2896 aliquantum
1258 2837 1294 2879 eo
1320 2827 1465 2900 tempore.

239 2919 298 2980 quo
320 2899 441 2978 Nigrum
463 2897 592 2960 Severus
612 2897 856 2976 persequebatur,
878 2897 1003 2976 plurimu
1025 2901 1103 2962 euim
1124 2911 1186 2962 tum
1208 2903 1277 2963 lecit
1297 2921 1358 2980 per
1380 2905 1465 2966 dures

240 3003 329 3046 snos:
352 2991 401 3044 aut
421 2983 477 3044 luit
500 2982 628 3043 Severus
652 2981 855 3060 qualicumque
882 2980 1077 3044 barbarorum
1102 2987 1314 3064 suppressione
1341 2999 1465 3050 conteu-

239 3078 297 3129 tus.
341 3067 382 3127 Ac
404 3066 518 3127 videtur
540 3074 619 3127 certe
642 3066 768 3127 Severus
801 3065 934 3127 noluisse
961 3067 1015 3127 bas
1037 3067 1094 3128 sibi
1117 3079 1218 3147 gentes
1240 3089 1372 3150 prorsus
1396 3073 1466 3134 sub-

238 3152 338 3224 iicere,
361 3149 493 3212 aeciam
517 3157 578 3211 tum
602 3148 775 3222 subiecisse,
806 3169 882 3223 cum,
911 3150 1036 3211 ducibus
1070 3160 1173 3212 contra
1199 3153 1303 3216 hostes
1336 3158 1466 3224 emissis,

239 3235 333 3296 aliens
355 3233 450 3294 Nisibi
478 3242 577 3312 ageret
609 3233 731 3313 ipseque
764 3234 882 3295 demum
916 3241 987 3313 post
1019 3234 1127 3296 victum
1147 3235 1283 3298 Albinum
1311 3237 1371 3300 has
1396 3259 1465 3319 pro·

239 3317 349 3379 vincias
370 3335 488 3380 summo
511 3319 622 3396 impetu
644 3318 828 3390 adoriretur,
858 3319 936 3397 quod
963 3318 1029 3397 ipso
1052 3319 1217 3379 confirmari
1239 3332 1347 3400 posset
1369 3324 1465 3386 liero-

241 3401 320 3462 dinni
349 3401 477 3472 silentio,
511 3401 560 3480 qui
592 3400 628 3462 de
662 3401 708 3462 bis
741 3397 878 3482 gentibus
911 3402 970 3462 isto
1001 3411 1134 3482 tempore
1163 3404 1245 3464 victis
1274 3403 1351 3466 nibil
1382 3409 1466 3470 nabe

239 3652 293 3688 curu
319 3637 421 3687 Victoria
447 3637 554 3687 Parthica
580 3645 603 3687 et
620 3637 659 3686 Tr.
680 3637 705 3685 P.
725 3636 770 3695 lV.,
798 3651 826 3685 ac
877 3637 969 3687 tamin
995 3638 1113 3688 narranda
1133 3639 1177 3688 bac
1194 3653 1221 3688 re
1240 3655 1252 3688 a
1271 3642 1364 3690 ceteris
1393 3643 1468 3708 iisque

238 3719 292 3754 cum
311 3705 405 3764 lisdem,
423 3705 541 3768 tituloque
559 3705 661 3763 Arabici,
688 3704 825 3753 Adiabenici
877 3707 998 3768 primariis
1017 3705 1186 3770 scriptoribus,
1215 3722 1259 3756 nec
1277 3707 1323 3758 uisi
1346 3709 1468 3773 deprimi

239 3774 262 3822 iu
288 3773 444 3836 inscriptione
469 3773 533 3836 apud
552 3771 707 3821 Nuraturium
732 3771 756 3820 in
774 3771 824 3820 No·
877 3772 1000 3838 alteroque
1018 3773 1047 3823 dc
1066 3789 1145 3838 pagus
1165 3773 1272 3836 loquitur
1291 3775 1314 3824 iu
1336 3776 1386 3826 isto
1409 3779 1467 3829 locs.

239 3855 266 3889 uu
279 3840 403 3890 Thesauro
422 3840 471 3889 Vet.
486 3839 599 3903 luseript.
619 3838 715 3888 Tomi.
735 3836 824 3898 ulli.
876 3841 956 3902 negoti
990 3841 1025 3890 vis
1054 3849 1148 3904 potest,
1184 3841 1297 3904 quonium
1329 3859 1467 3906 cognomen

239 3907 333 3969 legitur.
876 3907 935 3972 lmp.
955 3908 995 3956 lll.
1014 3907 1049 3958 lV.
1069 3908 1093 3956 V.
1119 3923 1172 3958 cum
1198 3909 1292 3958 diverso
1311 3909 1390 3973 plane
1417 3913 1467 3962 ulo

273 3989 293 4023 e.
318 3975 364 4024 Sed
390 3974 490 4024 forsitan
516 3972 635 4038 quispiam
661 3972 761 4031 dixerit,
779 3973 823 4022 bos
875 3983 924 4038 put
950 3989 1050 4024 numeru
1075 3976 1242 4038 coniungitur,
1266 3977 1313 4025 boc
1340 3981 1401 4028 trib.
1422 3989 1466 4042 put

238 4057 324 4091 numos
349 4057 396 4091 nou
422 4057 450 4090 eo
475 4054 575 4090 excusos
605 4041 680 4089 luisse
705 4047 822 4102 tempore,
874 4044 943 4103 signo
971 4042 1070 4092 indicari
1095 4057 1171 4092 anuos
1197 4057 1248 4103 eos,
1273 4044 1366 4106 quibus
1393 4049 1467 4110 ipsas

239 4123 286 4172 quo
310 4109 397 4158 Severo
423 4111 497 4158 uictor
521 4123 548 4157 cs
572 4109 658 4172 pugnis
677 4121 730 4156 cum
749 4107 828 4168 Nigro·
874 4109 903 4158 sb
923 4109 1033 4158 hostibus
1052 4110 1174 4160 victoriam
1192 4119 1229 4159 tor
1247 4115 1393 4174 reportarit.

238 4176 317 4234 rediit,
336 4175 378 4224 eud
391 4185 474 4238 prostes
485 4177 591 4234 demum,
610 4173 821 4238 ipsumqueSper-

237 4243 330 4292 tionum
354 4243 387 4298 (iu
412 4243 459 4292 Vita
479 4243 558 4292 Severi
578 4259 597 4292 c.
617 4241 651 4300 9.)
676 4243 820 4303 siguiliccro,

239 4309 303 4373 quod
314 4309 415 4358 Seuerus
434 4325 481 4358 uon
501 4311 546 4360 nisi
564 4318 619 4374 post
632 4311 734 4359 alterum
747 4323 821 4372 prus·

907 4207 974 4258 l.-lu
999 4209 1068 4258 Laui.
1087 4209 1170 4272 Begeri
1195 4209 1387 4262 continuatione
1408 4215 1466 4264 Tbe-

874 4278 937 4326 scuri
967 4277 1170 4340 ltraudenburgici
1198 4292 1221 4339 p.
1240 4275 1315 4338 690.,
1345 4281 1465 4330 Vaillsatsi

249 4378 252 4388 ·
321 4377 325 4384 ·
523 4378 536 4388 ··
619 4380 623 4388 ·
873 4343 990 4394 Numism.
1009 4343 1043 4392 lm
1082 4345 1173 4392 .licm.
1193 4345 1220 4393 Τ.
1239 4345 1258 4393 1.
1299 4345 1388 4396 221.
1410 4349 1464 4398 222

237 4375 397 4492 ggffimmbaacn
400 4385 492 4492 ⁸3:1¹2
502 4377 822 4508 ussicriqstetrqqeagedaquq:
874 4419 896 4461 ‘¹
915 4359 1117 4462 Mfflffibffss‘fffl
1137 4427 1158 4460 ⁸·
1178 4361 1316 4476 εἶχεΝΡΡ·
1337 4415 1401 4466 259·

238 4519 303 4560 turen
328 4509 392 4574 quod
411 4509 552 4572 Spartianus
571 4512 692 4578 discrepet
710 4511 821 4576 sliqnon·
908 4527 931 4574 g.
950 4512 993 4562 llio
1012 4511 1069 4564 libr.
1086 4511 1169 4564 LXXV.
1189 4511 1241 4560 init.
