3144 5236
470 335 605 380 suranae
627 335 686 378 mc.
708 335 746 380 se
767 336 896 380 nomes.
1239 323 1298 384 175

90 486 155 548 cuim
174 485 251 546 bunc
272 493 494 564 argumentatur
514 485 546 546 in
567 484 713 547 modum?
755 485 825 546 Veri
846 486 899 548 llei
921 487 1041 548 nomine
1069 487 1097 547 is
1119 485 1299 566 intelligitur,

91 570 159 632 mins
180 569 311 631 infinitae
343 576 414 631 sunt
445 570 661 650 perfectiones,
695 577 725 630 et
753 589 812 648 quo
840 570 913 632 nibil
941 571 1036 633 maius
1065 579 1115 632 aut
1141 571 1301 652 perfectius

88 653 229 733 ucoginri
250 662 366 733 potest3
387 671 449 716 nou
471 655 549 716 enim
571 661 653 716 esset
673 673 761 716 verus
782 655 873 728 lleus,
897 654 923 716 si
946 663 1045 726 tantus
1066 673 1127 716 uon
1150 663 1247 717 esset:
1270 647 1327 718 at'

88 739 122 812 is,
149 737 195 816 qui
216 737 347 799 infinitas
369 739 566 818 perfectiones
588 739 619 799 iu
641 757 673 800 se
695 736 914 818 complectitur,
947 758 964 800 a
991 758 1024 800 se
1045 739 1178 818 prolecto
1200 739 1297 813 babet,

87 831 110 884 et
127 821 202 901 quod
224 821 333 884 existat
364 831 394 884 et
424 823 504 902 quod
531 823 595 884 aliis
624 822 788 899 tribuatut
816 822 877 883 sint
897 830 927 884 et
949 823 1084 885 existant.
1118 823 1196 885 Cum
1218 824 1298 886 euim

86 925 113 966 ea
131 907 168 971 sit
188 924 291 968 rerum
313 907 446 969 omnium
468 916 633 969 meatarum
654 905 761 978 series,
783 914 816 968 ut
830 907 1014 985 posteriores
1028 907 1065 968 ab
1079 908 1310 988 antiquioribus,

85 990 225 1069 originem,
248 1009 308 1070 qua
330 991 471 1065 existunt,
494 992 670 1070 acceperint,
694 990 796 1052 debuit
816 999 885 1052 aute
907 1010 996 1053 omne
1010 999 1128 1072 tempus
1151 1011 1219 1054 esse
1240 993 1296 1054 ali-

86 1075 150 1153 quis,
168 1075 221 1153 qui
244 1095 261 1136 a
284 1076 376 1144 nullo,
399 1076 452 1138 sed
473 1075 574 1154 potius
595 1095 612 1136 e
633 1095 666 1136 se
687 1075 754 1156 ipso
776 1075 913 1136 hebuerit
932 1075 1010 1156 quod
1025 1075 1141 1148 existat,
1163 1085 1193 1136 et
1206 1077 1297 1139 rebus

85 1158 237 1238 mbusque
260 1159 368 1221 creatis
389 1179 439 1220 eas
461 1178 566 1222 omnes
591 1159 698 1240 quibus
732 1159 882 1238 praeditae
911 1169 981 1222 sunt
1012 1161 1212 1238 perfectiones
1234 1161 1296 1222 lar·

86 1243 180 1320 giatur:
203 1251 233 1305 at
256 1243 306 1304 ille
326 1245 393 1307 ideo
416 1253 462 1306 est
482 1263 586 1315 ceren
610 1247 681 1325 puio
702 1253 806 1306 tontes
829 1254 882 1306 ert.
913 1243 947 1304 ln
969 1262 1025 1305 suo
1040 1252 1138 1306 eutem
1153 1245 1296 1308 adversus

86 1327 248 1388 dudonem
264 1327 342 1390 libro
366 1347 400 1390 ex
422 1345 537 1390 summa
551 1329 605 1390 llei
626 1327 808 1406 perfectione
823 1327 972 1390 concludit
986 1327 1068 1389 illum
1083 1347 1152 1390 esse
1165 1329 1296 1402 unicum,

87 1411 117 1470 ita
135 1421 165 1471 ut
185 1429 248 1473 uou
272 1412 427 1486 existeret,
461 1413 487 1475 si
508 1431 569 1474 non
592 1421 675 1474 esset
695 1430 783 1474 unus.
827 1411 936 1473 Audies
964 1411 1051 1474 velim
1073 1431 1148 1490 quae
1169 1411 1210 1474 sit
1231 1413 1297 1475 eius

87 1495 301 1573 argumentatio:
338 1495 421 1560 Deua
443 1516 511 1560 cem
529 1515 678 1559 summum
698 1515 839 1577 megaera
860 1500 915 1568 sit,
949 1506 1030 1558 recte
1052 1502 1166 1560 veritos
1187 1509 1298 1560 nostru

85 1584 300 1658 pronuntiauit:
323 1580 415 1652 Deus,
438 1585 467 1644 si
486 1600 549 1643 nee
569 1600 651 1643 eone
675 1593 728 1653 est,
751 1591 890 1654 nonest.
935 1579 1005 1642 Noe
1027 1585 1116 1662 queri
1129 1582 1296 1644 dubitemus

88 1681 137 1724 erre
155 1664 259 1734 Deam,
286 1666 424 1728 diceudo:
447 1665 483 1728 St
503 1683 565 1728 non
584 1684 676 1736 eona,
699 1683 762 1728 non
784 1675 846 1726 est:
870 1665 921 1726 sed
935 1667 1006 1744 quic
1020 1683 1104 1745 pum
1120 1666 1298 1746 confideres

88 1765 144 1820 esre,
164 1750 195 1809 id
216 1769 287 1811 eom
308 1749 487 1830 delimbatas
509 1761 582 1821 esee,
606 1750 685 1829 guod
700 1753 729 1810 rr·
741 1767 805 1812 non
820 1760 873 1820 ert,
895 1748 978 1811 Dens
994 1767 1057 1812 aon
1070 1762 1125 1821 est,
1150 1765 1298 1812 remmom

88 1833 183 1897 uerter
202 1853 359 1913 magnum
403 1833 504 1898 Porro
532 1852 681 1896 semmam
707 1851 849 1912 magnum
875 1837 998 1895 eoe'earm
1024 1837 1064 1896 sit
1091 1851 1211 1895 necesse
1234 1846 1297 1897 ert:

89 1933 146 1995 ergo
164 1927 191 1979 et
212 1917 300 1979 Deus
321 1923 430 1980 enices
452 1922 526 1990 erit,
560 1936 623 1980 oon
650 1918 742 1980 ob'ter
762 1918 861 1992 Deos,
896 1919 959 1979 oiri
979 1935 1127 1979 semmam
1147 1935 1296 1998 maguum,

89 2017 129 2060 aar
146 2002 234 2064 aliter
257 2021 410 2064 semmam
429 2021 582 2083 magnam,
606 2007 669 2065 nisi
685 2021 793 2083 porcas
817 2019 880 2064 nors
907 2001 1026 2074 lolmt,
1048 2021 1102 2064 ster
1125 2001 1217 2064 aliter
1239 2021 1299 2082 po-

90 2101 140 2146 rca
167 2105 228 2149 non
261 2087 392 2158 balens,
428 2091 492 2149 etri
519 2090 628 2150 eniens
659 2088 758 2166 [urit
786 2085 1298 2160 (toemtih.1.auvers.ltarcion.

90 2187 138 2246 sep.
162 2176 211 2246 3.).
884 2211 892 2230 .

78 2250 82 2258 “
157 2255 272 2316 Sortem
303 2263 335 2316 et
355 2254 487 2318 ultimam
514 2274 572 2334 qua
592 2253 671 2316 lleus
694 2253 820 2316 existere
848 2253 992 2332 probatur
1013 2253 1299 2316 demonstrationem

92 2335 253 2400 Tertulliano
286 2339 484 2418 suppeditavit
511 2357 627 2402 summa
657 2355 691 2400 ac
718 2338 793 2400 mira
815 2337 1050 2400 Christianorum
1078 2339 1115 2400 ed
1136 2338 1302 2404 daemones

92 2422 259 2498 expellendos
286 2430 430 2501 potestas,
453 2431 555 2485 contra
576 2439 664 2502 quam
685 2423 809 2502 quilibet
830 2422 1015 2501 quantumvis
1030 2422 1166 2500 pertinax
1180 2421 1298 2502 gentilis

92 2507 247 2652 ”milit
268 2507 671 2654 nllttntltllltt
688 2505 1074 2653 „tlllttnttllt
1089 2506 1299 2669 {illlis}
1403 2527 1409 2537 ’
1480 2557 1483 2566 ’

94 2671 246 2738 tbidebaut
268 2675 452 2748 bominibus,
475 2675 529 2738 sed
551 2675 732 2755 cogebantur
753 2675 841 2736 etiam
861 2675 956 2753 palam
979 2683 1009 2736 et
1021 2674 1139 2752 publice
1153 2675 1299 2749 confiteri,

94 2773 135 2818 nee
152 2778 182 2820 se
203 2779 258 2822 nec
280 2761 356 2822 alios
379 2779 455 2839 quos
476 2761 601 2840 gentiles
623 2759 759 2828 colebant
780 2778 848 2820 esse
870 2758 953 2832 deos,
977 2757 1029 2819 sed
1044 2775 1136 2818 unum
1150 2758 1300 2819 dumtaxat

96 2841 214 2917 existere,
246 2841 339 2923 quem
361 2845 498 2924 discipuli
520 2843 629 2906 Christi
656 2843 881 2906 venerabantur.
924 2842 1011 2921 Atqui
1034 2846 1129 2904 omnis
1152 2845 1226 2914 isto,
1259 2841 1301 2902 eit

97 2923 281 3001 Tertullianus,
306 2930 460 3008 consessio
481 2929 619 3000 illoram,
645 2947 704 3008 quo
725 2946 758 2990 re
781 2929 850 2990 dees
871 2935 983 3006 negent
1004 2944 1076 2996 esse,
1100 2943 1216 3007 guoque
1237 2943 1300 2988 non

98 3008 283 3076 stanneam
306 3015 493 3094 respoudeat
515 3024 773 3093 prosternerem,
808 3015 858 3074 cert
882 3014 1190 3094 nosmoncs'pemor,
1224 3015 1300 3074 sotir

99 3094 181 3156 ideam
201 3110 246 3160 ert
269 3100 310 3161 od
334 3097 539 3178 depellendam
561 3099 674 3159 crimen
696 3095 795 3159 lucrm
816 3098 946 3157 mucim
966 3111 1110 3156 romonae
1134 3093 1301 3178 religionis,¹

100 3193 153 3252 prae
171 3199 229 3242 uon
251 3199 357 3243 rerum
380 3190 410 3242 et
431 3181 559 3254 unicum,
587 3181 642 3242 sed
663 3179 753 3242 lolsos
775 3179 875 3259 utique
897 3179 971 3240 deos
993 3177 1188 3240 venerebatur
1209 3178 1299 3252 (Ter-

100 3261 185 3324 telliau.
204 3267 363 3346 Apologet.
386 3284 448 3344 cap.
471 3268 547 3341 24).
589 3264 663 3326 Nam
685 3282 789 3326 omnes
811 3264 942 3343 prolecto
965 3261 1074 3324 etbniei
1096 3262 1300 3336 daemonibus,

102 3361 178 3408 terum
191 3359 295 3410 contm
309 3350 490 3428 semetipsos
504 3347 725 3422 confitentibus,
746 3347 893 3410 debebant
911 3347 1043 3419 eredere,
1065 3347 1116 3424 qui
1129 3347 1301 3409 mentienti-

102 3424 142 3489 bus
158 3433 321 3496 uedebaut.
366 3433 460 3494 Nemo
481 3432 644 3512 siquidem,
660 3440 693 3495 ut
714 3441 794 3493 reete
815 3429 864 3493 ille
886 3432 990 3510 arguit,
1012 3432 1052 3494 od
1074 3451 1162 3494 soem
1177 3433 1302 3494 dederes

103 3521 226 3588 meror,
248 3521 325 3600 quia
343 3521 448 3598 potius
471 3519 510 3580 od
531 3518 694 3580 bonorem.'
717 3516 813 3596 Megia
835 3516 909 3597 fides
929 3519 1075 3597 procimo
1096 3527 1141 3578 eet
1154 3517 1302 3577 adversos

104 3605 246 3680 mopsos
278 3603 471 3684 confitentes,
505 3621 593 3683 quem
621 3619 680 3682 pro
710 3619 742 3663 re
770 3603 844 3680 speie
866 3611 1010 3680 argentes
1032 3599 1117 3674 (lbid.
1140 3617 1203 3676 ceq.
1225 3600 1301 3675 23.).

105 3677 155 3742 len
173 3685 319 3762 publicum
343 3687 493 3748 enimvero
517 3683 720 3747 testimoninm
742 3683 854 3746 nemini
874 3684 961 3764 plene
976 3683 1098 3746 dubium
1113 3689 1301 3759 suspectum-

106 3767 845 3932 batfltttbllttl‘tlallstall
864 3763 1303 3928 tld‘lttt'ctltltt

109 3943 190 3996 erem
208 3938 376 4017 claramque
389 3939 635 4001 testificationem
657 3955 809 4016 respuere,
832 3936 890 3998 nisi
912 3935 958 3998 oui
973 3923 1045 3996 lalsa
1058 3931 1303 4012 praeiudiciaaut

110 4017 207 4090 lss'tetae
226 4023 369 4086 utilitates
392 4023 515 4086 rationis
536 4024 636 4084 lumen
657 4021 777 4101 penitus
799 4017 991 4100 eripuerant?
1013 4019 1080 4080 lure
1094 4015 1183 4095 igitur
1196 4016 1303 4078 merito

55 4137 56 4142 κ
111 4099 189 4164 letor
207 4115 309 4170 noster
331 4125 478 4172 summam
498 4106 648 4187 redarguit
668 4105 850 4184 iniquitatem
870 4103 1031 4183 gentilium,
1054 4101 1105 4181 qui
1120 4096 1304 4163 Christiams

112 4188 253 4253 emonam
284 4193 386 4254 laesae
423 4209 564 4254 romanae
601 4189 766 4269 religionis,
810 4207 920 4268 eosque
951 4195 1054 4248 oontm
1092 4183 1304 4248 conscientiam

68 4327 77 4342 ,
113 4273 185 4345 bique
211 4293 245 4336 ac
277 4276 352 4338 tenti
388 4275 529 4356 ponderis
561 4272 830 4338 demonstrationes
872 4271 909 4333 ad
947 4270 1037 4332 lelsos
1081 4268 1155 4330 deos
1201 4269 1304 4332 nolen-

113 4347 152 4412 Μ
174 4359 394 4439 negandumque
425 4377 527 4422 verum
557 4359 652 4422 lleum
682 4355 864 4438 quibuslibet
895 4353 1047 4434 suppliciis
1079 4353 1196 4432 adigere
1224 4353 1304 4415 nite-

114 4429 198 4502 lutor.
247 4471 253 4480 ·
