3036 5230
268 375 330 442 728
482 393 675 441 nrsssnrurro
697 393 735 434 ns
757 385 961 436 rsnruurrrro
984 393 1022 435 nr
1045 394 1111 438 arus
1134 395 1262 439 scnrrrrs

266 563 334 607 asae
356 543 484 605 duxeris.
528 543 622 622 Atque
644 559 699 622 ego
720 541 867 604 rationem
888 553 949 602 non
963 543 1049 604 rideo
1072 561 1125 604 eur
1145 545 1256 606 auctori
1275 545 1345 606 aliosi
1361 546 1418 607 intr-

265 629 378 690 dicatur
399 645 437 689 ne
458 627 752 704 eademarg'umenta
774 625 879 686 iisdem
901 625 1001 686 verbis
1029 635 1158 705 repetat,
1198 629 1246 688 ubi
1277 629 1346 690 locus
1366 630 1418 690 rds't

265 713 296 773 in
318 729 404 791 quem
428 729 461 772 ea
483 711 595 790 pariter
616 710 731 771 cadant
775 705 856 769 Talis
885 717 983 770 autem
1011 709 1085 772 haee
1112 729 1199 773 causa
1228 720 1273 773 est
1295 731 1355 791 quae
1373 731 1419 774 nour

265 796 369 874 agitur.
399 795 437 856 Et
450 795 580 856 Marcion
603 801 632 854 et
653 793 763 866 ludaei,
785 791 918 871 quamvis
940 793 1063 854 di'versis
1084 795 1249 856 rationibus
1269 796 1344 868 ducti,
1359 796 1419 855 lesun

264 897 333 940 esse
361 878 499 940 blessiam
529 877 560 938 in
588 879 693 938 Vetere
721 877 912 938 Testamenta
944 877 1125 956 praedictum
1155 879 1304 958 negabant
1343 879 1418 956 Utriuu

262 963 352 1042 igitur
373 961 518 1024 refutandi
540 969 624 1022 urant
643 961 684 1022 ita
706 969 739 1021 ut
759 961 1013 1022 demonstraretur
1028 961 1205 1040 prophetias
1226 963 1262 1023 de
1281 963 1368 1024 llessia
1381 982 1419 1021 nn

263 1048 294 1108 in
317 1065 352 1106 eo
376 1047 506 1125 expletas
530 1063 613 1118 esse3
635 1045 694 1105 hoc
713 1045 812 1123 ipsum
833 1053 931 1106 autem
951 1045 1174 1120 demonstratur
1188 1046 1301 1106 duobus
1314 1046 1418 1106 illisbtis.

263 1149 390 1209 quorum
413 1139 472 1190 tam
494 1138 572 1190 emta
593 1136 640 1189 est
666 1127 838 1189 similitudo.
883 1127 1080 1189 Tertullianus
1103 1129 1128 1188 si
1150 1138 1317 1206 argumento
1334 1130 1377 1190 iarn
1392 1149 1418 1188 ss

263 1214 322 1276 mel
345 1221 480 1275 enarrate
503 1221 533 1274 et
553 1213 630 1272 hene
652 1218 792 1272 exornato
815 1211 905 1272 animi
927 1229 1015 1273 causa
1037 1229 1206 1274 samonem
1229 1213 1331 1274 ramme
1347 1213 1418 1272 volus-

213 1361 216 1368 ,
262 1305 318 1370 set,
341 1315 396 1357 nae
416 1291 465 1357 ille
486 1295 603 1375 agrame
624 1295 685 1356 otio
707 1295 819 1355 abusus
841 1303 937 1356 esset:
966 1297 1139 1374 praeserum
1161 1315 1252 1376 quum
1272 1297 1324 1358 lori
1340 1296 1368 1356 de
1382 1295 1419 1373 qui

261 1381 318 1442 bus
341 1399 420 1443 nune
440 1381 553 1458 agimus
574 1379 629 1440 toti
650 1378 850 1440 versenturin
866 1379 1031 1458 prophetiis
1045 1381 1239 1474 exponendis.
1266 1381 1420 1442 Nihilominus

263 1483 314 1526 eas
343 1464 521 1525 mutationes
549 1463 632 1535 facit,
670 1479 743 1540 quas
773 1471 884 1524 mutata
911 1481 1012 1523 rerum
1040 1465 1128 1525 leores
1155 1465 1305 1544 requirere
1328 1463 1376 1524 risa
1390 1471 1420 1522 est

261 1548 440 1608 hlonendum
469 1555 528 1620 est,
561 1547 668 1606 librum
689 1546 753 1606 adv.
776 1545 901 1608 ludaeos
924 1547 1043 1608 disertis
1066 1547 1165 1608 verbis
1187 1547 1222 1608 ab
1248 1549 1420 1626 iheronimus

263 1630 435 1692 Tertulliani
459 1648 534 1709 opus
557 1629 664 1690 citarit

347 1713 482 1775 blienum
503 1722 584 1774 esset
605 1713 641 1773 ab
663 1713 728 1790 ipso
750 1713 839 1774 huius
861 1712 929 1773 libri
951 1713 1088 1786 consilio,
1111 1715 1243 1776 rationes
1271 1711 1420 1776 excuterent

260 1797 333 1860 latas
356 1817 373 1858 a
395 1798 550 1859 Semlero¹²
571 1795 777 1868 contendente,
801 1815 892 1876 opera
914 1815 988 1874 quae
1010 1815 1089 1858 nunc
1110 1797 1173 1859 sub·
1186 1799 1290 1859 lustini
1311 1805 1337 1856 et
1352 1793 1421 1855 lrrnari

261 1880 432 1943 nominibus
461 1888 560 1942 extant
586 1880 742 1940 manifesta
770 1881 848 1940 turta
876 1899 892 1940 e
920 1879 1069 1941 Clemente
1095 1881 1291 1942 Alexandrino
1321 1881 1422 1942 modone

260 1963 386 2044 ideoque
410 1965 509 2044 spuria
531 1981 611 2024 esse.
640 1961 683 2022 Ab
698 1963 848 2026 Eusebio*
860 1981 893 2023 ea
904 1981 960 2042 pro
975 1964 1110 2041 genuinis
1126 1965 1210 2026 citata
1226 1984 1294 2027 esse
1307 1965 1370 2025 idun
1379 1979 1422 2021 rou

261 2049 352 2122 redit3
375 2067 449 2127 quae
471 2065 520 2108 res
542 2047 588 2106 vel
610 2046 672 2107 sola
695 2047 864 2106 sobriorum
893 2047 1061 2108 criticorum
1089 2048 1198 2109 iudicio
1226 2057 1365 2111 sexcentas
1380 2064 1422 2106 rur·

261 2132 389 2193 iacturas
411 2131 499 2193 certis
522 2130 702 2208 argumentis
724 2131 881 2191 destitutas
904 2131 1009 2191 vincet.

345 2215 382 2276 Ut
397 2215 521 2275 Semleri
537 2213 738 2274 dissertationi
754 2214 963 2274 examinandae
977 2223 1089 2276 tantum
1106 2217 1250 2294 temporis
1266 2213 1422 2294 impenderes

259 2315 319 2356 non
354 2297 564 2376 leoipropter
595 2297 692 2374 ipsam
725 2297 788 2358 eius
810 2298 1059 2374 praestantiamr,
1087 2317 1174 2377 qrram
1196 2300 1328 2377 equidem
1346 2297 1422 2357 melu

259 2380 343 2440 abest
369 2387 403 2440 ut
432 2380 533 2457 magni
557 2381 669 2450 faciam,
700 2380 753 2439 sed
777 2381 845 2459 quia
866 2381 1000 2442 Semlero
1024 2382 1102 2442 inter
1123 2383 1245 2443 criticos
1274 2379 1421 2443 bibliensis

259 2455 353 2541 signis
376 2463 492 2542 quidam
515 2463 597 2524 loeus
619 2463 763 2541 assignari
786 2462 871 2524 solet.
901 2463 974 2528 Eius
996 2465 1152 2526 consilium
1174 2473 1298 2544 apparet
1317 2467 1364 2526 hoe
1379 2479 1423 2521 aa.

258 2555 290 2607 ut
311 2547 427 2620 lustini,
448 2547 571 2618 hennei,
595 2545 766 2606 Tertulliani
788 2548 991 2614 auctoritatem
1012 2548 1176 2608 subvertat:
1199 2567 1297 2629 neque
1316 2559 1391 2609 bmen
1404 2544 1423 2600 i·

253 2629 307 2691 lud
329 2631 455 2709 ingenue
477 2639 507 2691 et
528 2637 628 2708 aperte
649 2631 765 2702 latetur,
788 2630 841 2691 sed
863 2631 942 2692 nube
963 2633 1086 2710 quadam
1110 2651 1144 2693 se
1157 2633 1280 2694 involvit
1293 2633 1424 2704 obscuraque

258 2721 287 2775 et
307 2714 426 2792 mystica
449 2713 582 2774 oratioue
604 2713 726 2785 utitur,·
742 2714 782 2773 ita
808 2715 883 2774 lacta
904 2709 1024 2794 utplus
1047 2723 1122 2776 tecte
1145 2716 1292 2793 significet
1310 2733 1380 2794 quam
1394 2729 1423 2767 u·

256 2798 391 2880 primat.¹
420 2791 462 2857 lta
490 2815 585 2874 quum,
606 2795 700 2856 lector
728 2797 885 2876 opiniones
914 2817 984 2859 suas
1012 2799 1130 2878 priores
1157 2800 1336 2861 disturbatos
1358 2797 1424 2856 rideat

257 2898 312 2941 nec
332 2888 430 2941 mmen
451 2881 521 2959 quid
544 2881 574 2940 in
596 2897 696 2940 earum
718 2880 816 2940 locum
839 2879 1076 2943 substituendam
1098 2882 1137 2942 sit
1158 2885 1328 2962 comperiat,
1347 2883 1424 2942 bue

255 2963 330 3024 lesta
352 2964 475 3043 quadam
497 2963 680 3024 dubitatione
701 2971 732 3024 et
753 2964 947 3042 trepidatione
969 2966 1154 3044 relinquitur.

341 3047 491 3108 semlerus
514 3048 541 3107 si
563 3047 594 3107 in
616 3065 652 3106 eo
676 3047 871 3125 acquievisset
892 3056 925 3109 ut
946 3048 1073 3121 diceret,
1107 3049 1321 3112 Tertulbanum
1339 3050 1364 3109 in
1379 3045 1425 3105 libro

194 3165 199 3172 ·
255 3129 319 3190 adv.
342 3129 561 3191 Valentinianos
589 3130 662 3190 nihil
691 3130 768 3192 aliud
790 3131 881 3192 lecise
903 3132 962 3192 nisi
990 3141 1023 3194 ut
1044 3151 1078 3194 ea
1101 3151 1175 3211 quae
1197 3135 1363 3213 superiores
1379 3126 1425 3188 seti-

253 3219 357 3291 ptores
381 3214 571 3274 tradidissent
592 3223 740 3293 repeteret
761 3214 887 3292 ideoque
913 3233 968 3293 pro
997 3216 1142 3294 locuplete
1163 3217 1332 3294 dogmatum
1350 3215 1378 3276 ab
1393 3211 1426 3270 illi·

253 3295 408 3358 haereticis
430 3297 653 3377 propositorum
676 3305 751 3358 teste
774 3297 875 3357 haberi
897 3316 957 3357 nun
979 3317 1071 3378 posse
1086 3333 1128 3343 -
1143 3300 1169 3360 ai
1189 3300 1325 3370 dixisset
1337 3297 1426 3359 omniun

254 3378 375 3438 omnino
396 3380 485 3442 buius
506 3381 635 3442 arrctoris
659 3381 836 3459 scriptorum
857 3381 971 3442 ratione
994 3382 1108 3456 habita,
1141 3402 1207 3444 eum
1229 3384 1355 3464 ingenita
1371 3376 1427 3440 anibi

252 3461 436 3523 vehementia
457 3464 609 3524 inductum
631 3483 697 3524 esse
718 3465 754 3525 ad
778 3466 1009 3543 exaggerandum
1032 3474 1061 3527 et
1081 3475 1252 3544 permotum
1273 3469 1310 3530 aul
1323 3465 1426 3529 dedena-

252 3545 360 3606 torium
384 3546 498 3607 dicendi
522 3563 615 3625 genus
636 3549 830 3626 sequendum,
853 3549 932 3626 quod
954 3567 1043 3628 saepe
1057 3569 1115 3610 nos
1130 3552 1176 3611 rix
1192 3552 1318 3613 delinire
1331 3549 1427 3629 peliatu,

183 3677 205 3710 ,
252 3637 396 3706 quatenus
426 3630 489 3691 eius
517 3631 604 3690 verba
634 3630 669 3691 ad
698 3631 824 3692 litteram
853 3631 1040 3710 intelligenda
1063 3641 1093 3694 et
1115 3634 1179 3694 eius
1201 3635 1294 3695 relata
1316 3652 1364 3714 pro
1380 3628 1427 3688 aab

251 3712 419 3790 accipienda
441 3713 502 3775 sint
526 3746 562 3756 -
587 3713 613 3776 si
640 3714 757 3793 longius
785 3715 873 3776 etiam
901 3735 1090 3794 progressus.
1109 3718 1313 3780 contendisset
1331 3717 1428 3778 iduueru
1458 3735 1459 3776 3

251 3813 368 3856 causam
397 3815 466 3858 esse
495 3797 681 3876 suspicandi,
714 3799 893 3860 Irenaeum*
925 3819 959 3860 ae
981 3800 1193 3862 Tertullianum
1221 3801 1290 3864 sire
1307 3819 1356 3880 per
1372 3799 1427 3873 igu-
1458 3795 1459 3848 l

249 3879 374 3940 santiam
403 3879 464 3940 sive
492 3881 528 3941 de
550 3881 693 3942 industria
721 3882 847 3944 subinde
860 3882 1078 3956 ¹Gnosticorum
1106 3885 1264 3963 opiniones
1288 3880 1428 3964 persensa
1458 3855 1459 3894 ¹

208 4009 212 4016 .
245 3961 344 4042 iisque
372 3962 534 4044 imputasse
562 3983 611 4025 res
640 3964 781 4026 absurdas
811 3974 840 4027 et
861 3975 1081 4040 monstruosas,
1114 3986 1189 4048 quaa
1215 3967 1429 4030 mimmenah
1458 4015 1459 4064 i

282 4173 299 4214 t·
317 4165 344 4216 lu
363 4167 535 4216 commentario
554 4167 584 4216 ad
601 4166 707 4217 Danielis
725 4181 745 4217 e.
763 4167 787 4218 9.
844 4219 848 4230 ,
883 4168 1024 4226 Tertulliani
1054 4169 1178 4219 citationes
1207 4185 1220 4218 e
1244 4171 1270 4220 S.
1295 4166 1430 4232 Scripturatl

161 4231 167 4238 '
281 4277 297 4314 u
325 4264 388 4316 seck
409 4269 441 4320 ¹4
468 4268 499 4318 ¹5
528 4267 559 4318 ¹6
882 4236 1017 4285 rsrsionem
1036 4235 1143 4296 latinam,
1161 4237 1224 4286 unde
1242 4251 1285 4286 eas
1303 4235 1368 4286 duxit
1458 4243 1459 4294 l

299 4300 306 4313 '
442 4305 447 4317 “
502 4303 507 4317 ·
560 4303 567 4317 “
915 4317 934 4352 a.
954 4303 1005 4352 llos
1021 4317 1119 4366 semper
1136 4303 1264 4353 terrendum
1283 4305 1367 4359 animo,
1384 4298 1431 4352 lurae
1458 4343 1459 4350 ,

280 4377 302 4413 x.
321 4363 381 4414 llist.
399 4365 465 4417 hoel.
482 4367 507 4428 V,
524 4367 563 4432 8.;
583 4367 619 4429 ll,
638 4367 679 4418 18.
881 4370 980 4419 maioris
1004 4385 1031 4419 ox
1050 4370 1141 4432 lrenaei
1160 4385 1233 4434 opere
1251 4373 1328 4434 partis
1343 4366 1392 4417 nibil
1405 4374 1430 4408 u·

278 4465 528 4530 ultilissimum
551 4469 656 4526 semies
679 4469 828 4519 aussoreno·
877 4444 933 4486 ¹¹¹⁶
959 4437 1161 4516 ⁰³⁸*.¹'l¹¹.‘¹¹⁸.¹⁰
1187 4439 1323 4516 'mitte‘
1353 4434 1430 4508 uum

244 4531 282 4581 nis
307 4547 345 4580 me
369 4532 448 4583 iudice
471 4538 508 4582 ea·
522 4543 567 4595 est,
591 4550 652 4599 quae
677 4537 780 4599 Pertinet
798 4537 827 4586 ed
879 4506 1321 4634 ἓξὲξεῧέῑέἕῑίΐξ.ΜΨΡΟΙΙῙΙΜΒ
1342 4507 1429 4562 wlff*
