3132 5238
524 389 659 442 sncrotm
679 397 785 440 secono
808 399 944 442 rausum.
1321 392 1340 452 3

203 541 300 604 Porro
329 543 423 622 (quod
443 543 481 606 sd
501 543 622 608 alteram
644 547 774 625 pertinet
794 550 1037 628 canuam-siam)
1059 551 1096 613 sle
1117 560 1260 632 tempore,
1282 573 1341 634 quo

125 627 157 688 ari
177 627 266 690 liulcm
288 645 451 690 conversus
473 637 520 692 eet
542 629 739 696 Tertullianus
760 643 879 708 noster,
901 635 997 698 maior
1018 635 1110 696 mutto
1132 656 1165 698 se
1186 639 1341 702 diffinitas

125 713 215 774 ollem
260 711 414 786 Quosdam
440 714 491 791 qui
519 713 659 776 claruisse
686 725 790 795 putant
811 719 889 782 cirea
907 733 1020 786 annum
1042 719 1150 782 Christi
1173 721 1232 792 neti
1255 722 1340 786 CLX.

126 796 223 858 tuum
244 795 315 858 illud
335 797 472 860 Auctoris
500 797 542 862 De
564 799 749 879 Monogamia
775 819 838 880 cap.
862 803 892 868 3.
926 808 1015 868 onm's
1036 808 1158 866 circiter
1181 805 1263 870 ctx.
1286 826 1342 870 em-

125 881 189 942 istis
207 882 386 961 productis,-
413 900 515 944 renum
537 882 578 944 illi
599 886 748 962 quomodo
771 887 958 966 computandi
980 887 1042 950 sint
1062 905 1079 948 a
1100 907 1190 967 passo
1213 889 1340 964 Christo,

125 983 158 1024 an
178 964 278 1042 potins
299 965 338 1026 ab
359 973 453 1028 aetate
474 985 532 1045 qna
552 969 703 1046 apostolus
725 971 833 1034 Paulus
854 970 1009 1050 epistolam
1030 968 1149 1050 scripsit
1179 973 1215 1034 ad
1233 973 1340 1036 Corin·

126 1049 199 1110 tbios
228 1049 370 1126 primam,
398 1049 476 1118 inira
502 1051 588 1114 tauns
618 1052 655 1114 ad
681 1071 791 1118 annum
819 1054 937 1120 Domini
959 1055 1082 1118 CCXlll.
1125 1057 1216 1118 blulto
1243 1057 1341 1136 itaque

125 1133 228 1194 reatus
249 1133 413 1208 Eusebius,
436 1135 507 1197 Ven.
529 1135 624 1211 Beda,
651 1137 834 1219 Prectalpbus
855 1139 1064 1212 buxeriensis,
1087 1139 1229 1203 Murtirms
1249 1141 1340 1204 Polo·

126 1235 188 1287 nus,
210 1217 367 1281 Conradus
388 1238 406 1282 a
427 1218 604 1282 bicbteusrv
625 1221 700 1284 Abh.
715 1223 935 1302 Urspergensis,
957 1223 1128 1286 Vincentius
1149 1224 1340 1288 Bellouacen·

123 1301 179 1375 sis,
201 1301 390 1363 Burmannus
418 1303 590 1366 Coniunctus
619 1317 648 1368 et
676 1306 874 1380 intuentos,
903 1307 982 1370 cirea
1007 1325 1117 1370 annum
1145 1309 1211 1387 plus
1241 1308 1348 1385 minus=

123 1386 228 1448 mrsu
249 1386 310 1448 nati
332 1386 388 1450 CC.
410 1387 623 1452 Tertullianum
645 1389 786 1458 claruisse
806 1392 949 1455 scribunt.
992 1391 1079 1470 Atqui
1100 1392 1137 1454 tle
1158 1410 1254 1464 anno,
1281 1409 1340 1470 qun

122 1469 238 1532 (bristo
260 1487 371 1532 nomen
391 1471 521 1545 dederit,
544 1473 632 1536 silent
652 1493 756 1538 omnes
778 1484 894 1554 praeter
915 1476 1012 1554 ipsum
1034 1475 1265 1547 Tertullianum,
1287 1474 1341 1536 sed

124 1553 218 1616 serbis
246 1554 335 1634 longe
362 1555 594 1636 obscurissimis.
638 1557 712 1622 lllud
739 1559 859 1637 quidem
886 1558 1075 1638 perspicuum
1103 1566 1165 1631 est,
1198 1558 1342 1620 statima

122 1637 265 1718 baptism
295 1639 497 1719 conscriptum
522 1641 560 1704 ab
587 1659 624 1702 eu
652 1640 760 1704 librum
781 1642 824 1702 lle
845 1641 955 1714 Pallio,
984 1659 1018 1702 ea
1046 1657 1153 1720 nempe
1175 1642 1340 1714 occasione,

121 1723 213 1802 quod,
243 1741 335 1802 quam
362 1741 418 1802 pro
440 1743 524 1786 more
544 1724 714 1789 Christiano
736 1733 805 1804 toga
825 1725 949 1792 <limina
968 1724 1089 1804 pallium
1109 1725 1229 1786 indutus
1250 1733 1340 1798 essct,

122 1806 232 1868 amima
257 1808 406 1886 quispiam
434 1809 556 1872 obiecit:
583 1808 634 1873 lta
655 1827 675 1871 n
698 1821 766 1889 iupa
787 1811 828 1874 uti
846 1807 1001 1891 pallium?
1043 1808 1098 1872 Cui
1126 1809 1204 1872 inter
1225 1816 1341 1870 caetera

125 1891 292 1968 respondet:
315 1897 355 1954 At
375 1909 428 1971 epe
450 1897 510 1954 ium
530 1891 581 1954 illi
600 1897 690 1956 etiess
711 1894 829 1958 uineae
842 1905 939 1956 sectas
953 1912 990 1960 aa
1004 1892 1179 1972 disciplinae
1195 1911 1340 1955 cammer-

126 1979 202 2036 csins
229 1977 363 2054 msera.
408 1977 510 2038 Gnade
535 1976 665 2058 pallulam
686 1987 715 2039 et
736 1978 856 2050 multu,
885 1970 995 2042 nteiior
1016 1981 1077 2040 iam
1098 1987 1127 2038 tc
1146 1973 1341 2056 pltiltsuplic

122 2061 242 2137 myrteta
267 2069 327 2131 est,
357 2077 396 2122 cn
421 2079 479 2141 psa
503 2060 709 2124 Christianam
729 2067 841 2128 entire
860 2065 996 2140 coepisti.
1009 2057 1030 2137 ¹)
1074 2059 1182 2127 Verum
1202 2077 1263 2125 non
1284 2078 1339 2138 pe·
1430 2075 1433 2086 ¹

122 2143 204 2204 riade
224 2143 348 2222 intelligi
370 2152 479 2223 potest,
501 2145 572 2224 quid
594 2145 652 2208 aibi
674 2145 766 2208 velint
786 2145 919 2208 eiusdem
939 2144 1007 2209 libri
1021 2143 1125 2206 rerba:
1149 2143 1208 2207 Sed
1229 2162 1341 2212 nonum
1431 2145 1440 2174 ⁸

120 2231 178 2290 iasr
197 2232 375 2308 antipatres,
400 2229 519 2310 mundo
541 2229 700 2292 carn'eulu
713 2241 823 2293 nostra
837 2247 951 2292 aarum.
985 2227 1141 2302 Quantum
1155 2228 1341 2308 reformauit

121 2312 201 2374 ariis
219 2311 374 2374 saeculnm
391 2306 496 2374 istud!
520 2313 807 2386 Quaaaannrtnn
816 2314 1190 2394 ansprauamtaataumt
1201 2312 1339 2378 antreal-

121 2397 376 2476 stupratorem
388 2397 828 2477 enpennrnnaevnnameo
840 2398 1036 2476 ratinpastis
1047 2389 1341 2474 inunumsnnsntel

123 2479 204 2552 naar
220 2499 329 2542 emens
344 2475 546 2560 transcripti!
570 2481 652 2553 Quot
665 2481 776 2560 populi
786 2474 1004 2561 propapinutil
1029 2479 1111 2552 Quot
1125 2480 1247 2542 ordines
1264 2477 1339 2540 illa-

122 2558 234 2626 strati!
258 2563 342 2636 Qnut
355 2564 487 2626 'barbari
503 2559 638 2626 seclusi!
659 2565 777 2626 Revera
796 2565 879 2626 orbis
891 2563 1092 2628 cultissimum
1113 2563 1202 2624 luins
1220 2565 1342 2648 imperii

122 2665 174 2709 sus
185 2659 241 2722 cst,
249 2650 405 2710 erudiente
418 2651 499 2709 anani
508 2653 628 2712 aconito
640 2648 817 2712 hostilitatis
827 2658 857 2710 ct
870 2659 951 2710 cacto
962 2659 993 2710 st
1003 2647 1080 2710 reio
1093 2646 1237 2710 subdolae
1246 2647 1340 2726 sami,-

121 2731 265 2794 linn'tats's
284 2736 432 2794 comitam
450 2748 608 2796 casocnem
631 2749 727 2813 seper
742 2732 862 2796 Alcinoi
871 2741 1023 2812 pometum
1039 2742 1067 2795 ct
1082 2729 1180 2794 llialae
1194 2739 1339 2795 rosetum.

122 2815 285 2894 liquidem
300 2815 470 2889 llbenanus,
484 2815 753 2894 llagdobnrgenses
766 2815 873 2894 aliique
887 2833 954 2878 eum
970 2815 1064 2878 secuti
1083 2815 1122 2874 ite
1139 2813 1339 2890 interpretan-

121 2908 176 2972 tur,
198 2907 232 2960 ut
252 2918 307 2978 per
321 2899 473 2980 triplicem
494 2905 615 2982 inperii
633 2905 777 2962 uirtutem
798 2899 961 2976 intelligant
977 2899 1118 2958 Sevemm
1132 2896 1296 2973 Augentum
1311 2903 1342 2955 et

120 2983 313 3045 Pescennium
327 2983 450 3061 Nigrum
460 3002 495 3046 ae
506 2983 642 3046 Clodium
655 2982 792 3044 Albinum
806 2983 957 3054 Caesares,
972 2995 1098 3059 quorum
1114 2979 1157 3040 illi
1172 2979 1209 3043 ab
1222 2977 1339 3041 exerci-

121 3067 197 3130 tibus
212 3069 243 3128 in
258 3067 422 3128 Pannoniis
433 3074 461 3127 et
477 3067 609 3139 Oriente,
632 3066 724 3128 bicin
747 3065 838 3128 sallia
858 3065 965 3126 Caesm
986 3062 1081 3128 dictus
1106 3071 1163 3130 cst·
1195 3061 1254 3125 Sed
1277 3062 1341 3140 ipse

120 3151 177 3212 sibi
206 3151 384 3214 cnauaditit
409 3149 585 3223 Rhenanus,
612 3167 704 3228 nuum
733 3150 838 3210 latetur
866 3147 957 3208 inrito
979 3145 1341 3210 &satannianorum

122 3233 293 3306 Pescennio,
308 3243 347 3304 ,et
367 3233 580 3316 utrumque-nb
602 3233 651 3294 illo
674 3233 791 3296 bostem
813 3231 972 3294 iudicatum
993 3237 1062 3293 etc
1088 3230 1161 3292 vivis
1194 3230 1341 3294 sublatum

122 3329 230 3397 postea.
275 3318 341 3381 lion
369 3317 479 3398 poterit
499 3317 587 3398 igitm·
608 3318 639 3380 in
661 3325 740 3380 nata
762 3317 850 3380 trium
872 3315 1032 3379 Caesarum
1053 3314 1200 3377 simultate
1221 3331 1340 3379 nomm-

122 3403 234 3466 rnodari
262 3403 349 3464 illud:
376 3403 442 3467 Deo
469 3413 516 3466 tot
536 3405 680 3480 sununs
703 3406 735 3463 in
755 3418 851 3466 nnana
871 3400 1006 3479 favente,
1035 3398 1127 3463 multo
1148 3416 1220 3460 uero
1240 3397 1340 3461 minus

120 3487 203 3550 iliad:
225 3489 382 3551 emisam
407 3491 490 3550 omni
501 3490 620 3550 aconito
637 3485 825 3550 instituatis.
847 3485 910 3546 lmo
921 3497 1012 3562 quum
1022 3481 1341 3547 illatriutnCaesanun

121 3573 206 3634 nnis
228 3574 259 3634 in
274 3571 436 3650 provinciis
451 3571 574 3634 udentia
590 3569 746 3648 contigerit
760 3568 858 3630 statim
873 3568 957 3630 bubo
978 3565 1094 3645 imperii
1113 3564 1233 3637 Severi,
1249 3563 1339 3627 mini-

119 3673 165 3716 me
187 3656 346 3718 convenire
367 3663 467 3735 potest
488 3671 554 3718 ntum
575 3654 676 3716 serbis
690 3652 895 3732 sequentibus:
921 3651 1005 3724 Quot
1017 3669 1124 3716 sensas
1139 3641 1341 3726 transcripti!

117 3749 172 3800 etr.
185 3752 262 3822 quot
271 3741 400 3802 barbari
407 3731 545 3802 mant!
557 3739 689 3812 Quorum
701 3736 1039 3816 postremummeiurem
1050 3731 1223 3826 scrupulum
1235 3729 1339 3801 inlinit,

117 3825 199 3902 mand
221 3823 289 3886 inde
310 3831 437 3897 cunstat,
458 3841 519 3884 nnn
540 3823 599 3886 nisi
618 3830 688 3901 post
708 3821 847 3884 cnclnsm
865 3821 1018 3885 'barbarus
1039 3819 1119 3881 buun
1138 3815 1245 3907 librum
1266 3829 1339 3874 enn-
1387 3889 1392 3896 .

115 3909 273 3988 seriptum,
291 3908 392 3988 idest,
405 3916 473 3986 poet
485 3907 616 3970 devictus
626 3906 749 3978 Arabes,
762 3905 887 3968 Partbos
899 3911 928 3969 et
939 3901 1118 3994 Adiabenos.
1133 3896 1220 3969 Quod
1231 3904 1340 3993 utaque,
1386 3909 1391 3919 ’

115 3991 335 4071 inergumcnto
347 4001 377 4054 et
387 3991 629 4054 nuuomu'onibus
647 3990 767 4063 nostris,
782 3991 820 4050 ad
835 4006 945 4052 annum
962 3989 1023 4048 lere
1039 3988 1171 4061 quintum
1187 3981 1340 4045 retubmus

117 4076 237 4156 inperii
248 4076 360 4151 Severi,
378 4077 541 4140 etiannum
557 4075 677 4138 tertium
694 4074 794 4153 potius
809 4071 948 4152 applicari
963 4075 1102 4147 oportere
1117 4073 1222 4144 postea
1232 4065 1341 4142 depre-

117 4159 292 4234 beniinus,
315 4179 406 4240 quum
416 4179 495 4222 anno
509 4168 613 4239 quarto
628 4178 646 4220 a
661 4160 772 4220 Severo
787 4157 912 4220 deiicere
920 4153 1044 4217 Albinus
1055 4149 1196 4229 coeperit,
1219 4157 1249 4210 et
1262 4165 1340 4216 anuo

116 4245 222 4321 munte
231 4245 405 4308 meatus
416 4244 467 4306 sit.
487 4243 588 4324 ltaque
601 4242 813 4322 impemntibus
827 4252 962 4304 tuncuua
972 4237 1084 4298 Severo
1094 4232 1340 4330 Auissffwgssssffl·

115 4327 188 4391 nina
206 4330 269 4392 cius
284 4329 346 4391 tilio
362 4337 394 4390 et
407 4327 485 4392 dictu
499 4328 617 4400 Albino,
632 4335 734 4407 parato
749 4325 808 4388 iam
821 4323 958 4402 imperio,
974 4327 1076 4400 utpote
1091 4319 1212 4380 devictus
1227 4333 1286 4378 tam
1297 4331 1341 4409 at

114 4414 225 4476 occisis
253 4423 282 4474 ct
307 4413 440 4485 loliano,
469 4413 518 4492 qui
547 4412 645 4473 occiso
673 4410 828 4472 Pertinace
850 4405 920 4469 illud
943 4403 1102 4476 inuaserat,
1125 4410 1155 4464 et
1176 4396 1341 4462 Poscenmo

186 4599 210 4658 l)
228 4599 261 4650 lle
280 4599 359 4650 Pallio
378 4611 433 4662 esp.
451 4597 484 4660 5,
503 4613 555 4662 cap.
574 4596 608 4656 6.,
627 4611 679 4660 cop.
698 4593 722 4642 3.
772 4639 779 4650 ,
1105 4664 1140 4714 ι*
