3114 5240
265 235 325 300 158
360 250 553 295 plasmatio
568 249 599 293 tn
614 248 667 300 QU-
678 247 763 293 Sm-
777 249 864 294 anas.
879 247 1075 293 annuntiant
1089 248 1316 294 monasteriensi
1330 251 1420 294 CR'PP.

262 401 351 464 tidem
372 399 525 462 habiturus
547 396 616 460 esti
646 397 752 460 Nonne
774 391 934 460 Suetonius
956 415 1012 486 naa
1034 396 1139 460 eliardi
1160 397 1312 460 admonuit
1333 415 1482 478 gamma·

262 485 330 547 ticis
359 484 459 546 datum
486 481 571 544 initio
598 499 708 543 nomen
735 481 942 555 litteratorum,
970 482 1038 560 quia
1059 481 1168 560 aliquid
1189 489 1273 544 acute
1293 483 1481 561 scienterque

262 575 400 649 poterant
421 567 520 628 dicere
540 574 591 628 aut
610 566 738 645 probare
760 565 894 638 (Sueten.
908 565 1047 626 delliust
1059 565 1217 628 Grammat.
1240 568 1312 642 §.A
1327 584 1357 645 p.
1369 565 1482 643 821.)t

262 654 298 715 At
319 653 376 713 boe
395 651 587 730 potissimum
608 649 729 712 nomine
750 649 949 711 Terttdlianus
972 649 1151 710 liemebium
1177 649 1314 723 laudarit,
1342 651 1481 729 quoniam

213 782 218 791 .
264 737 301 798 de
327 735 521 809 bibliothecae
553 733 735 813 praefectura
768 732 826 811 ipsi
854 751 871 793 a
898 732 1089 811 Philadelpho
1118 734 1278 796 commissa
1303 733 1482 796 disserebat.

263 820 315 881 Cui
336 827 434 880 aulem
451 818 556 879 melius
570 817 741 878 demandari
755 815 860 895 potuit,
884 835 970 894 quarn
986 816 1242 896 grammaticorum
1256 817 1480 895 probatissimo,

262 903 293 965 id
314 911 367 977 est,
388 902 454 963 viro
475 901 554 963 vana
575 900 740 962 eruditione
761 899 907 980 praedito,
929 900 978 978 qui
1000 899 1093 962 libros
1115 918 1219 962 omnes
1231 918 1395 981 eorumque
1408 919 1481 982 pre·

262 988 337 1050 dum
357 986 489 1066 apprime
510 982 656 1046 noverat?

757 1139 924 1202 laricanus
943 1150 983 1199 m.

263 1255 311 1308 Qua
329 1255 350 1300 in
368 1253 506 1309 Philadelphi
523 1253 657 1297 bibliotheca
674 1251 725 1295 libri
745 1251 864 1296 Sacrannn
882 1251 1044 1308 seripturarum
1062 1252 1159 1307 repositi,
1176 1253 1214 1297 nbi
1232 1263 1258 1297 ea
1275 1251 1410 1296 bibliotheca
1429 1261 1483 1296 con·

263 1315 354 1374 ahora,
371 1330 467 1376 quanm
484 1322 508 1366 in
524 1319 563 1364 illa
581 1320 687 1364 &aarum
705 1330 821 1372 numenio,
845 1331 873 1364 an
891 1327 935 1363 tota
952 1319 1056 1364 incendio
1075 1327 1213 1375 consumpta,
1237 1319 1348 1375 mommo
1364 1320 1426 1364 ueri
1443 1330 1483 1364 co-

339 1390 400 1434 dices
419 1390 447 1434 ad
465 1387 601 1434 Christianos
617 1387 758 1442 pervenerint
771 1386 849 1498 adi:
865 1386 967 1496 fficetffl
984 1387 1118 1431 ludaeorum
1135 1388 1163 1431 ad
1181 1399 1221 1431 eos
1237 1387 1326 1443 publice
1341 1387 1407 1432 ised·

347 1570 508 1647 Postquam
536 1568 735 1630 dormitiones
764 1569 842 1629 illam
871 1587 988 1630 omnem
1017 1568 1152 1630 codicum
1180 1567 1288 1630 Sacrae
1309 1567 1486 1646 scripturae

262 1670 317 1714 seu
337 1651 473 1714 hebraica
495 1671 548 1714 seu
570 1669 672 1731 graeca
694 1652 792 1732 lingua
813 1652 978 1731 descriptae
999 1651 1197 1713 narrationem
1226 1653 1384 1723 contexuit,
1416 1659 1484 1712 bam

263 1737 402 1798 aondnuo
424 1743 550 1805 enamat,
572 1735 623 1796 ubi
645 1735 742 1797 cuncti
763 1735 805 1796 illi
827 1737 944 1798 codices
966 1736 1208 1798 asservabantur:
1242 1734 1346 1805 Hodie.
1375 1735 1483 1814 inquit,

262 1818 926 1981 lllld'ttttnllinsilistis
938 1823 1111 1979 >winih
1131 1819 1483 1974 Pitthides

262 1987 319 2048 bos
342 1987 497 2048 hebraicos
518 2003 698 2064 maerorque
720 1986 834 2046 Veteris
857 1985 1039 2048 Testamenti
1061 1987 1155 2048 libros
1177 1987 1327 2065 repositos
1340 1986 1437 2047 inisse
1451 1985 1483 2046 in

187 2081 189 2086 '
263 2069 404 2148 Serapem
431 2071 489 2130 boe
515 2077 562 2129 est
582 2067 731 2146 Serapidis
747 2069 962 2148 templo,·quod
974 2070 1164 2131 Alexandriae
1179 2077 1361 2131 exstructum
1374 2070 1496 2137 iuerat.

262 2153 335 2214 Nam
357 2152 585 2232 chrysostomus
612 2153 722 2213 diserte
751 2153 923 2230 pronuntiat
951 2153 1017 2215 illos
1047 2153 1083 2214 ab
1112 2155 1171 2214 hoe
1189 2153 1358 2215 Ptolemaeo
1379 2153 1483 2214 Phila-

262 2235 369 2316 delpbo
397 2237 555 2298 collocatos
580 2235 673 2298 inisse
699 2231 748 2311 εἰς
773 2231 813 2298 τὸ
840 2236 898 2298 τοῦ
926 2233 1113 2320 §spinatae
1142 2232 1238 2320 ἱερὸν,
1271 2243 1303 2298 in
1325 2237 1484 2316 Serapidis

263 2321 406 2400 ternplum
433 2320 598 2398 (chmsost
621 2320 702 2380 Orat.
725 2319 748 2379 1.
778 2320 842 2380 adv.
864 2320 926 2381 lud.
950 2321 1035 2382 Tom.
1058 2320 1081 2381 l.
1103 2339 1133 2399 p.
1156 2323 1229 2384 394.
1253 2319 1322 2381 edit.
1344 2319 1484 2397 hiereli).

261 2404 298 2463 At
319 2403 350 2463 in
372 2422 418 2476 eo,
441 2403 522 2482 quod
542 2402 756 2480 magnificentia
778 2421 831 2463 sua
854 2403 920 2477 soli,
943 2403 1029 2466 sicuti
1045 2404 1156 2465 Gellius
1172 2413 1202 2466 et
1215 2404 1387 2466 Ammianus
1401 2404 1484 2464 blar-

263 2485 384 2547 eellinua
405 2485 570 2565 perbibent,
594 2485 736 2564 Capitolio
758 2486 890 2558 cedebat,
912 2487 996 2564 plura
1017 2487 1211 2566 proculdubio
1236 2495 1321 2548 erant
1346 2495 1485 2566 separata

262 2589 279 2630 a
301 2570 479 2632 seinvicem
501 2568 632 2631 aedificia
654 2569 739 2642 [Gall.
761 2569 812 2630 lib.
834 2569 880 2629 Vl.
903 2569 988 2631 Noet.
1010 2573 1067 2632 Aa
1091 2589 1116 2632 c.
1137 2571 1213 2648 uit).
1243 2571 1276 2631 ln
1300 2587 1404 2631 eorum
1426 2590 1485 2631 au-

263 2661 322 2714 tem
344 2649 441 2732 aliquo
469 2671 528 2715 una
549 2661 598 2714 aut
619 2652 726 2732 duplex
748 2653 930 2732 Philadelphi
952 2654 1127 2716 bibliotheca
1149 2654 1280 2732 reposita
1300 2653 1365 2715 tuit
1409 2654 1484 2714 Plu-

262 2737 370 2798 rimum
385 2738 536 2798 enimvero
550 2737 660 2797 Auctor
675 2745 777 2798 noster
791 2736 891 2798 verbis
904 2738 1040 2816 proxime
1055 2738 1149 2799 citans
1164 2738 1313 2812 meminit3
1336 2738 1484 2816 quemad-

262 2822 383 2882 modum
404 2821 574 2884 Ammianus
589 2819 786 2893 Marcellinus,
808 2820 856 2898 qui
877 2830 948 2899 post
968 2821 1146 2899 descriptam
1161 2821 1283 2900 Serapei
1304 2822 1485 2882 munificen-

264 2905 333 2966 tiam
362 2906 406 2966 sic
432 2903 637 2984 prosequitur:
673 2904 712 2965 ln
744 2923 801 2984 qao
824 2904 1015 2967 bibliothecae
1036 2907 1166 2984 fuerant
1188 2903 1430 2975 amaranatha,
1455 2915 1487 2965 et

264 2989 404 3068 loquitur
426 2999 687 3050 monumentorum
713 2999 850 3049 aeterum
878 2993 1035 3050 conn'nene
1064 2989 1149 3068 fides,
1178 2993 1367 3068 septinqealo
1388 2989 1486 3051 ualu-

261 3076 343 3129 mina
363 3070 469 3139 millia,
492 3069 669 3132 Ptolemaeis
691 3072 811 3150 reqihae
833 3072 943 3150 niqa'liis
964 3076 1089 3135 intentis
1112 3076 1285 3152 composita,
1309 3070 1386 3134 hello
1409 3073 1487 3134 Ale-

261 3153 416 3213 xandrino
445 3154 514 3213 deant
542 3154 689 3231 diripitur
718 3157 834 3229 civitae,
861 3156 916 3216 snb
944 3156 1092 3218 dictatore
1115 3157 1243 3218 Caesare
1272 3157 1487 3235 constuprasse

263 3235 418 3309 (Ammian.
440 3234 566 3295 Marcell.
587 3235 655 3296 libr.
677 3236 766 3296 xxti.
789 3255 852 3315 cap.
878 3242 927 3302 16.
948 3257 978 3316 p.
1002 3241 1099 3314 343.).

346 3317 439 3377 Unam
472 3325 570 3378 autem
601 3327 713 3379 motum
745 3331 890 3384 memorat
918 3322 1097 3396 Athenaeus,
1129 3323 1190 3400 qui,
1210 3330 1379 3400 ⁴postquam
1400 3322 1485 3383 viros

262 3401 404 3478 quosdam
426 3402 631 3462 coacervandis
663 3401 746 3463 libris
778 3403 894 3464 nobiles
925 3405 1091 3466 recensuit:
1131 3408 1250 3477 Omnes,
1273 3405 1377 3484 inquit,
1399 3423 1488 3468 mer-

263 3495 348 3546 catue
370 3484 560 3546 Ptolomaeus
582 3503 640 3547 rea
660 3481 990 3567 nostrae,“coqnatnine
1010 3489 1235 3568 Philadelphus,
1259 3507 1325 3550 curn
1346 3493 1384 3550 iis
1406 3507 1486 3569 qnos

262 3569 386 3632 Athenis
415 3579 445 3630 et
469 3568 569 3630 Rhodi
593 3581 714 3670 emerat,
744 3566 791 3644 εἰς
817 3566 875 3654 ripa
903 3568 1003 3656 καλὴν
1029 3565 1278 3654 Ἀλεξάνδρειαν
1310 3568 1484 3654 μετήγαγε,

261 3653 1485 3816 tt.diligit.ildini,llttltlhlltldttdsthllid

262 3819 366 3897 inquit,
389 3819 604 3899 Philadelphus
628 3821 744 3881 diuinas
761 3820 940 3901 Scripturas
962 3827 994 3884 in
1014 3841 1154 3902 praeeant
1173 3841 1274 3884 vocas
1288 3839 1327 3884 ea
1342 3821 1487 3884 hebraica

262 3903 367 3979 linqua
386 3921 443 3982 per
465 3903 554 3965 LXX.
577 3908 758 3982 interpretes
781 3907 956 3984 transferre
978 3912 1106 3982 curavit,
1129 3925 1202 3987 quas
1224 3909 1256 3966 iu
1271 3907 1486 3968 Alexandreion

263 3983 438 4047 bibliotheca
467 3987 577 4058 hahuit,
609 4005 697 4069 quarn
725 3988 784 4049 aidi
810 4007 848 4050 en
875 3994 958 4050 omni
976 4008 1082 4068 qenere
1106 3989 1298 4053 litteraturae
1320 4007 1485 4069 compara-

261 4078 351 4128 oerat
372 4069 492 4140 (Euseb.
515 4072 624 4131 Gbron.
647 4071 684 4131 ad
705 4089 773 4132 ann.
795 4071 1047 4148 nbccxxxlvn.

345 4151 383 4210 At
403 4151 596 4231 Epiphanius,
626 4155 681 4216 etsi
709 4155 782 4216 duas
811 4156 945 4234 designet
968 4156 1170 4230 bibliothecas,
1199 4154 1230 4216 in
1258 4156 1317 4216 hoe
1343 4163 1488 4216 tamena

262 4233 441 4296 Tertulliano
478 4244 582 4299 nostro
621 4247 651 4300 et
687 4239 840 4301 Ammiano
872 4238 1039 4302 Marcellino
1075 4239 1227 4311 dissentit,
1264 4237 1344 4318 quod
1373 4239 1486 4301 Sacrae

261 4316 429 4396 Scripturas
450 4317 543 4381 libros
566 4323 596 4383 in
617 4321 754 4396 Brucida,
771 4332 801 4384 et
814 4323 944 4402 Aquilae,
969 4323 1134 4401 Symmachi
1146 4331 1176 4384 et
1190 4322 1408 4384 Theodotionis
1433 4324 1486 4384 in-

260 4401 486 4481 terpretationes
507 4403 537 4464 in
559 4406 674 4468 minore
696 4408 825 4488 Serapeo
846 4407 962 4488 positos
984 4407 1078 4470 inisse
1098 4414 1221 4469 asserat.
1259 4406 1350 4469 Suam
1372 4407 1488 4469 etenim
