3122 5250
484 387 619 432 sacroru
640 387 700 432 rasa.
720 387 759 432 ss
780 387 915 437 nouus..
1245 373 1309 440 355

84 536 173 602 tacile
206 536 264 600 sihi
295 555 357 600 uon
384 537 573 618 persuadebit
599 537 673 602 haec
699 538 798 600 omnia
824 557 842 600 a
863 535 1043 600 Tertulliano
1069 555 1132 602 non
1158 539 1199 602 its
1219 541 1311 606 simul

86 623 227 702 mniuugi
247 622 391 703 potuisse,
413 624 472 686 uisi
494 641 529 686 ea
549 623 595 686 rel
616 642 653 686 ex
684 623 750 703 ipso
772 622 867 684 Plinio
895 622 941 686 vel
961 623 1069 686 iisdem
1089 643 1124 688 ac
1145 623 1194 686 ille
1214 625 1309 688 ionii·-

88 708 147 770 bus
168 705 324 769 hauserit?
344 707 434 770 Paulo
456 707 534 771 enim
555 707 640 770 aliter
660 707 793 770 Valerius
814 707 957 770 Maximus
980 716 1081 770 namet
1100 707 1179 772 illam
1193 709 1309 790 Egnatii

87 792 212 856 liecenii
234 811 357 854 uxorem
385 811 420 855 eo
442 793 521 872 quod
553 792 653 854 uinum
685 791 801 854 biberat
828 792 865 854 ab
886 810 923 854 eo
945 793 1151 873 iuteremphm
1171 795 1237 856 sine
1256 814 1309 858 ac-

87 884 227 942 cusatore
247 885 299 939 aut
319 877 537 958 reprehensore
558 877 632 954 (Vel.
653 877 728 939 liar.
750 876 802 940 lib.
824 876 872 938 lll.
895 895 959 956 cap.
981 880 1012 942 3.
1034 881 1065 956 5.
1086 879 1142 956 9.),
1169 879 1311 958 quoniam

87 980 196 1023 omncs
217 961 423 1024 existimabant
450 967 561 1044 optr‘rue
589 961 674 1025 illam
695 961 829 1044 euenplo
850 961 982 1026 violatae
1002 963 1175 1028 sobrietatis
1194 981 1311 1044 poenas

88 1047 186 1110 luisse
207 1045 300 1121 (idem
322 1047 374 1108 lib.
394 1047 432 1109 ll.
455 1065 518 1127 cap.
536 1049 564 1110 1.
587 1051 616 1124 ὅ.
640 1051 695 1124 5.).

176 1131 263 1194 Prius
285 1149 355 1194 vero
378 1131 490 1194 dixerat
511 1131 570 1193 vini
590 1148 677 1193 usum
700 1129 770 1191 olim
785 1129 926 1192 Romanis
941 1130 1058 1196 seminis
1072 1131 1221 1212 ignotum,
1243 1133 1312 1213 quia

85 1217 244 1296 proximus
271 1223 317 1278 est
342 1215 410 1278 inde
437 1216 474 1278 ad
501 1216 704 1278 inconcessam
731 1215 878 1276 Venerem
898 1215 1018 1294 gradus.
1062 1215 1252 1289 Quinetiam
1272 1217 1311 1280 uh

87 1305 125 1362 Α.
149 1299 242 1363 Gellio
264 1319 383 1362 rursum
406 1301 510 1363 citatur
532 1300 612 1374 Cato,
635 1300 685 1380 qui
707 1298 826 1360 tradidit
847 1299 951 1362 codem
972 1299 1062 1362 modo
1085 1300 1311 1366 condemnatam

87 1385 257 1460 mulierem,
290 1403 365 1464 quae
385 1393 436 1447 aut
456 1385 556 1447 vinum
577 1383 693 1446 biberat
718 1391 769 1445 aut
789 1384 820 1446 in
842 1383 986 1446 adulterio
1008 1385 1105 1448 iuerat
1126 1384 1311 1466 deprehensa

85 1471 137 1548 (Α.
162 1469 234 1532 Geli.
255 1469 307 1530 lib.
329 1469 365 1532 ll.
388 1469 472 1532 Nost
494 1469 580 1532 stite.
603 1487 665 1549 cap.
688 1471 762 1546 aa).
805 1468 849 1530 td
876 1469 948 1530 haec
968 1487 1039 1530 uero
1059 1469 1228 1533 Athenaeus
1248 1489 1312 1534 nou

87 1555 191 1616 solum
211 1553 271 1615 riui
291 1553 465 1617 mulieribus
486 1573 503 1616 a
524 1553 665 1616 Romanis
687 1551 834 1615 interdicti
855 1553 1036 1615 mentionem
1057 1554 1136 1629 iacit,
1157 1555 1211 1618 sed
1224 1555 1311 1618 addi·

86 1639 134 1702 dit
161 1639 284 1718 insuper
311 1639 411 1700 cellam
439 1639 581 1700 vinariam
600 1639 639 1700 iis
660 1655 721 1700 non
743 1636 931 1699 commissam
953 1647 984 1700 et
1004 1638 1138 1701 osculum
1159 1657 1176 1701 a
1197 1639 1311 1704 maritis

87 1735 122 1786 et
143 1724 275 1804 cognatis
297 1723 406 1786 ideirco
427 1732 607 1803 porrectum,
630 1730 663 1784 ut
682 1731 809 1802 possent
830 1722 955 1784 odoratu
969 1740 1131 1802 agnoscere
1145 1731 1244 1786 utrum
1259 1743 1312 1786 re·

87 1827 162 1870 vera
188 1808 289 1870 sinum
315 1807 461 1872 bibissent
491 1807 609 1883 (tuen.
631 1807 682 1869 lib.
704 1806 740 1869 ll.
769 1807 971 1886 lleipnosoph.
993 1825 1057 1888 cap.
1081 1811 1110 1872 7.
1132 1826 1163 1887 p.
1185 1811 1258 1873 429.
1281 1815 1313 1872 et

85 1913 158 1972 cap.
182 1898 231 1956 11.
258 1910 289 1973 p.
312 1897 409 1970 440.).
450 1893 493 1954 lle
515 1893 571 1954 hae
591 1901 689 1954 autem
711 1891 770 1953 riui
791 1891 997 1954 interdictione
1018 1891 1077 1954 iam
1098 1892 1311 1974 disputavimus

85 1978 259 2054 (llissertat.
281 1978 313 2039 iu
326 1977 443 2040 ebrach.
465 1995 529 2058 cap.
551 1977 665 2041 1111
691 1979 742 2053 1.).

179 2063 287 2125 Contra
308 2061 384 2124 hanc
405 2071 502 2124 tamen
523 2061 634 2142 legem:
656 2060 737 2123 Prae
751 2063 832 2134 cino,
854 2060 949 2139 inquit
963 2060 1172 2136 Tertullianus,
1193 2061 1314 2126 sellem

88 2147 224 2210 liberum
245 2158 292 2210 est
313 2147 449 2210 caculam
471 2146 655 2221 (Tertullian.
670 2144 824 2224 Apologet.
846 2162 909 2224 cap.
925 2147 979 2223 6.).
1006 2145 1046 2207 lt
1065 2146 1097 2208 in
1118 2145 1190 2208 illud
1211 2147 1311 2209 ebrie-

86 2232 163 2294 tatis
193 2231 294 2293 vitium
315 2231 387 2293 uarii
408 2231 569 2312 scriptores
592 2249 626 2292 so
645 2228 836 2310 potissimum
857 2229 967 2292 satirici
994 2235 1102 2311 poetae
1124 2230 1312 2294 invehuntur.

83 2317 154 2378 Sed
175 2315 355 2378 sufficietis
376 2334 438 2377 rem
459 2315 645 2378 notissimam
666 2315 740 2376 haee
759 2314 899 2376 retulisse
912 2313 1060 2378 luvenalis
1083 2315 1221 2391 carmina,
1244 2315 1313 2396 qui-

82 2403 149 2465 bus
173 2420 217 2475 ea,
241 2420 315 2480 quae
336 2400 508 2490 nonmodo
530 2400 566 2461 de
588 2400 738 2473 ebrietate,
761 2399 813 2461 sed
834 2399 905 2462 luxu
926 2398 1015 2461 etiam
1037 2399 1069 2462 in
1090 2400 1238 2482 superiori
1259 2419 1311 2462 ar-

83 2485 184 2550 ticulo
206 2486 342 2559 diximus
366 2485 519 2548 manifeste
541 2485 766 2546 conmmantur:

244 2570 371 2634 Nullum
392 2575 504 2632 arietes
526 2571 609 2633 adest
629 2571 808 2649 facinusque
831 2567 970 2640 libidinis,
993 2585 1031 2632 eu
1052 2586 1110 2650 qua

246 2656 417 2737 Paupertas
438 2654 573 2718 llomauo
591 2658 675 2734 perit
676 2696 1112 2716 .........

245 2824 351 2888 Prima
370 2827 549 2905 pereprinos
572 2824 718 2886 obsecuta
735 2825 866 2901 pecunia
887 2838 989 2883 mores

247 2909 359 2972 Intulit
380 2915 416 2974 et'
429 2913 517 2988 turpi
534 2909 696 2988 [ceperunt
716 2905 837 2969 saecula
861 2903 939 2968 locs

247 2995 379 3056 Divitiae
398 2993 515 3057 molles.
561 2992 642 3066 Quid
663 2995 741 3052 euim
765 2989 861 3052 Venus
884 2989 969 3052 ebria
990 2985 1105 3050 curati

248 3078 387 3160 lapuiuis
409 3089 437 3140 et
459 3080 565 3158 capitis
588 3093 662 3157 quae
685 3079 747 3138 siat
769 3075 945 3135 discrimina
965 3076 1070 3144 nescit,

249 3163 386 3226 Grandia
407 3181 481 3244 qaae
501 3161 604 3224 arediis
627 3165 687 3222 iam
707 3159 844 3221 coetibus
868 3168 969 3220 ostrea
983 3157 1112 3220 mordet.

252 3248 324 3310 011111
341 3249 472 3327 perfuso
493 3263 577 3308 utero
600 3254 741 3326 spumant
762 3252 915 3322 suprema
936 3241 1077 3312 Falerna,

251 3332 324 3394 Cum
346 3333 458 3394 bibitur
481 3330 603 3405 conabo,
626 3348 693 3392 eum
713 3333 774 3390 iam
794 3330 941 3408 vertipine
962 3336 1078 3396 remum,

248 3415 389 3480 Ambulot
411 3427 440 3479 et
459 3419 582 3496 pemiais
604 3417 743 3494 eusurpit
762 3430 867 3474 measa
888 3411 1032 3474 lacernis.

248 3501 268 3564 1
286 3519 367 3563 aune
389 3511 417 3564 et
439 3501 542 3562 dubita
563 3517 621 3580 qua
642 3499 765 3562 sorbeat
786 3502 861 3558 cira
881 3513 981 3558 saeua

252 3585 361 3657 Tullia,
383 3586 453 3666 quid
475 3585 554 3648 dicat
573 3595 662 3648 uotae
686 3581 818 3646 Callatia
839 3580 941 3654 Mara,

250 3669 363 3733 Maura
380 3669 552 3750 pudicitiae,
576 3677 704 3730 aeterua
727 3686 792 3730 cum
809 3668 960 3746 praeterit
981 3682 1079 3726 aram.

630 3749 768 3826 (luvenal.
792 3749 880 3812 Satir.
902 3749 950 3809 Vl.
971 3767 1000 3810 u.
1023 3749 1084 3814 293
1108 3755 1139 3808 et
1158 3750 1253 3826 seqq.)

185 3838 264 3913 Quid
285 3835 394 3920 plura?
432 3835 596 3899 Gentilibus
618 3834 714 3896 adhuc
733 3833 844 3914 probro
864 3834 974 3895 Auctor
994 3839 1100 3894 noster
1120 3831 1216 3904 vertit,
1238 3829 1318 3910 quod

91 3924 253 3990 evanuerit
277 3923 375 4004 prisca
402 3921 533 4002 [elicitas
555 3923 827 3991 matrimoniorum,
856 3920 891 3980 de
912 3918 1046 3979 moribus
1067 3918 1168 3995 utique
1185 3933 1319 3996 prospe-

94 4024 179 4084 rata,
208 4027 267 4091 qua
286 4026 345 4088 per
366 4025 462 4069 aanor
483 4007 550 4086 sere
570 4013 725 4068 sescentos
747 4003 783 4065 'ab
811 4001 889 4064 Urbe
911 4001 1030 4065 condita
1050 3997 1138 4061 arella
1159 4001 1320 4086 repudium

95 4099 206 4160 damus
238 4097 363 4175 scripsit
391 4089 525 4165 (Tertull.
547 4089 641 4166 ibid).
683 4087 774 4149 Visne
795 4087 825 4148 id
845 4085 899 4147 tibi
921 4084 1031 4165 graecis
1053 4081 1229 4161 quibusdam
1250 4083 1318 4146 lati-

94 4181 206 4259 nisque
228 4177 356 4241 testibus
376 4173 529 4257 probasii
562 4173 678 4236 Primus
702 4171 757 4234 erit
777 4169 936 4250 Dionysius
958 4167 1207 4241 llalicamasseus'‚
1234 4169 1318 4230 euius

96 4266 174 4328 hacc
200 4271 272 4326 suut
290 4260 394 4325 verba:
426 4253 653 4342 Ὁμολογεῖται
674 4251 766 4332 ἐντὸς
786 4251 868 4320 ἐτῶν
892 4251 997 4318 cineas
1017 4249 1071 4315 sat
1093 4257 1318 4318 murusculus

96 4347 216 4434 μηδεὶς
244 4343 278 4412 dr
297 4339 403 4430 Polus
434 4343 635 4429 διαλυθῆναι
661 4339 781 4444 γάμοςε·
812 4335 902 4440 κατὰΙ
921 4333 979 4423 ripe
1002 4330 1142 4436 ἑβδρμην
1164 4333 1220 4402 ἐπὶ
1242 4345 1318 4414 ταῖς
1432 4373 1436 4382 «

97 4430 278 4518 τριάκοντα
298 4431 352 4495 καὶ
452 4426 488 4494 όν
507 4421 735 4511 'Oi-operamus,
758 4443 988 4488 vmaaeuorrmr
1004 4424 1145 4506 Mepuao
1166 4425 1320 4506 Πομπω-

100 4519 174 4583 rtdv
203 4517 258 4582 καὶ
279 4519 383 4581 Γαίου
404 4516 594 4597 llarrvplov,
622 4511 756 4598 πρῶτος
784 4501 953 4574 einoldum
972 4504 1100 4590 λέγεται
1119 4501 1178 4593 τὴν
1200 4505 1318 4572 ἑαυτοῦ

95 4610 239 4687 γυναῖκα
259 4597 426 4687 Σπούριος
446 4596 675 4684 Καρουίλλιος,
704 4587 784 4681 ἀνὴρ
812 4585 871 4662 οὐκ
898 4583 1035 4680 ἀφανὴς,
1058 4582 1315 4746 qqqyueiopireg
