3092 5234
451 390 587 436 ιιιοιοιιι
608 393 650 438 ιο.
671 392 740 438 saa.
763 391 925 438 neuma.
1233 379 1297 448 did

71 541 185 604 storias
205 546 395 604 mnameata
417 539 491 602 nilril
511 554 636 618 prorsus
658 537 857 619 prodiderint,
893 560 929 602 ex
955 561 1013 622 quo
1042 544 1098 606 isu
1126 547 1297 624 respersit

69 623 290 706 quodammodo
316 622 458 702 intelligi,
492 623 634 703 numquid
656 624 714 686 ista
733 625 844 703 lingere
865 625 982 698 liceret,
1021 635 1055 688 ut
1082 627 1295 706 opitularemnr

72 707 217 788 opinioni,
240 725 315 787 quae
337 725 432 785 paene
453 707 569 770 ridetur
589 707 626 768 ad
647 708 756 769 exitum
779 707 928 770 adducta?
950 709 1072 772 Fuerint
1086 711 1204 772 interim
1219 713 1295 778 istae

70 792 252 854 calamitates
274 791 311 852 ad
333 799 448 868 tempus
470 791 633 869 dispersae,
657 801 793 852 tamenne
808 811 939 854 summas
955 793 1096 855 adversus
1111 795 1294 860 Christianae

69 875 195 938 iniurias
228 875 317 936 etiam
350 873 535 935 intermissas
567 872 722 935 dieamus?
776 874 873 936 Etiam
905 876 1004 950 dices3
1040 895 1183 956 prospera
1215 880 1294 942 enim

68 967 205 1038 tempora
233 959 284 1036 qui
313 956 482 1036 patuissent
510 957 659 1029 extitisse,
696 957 756 1018 nisi
784 967 814 1018 et
838 959 894 1020 hae
922 960 1102 1038 aliquantum
1125 961 1293 1024 desiissent.

67 1045 108 1104 nt
130 1061 185 1122 ego
208 1041 258 1120 qui
280 1040 493 1102 Tertullianum
516 1040 605 1102 didici
626 1040 728 1102 hostes
750 1041 781 1102 in
804 1060 909 1104 omnes
931 1043 1015 1122 quasi
1037 1043 1164 1106 latebras
1185 1063 1292 1124 perse-

67 1136 171 1190 cutum
209 1143 355 1202 usumque
389 1123 435 1184 vel
467 1121 617 1186 levissima
644 1125 735 1185 read
757 1125 976 1188 convincendos
1005 1127 1116 1190 erroris
1138 1147 1172 1189 ac
1193 1129 1294 1208 flagitii

68 1230 144 1282 eos,
178 1208 226 1288 qui
249 1217 335 1269 erant
354 1206 445 1268 rebus
468 1207 702 1268 Christianorum
730 1209 860 1283 adversi,
895 1210 974 1271 hune
1002 1230 1057 1290 ego
1080 1211 1294 1274 Tertullianum

66 1303 243 1374 putaremne
271 1291 411 1352 adversus
441 1309 494 1352 eos
523 1290 737 1370 disputaturum
759 1293 849 1353 modo
878 1313 931 1368 ec,
965 1304 1013 1367 ut,
1046 1296 1294 1374 quemadmodum

67 1376 195 1440 iniurias
217 1375 455 1436 adversariorum
477 1375 507 1435 in
523 1373 707 1436 Christianos
730 1383 847 1438 secutae
869 1377 995 1440 luissent
1016 1397 1150 1440 summae
1172 1379 1292 1440 calami-

66 1467 157 1532 tates,
181 1459 218 1520 ita
240 1457 371 1520 vicissim
393 1458 561 1520 Felicissime
580 1467 713 1537 tempera
736 1460 888 1538 excepisse
910 1479 1014 1522 eorum
1036 1461 1065 1522 in
1088 1463 1145 1524 hos
1159 1461 1292 1523 benevo-

66 1544 192 1605 lentiam
215 1541 349 1604 diceret?
382 1541 475 1620 Atque
496 1541 575 1602 aliud
596 1542 691 1604 adhuc
718 1542 749 1602 in
770 1552 908 1622 promptu
931 1555 986 1605 cst.
1031 1544 1104 1606 Nam
1126 1564 1192 1606 cum
1215 1547 1291 1606 Ter-

67 1627 210 1689 tullianus
232 1626 321 1688 istum
345 1626 381 1686 de
404 1623 494 1686 Pallio
516 1625 646 1686 libellum
669 1634 875 1704 componeret,
904 1632 989 1708 paris
1014 1631 1074 1690 otia
1098 1639 1186 1690 erant
1208 1641 1237 1692 et
1259 1649 1293 1692 re

68 1730 147 1772 vera
169 1711 252 1772 ariis
276 1709 475 1772 cultissimum
496 1727 552 1770 rus
574 1713 702 1789 imperii,
727 1710 883 1772 roncalias
906 1721 935 1772 et
956 1730 1100 1774 amoenus
1123 1732 1216 1794 suaper
1238 1713 1293 1774 Al-

69 1798 154 1856 aioai
170 1806 324 1874 pomerum
347 1805 375 1855 et
398 1792 495 1854 Midae
518 1804 654 1854 rosetum
676 1793 751 1870 (cap.
775 1797 830 1868 2.).
874 1794 906 1854 ld
934 1813 1004 1855 vero
1027 1812 1155 1873 quonam
1179 1794 1293 1856 modo?

6 1943 7 1964 ,
67 1879 232 1940 Eradiaato
256 1881 337 1938 omni
356 1881 476 1938 aconito
499 1875 683 1938 hostilitatis.
715 1877 760 1937 Sit
781 1877 878 1956 itaque
899 1876 948 1938 hia
968 1878 1044 1939 liber
1065 1880 1192 1960 scriptus
1208 1878 1292 1940 initio

6 1973 8 2040 ss
68 1980 98 2023 a.
122 1959 235 2034 CCX1.;
271 1979 337 2021 nam
361 1959 416 2020 sub
438 1958 588 2020 Februarii
616 1959 731 2022 initium
753 1961 831 2022 inter
852 1961 936 2021 vivos
964 1980 1034 2022 esse
1055 1963 1182 2024 Severus
1204 1963 1293 2024 desiit

6 2111 7 2114 ,
69 2055 103 2106 et
125 2043 213 2105 desiit
234 2043 320 2105 etiam
343 2043 447 2120 triplex
469 2041 585 2121 imperii
607 2041 710 2104 virtus.
754 2045 792 2104 nt
812 2044 870 2104 isto
899 2051 1033 2123 tempore
1055 2045 1163 2108 bellum
1185 2046 1290 2107 adver-

6 2197 8 2206 ,
66 2147 122 2190 sus
143 2127 301 2190 Britannos
324 2127 453 2188 nondum
476 2135 537 2188 erat
559 2125 743 2200 absolutum,
770 2145 974 2206 necunquam
1002 2136 1106 2206 postea
1140 2131 1194 2190 init
1225 2129 1314 2189 rivo·

66 2213 192 2282 Severo,
214 2211 266 2272 sed
288 2229 323 2271 eo
346 2219 465 2274 mortua
487 2211 604 2271 demum
626 2210 794 2271 Antoninus
815 2229 917 2290 pacem
939 2230 1005 2272 cum
1027 2212 1176 2274 Britannis
1199 2212 1291 2273 iniit‘.

66 2297 131 2358 lste
154 2295 243 2374 igitur
264 2313 342 2356 anno
365 2313 431 2357 cum
454 2301 534 2356 certe
556 2312 611 2354 neo
633 2293 742 2355 inerint
760 2300 847 2374 pacis
871 2301 933 2357 otia
962 2314 1018 2356 nec
1051 2297 1133 2358 ariis
1157 2297 1291 2358 cultissi-

6 2449 7 2470 ,
66 2399 150 2440 mum
173 2399 228 2440 rus
250 2382 386 2459 imperii,
423 2377 607 2438 commfflicr
629 2376 712 2440 locus
735 2379 850 2440 videtur
877 2379 945 2442 huic
965 2379 1041 2440 libro
1064 2379 1213 2457 adsignari
1236 2381 1290 2438 de-

5 2479 7 2546 j
66 2465 141 2524 bere
164 2473 193 2524 et
214 2481 309 2524 anans
331 2461 447 2540 quidem
464 2461 585 2522 ccvtlt.
608 2461 637 2521 iu
661 2463 749 2523 linem
771 2461 937 2534 inclinatus,
960 2464 1135 2542 praesertim
1152 2463 1291 2541 quoniam

5 2553 7 2628 ζ
66 2565 137 2608 οιιιιι
160 2565 195 2607 eo
219 2546 331 2625 optime
359 2546 541 2606 concordant
561 2563 595 2606 ea
618 2545 732 2616 emnia,
767 2564 842 2623 quae
865 2546 1062 2607 Tertullianus
1090 2546 1139 2608 hia
1161 2545 1290 2607 tradidit.

64 2631 201 2710 Namque
230 2630 256 2691 si
284 2628 411 2708 requiris
435 2628 584 2708 triplicem
602 2631 773 2708 praesentis
796 2632 916 2708 imperii
935 2636 1093 2700 uirtutem,
1131 2647 1203 2690 sane
1232 2630 1291 2689 iam

64 2713 158 2776 modo
182 2713 253 2774 Geta
275 2711 398 2790 Augusti
427 2710 596 2790 dignitatem
620 2720 785 2782 sumserat3
821 2711 846 2771 si
872 2713 1135 2792 Cartlupinieases
1158 2717 1292 2772 novitate

63 2798 182 2878 felices,
210 2816 263 2858 eos
286 2796 455 2856 iamdudum
479 2794 560 2855 numi
581 2793 811 2872 prodiderunt·;
847 2795 874 2855 si
897 2807 1013 2858 caetum
1034 2808 1063 2859 et
1086 2795 1195 2856 rabum
1218 2795 1291 2854 sul-

64 2881 156 2944 doiae
177 2880 418 2960 familiaritatis,
450 2877 637 2948 Plautianus,
666 2876 912 2939 familiarissimus
937 2878 1065 2950 Severo,
1099 2877 1157 2938 iarn
1179 2885 1241 2938 erat
1264 2896 1290 2937 a.

64 2964 163 3026 CClV.
186 2983 202 3024 e
224 2963 322 3026 medio
345 2963 509 3032 sublatus'3
533 2961 558 3022 si
573 2971 660 3040 spent
673 2961 852 3040 Campam'ae
874 2963 996 3022 duratae
1011 2961 1209 3022 dementibus
1225 2965 1290 3022 sais

65 3053 107 3120 (c.
125 3051 154 3110 2.
170 3047 229 3124 n),
254 3047 323 3108 illud
346 3045 400 3106 Ilio
424 3044 565 3106 Cassium
588 3050 721 3122 tempere
744 3061 790 3115 eo,
813 3062 872 3121 quo
895 3042 1063 3106 Plautianus
1086 3042 1183 3121 periit,
1206 3043 1291 3120 plane

63 3131 188 3210 quidem
213 3128 470 3204 commemoravit,
509 3128 535 3188 si
557 3127 683 3205 denique
706 3128 892 3188 eradicatum
914 3146 999 3188 amne
1021 3132 1174 3188 aconitum
1195 3127 1292 3186 losti-

64 3217 165 3278 iitatis
190 3233 225 3276 aa
244 3219 330 3295 pacis
354 3219 425 3284 otia,
460 3222 543 3272 erant
572 3210 628 3271 ista
656 3229 727 3270 sane
749 3209 831 3288 prius
861 3229 947 3288 quam
970 3210 1097 3270 Severus
1120 3209 1151 3270 in
1172 3209 1290 3270 Britan-

65 3299 148 3360 niam
169 3296 423 3376 proliciscebatur.
468 3295 527 3356 Sed
549 3294 668 3357 ecclesi
687 3293 807 3355 ubinam
836 3293 951 3354 tandem
982 3299 1053 3354 sunt
1075 3291 1224 3354 barbari?
1266 3291 1291 3353 li

63 3382 187 3462 quidem
209 3382 341 3442 nandum
364 3399 400 3441 eo
421 3388 555 3458 tempore
578 3396 662 3438 muro
684 3376 871 3448 Britannico,
909 3377 960 3436 sed
991 3383 1087 3438 tamen
1117 3376 1153 3436 ab
1176 3375 1292 3454 imperii

66 3466 195 3528 Romani
224 3465 333 3526 tinibus
360 3462 436 3543 ipsis
466 3463 614 3541 legionum
637 3461 834 3522 Romanarum
857 3459 1013 3540 praesidiis
1035 3459 1225 3533 crocitantem
1263 3466 1292 3520 et

65 3551 133 3630 ipse
156 3549 352 3612 Tertullianus
374 3565 441 3608 cum
462 3547 599 3625 loquatur
620 3545 657 3606 de
679 3545 779 3605 multis
801 3543 944 3617 barbaris,
973 3544 1111 3622 quidnam
1134 3553 1181 3604 est
1202 3561 1291 3604 caus·

65 3653 130 3706 sae,
160 3651 212 3694 cur
233 3633 315 3694 solos
336 3631 494 3691 Britannos
516 3627 736 3707 intelligamus?
780 3629 880 3706 ltaque
902 3646 968 3688 cum
991 3646 1016 3687 a.
1041 3626 1161 3687 ccvrli.
1184 3626 1290 3686 extite-

64 3717 126 3780 rint
148 3715 246 3778 omnia
270 3734 314 3788 ea,
337 3733 412 3794 quae
434 3720 660 3774 commemorata
683 3705 864 3774 Tertulliano
887 3709 984 3782 suere,
1009 3728 1074 3770 eum
1097 3709 1193 3770 nullus
1216 3709 1291 3769 alius

65 3800 166 3882 possit
187 3799 317 3872 excitari,
340 3798 387 3860 cni
409 3797 506 3876 aliquo
528 3795 633 3858 maiori
654 3795 717 3855 iure
740 3796 842 3855 eadem
865 3803 990 3873 possent
1011 3793 1122 3866 asseri,
1145 3791 1292 3870 cumipse

102 3983 123 4018 r.
143 3968 166 4016 V.
186 3965 347 4016 lleradiauam
367 3965 408 4015 lib.
417 3965 458 4014 lll.
477 3979 498 4014 e.
508 3963 547 4014 15.
563 3979 586 4028 p.
596 3961 652 4012 173.
704 3961 763 4010 milri
774 3961 884 4022 ridetur),
902 3962 949 4012 hoe
967 3961 1018 4011 iere
1035 3961 1111 4010 extitit
1128 3973 1149 4008 ι.
1160 3957 1235 4010 CCIV.
1252 3965 1293 4009 aut

103 4049 123 4083 s.
142 4033 166 4081 t.
186 4033 359 4096 spanhemium
383 4035 407 4082 in
432 4029 561 4080 immortali
580 4043 655 4094 apere
705 4027 740 4088 V,
759 4029 814 4092 qaia
833 4030 857 4078 in
876 4029 1021 4094 quibasdam
1040 4041 1094 4077 eam
1114 4041 1141 4076 ea
1159 4041 1186 4076 ra
1204 4026 1244 4075 Tr.
1264 4025 1291 4075 F.

67 4101 100 4152 de
117 4101 266 4150 Praenestis
284 4107 307 4150 et
326 4101 374 4150 Usu
389 4099 574 4150 uenientium.
592 4097 655 4146 lliss.
706 4095 743 4144 Vl.
762 4096 879 4146 Caramlli
899 4097 1059 4157 coniungitur.
1085 4095 1154 4144 Certe
1167 4094 1224 4144 editi
1236 4097 1293 4144 sant

67 4167 120 4218 ΧΙΙ.
139 4165 228 4216 vetti.
248 4166 349 4230 pata,
367 4165 408 4229 qui
426 4166 485 4215 istos
505 4179 592 4216 numos
610 4165 655 4214 Se-
706 4170 761 4212 sate
786 4163 903 4226 seriptum
928 4163 1037 4212 libellum
1061 4161 1091 4211 de
1116 4161 1208 4222 Fallio;
1233 4171 1292 4210 sss·

68 4236 118 4286 reri
137 4241 161 4286 et
178 4235 299 4294 Antonini,
318 4235 341 4283 in
359 4233 447 4296 quillus
466 4241 503 4282 est
519 4233 585 4282 Felix
594 4231 655 4282 llar-
706 4240 779 4292 quem
798 4232 861 4280 enim
880 4232 904 4279 in
925 4231 953 4280 iis
972 4231 1054 4290 Getae,
1067 4229 1120 4278 sed
1138 4227 1219 4278 Seueri
1237 4234 1292 4278 taa-

67 4303 150 4362 tlraflo,
179 4301 209 4350 ad
235 4301 271 4350 ius
296 4314 383 4350 numos
407 4299 509 4350 audendi
528 4299 581 4349 urli
599 4297 656 4348 huie
706 4303 756 4344 tum
776 4305 799 4346 et
818 4297 934 4346 Caracalli
954 4311 1042 4346 nornen
1061 4296 1190 4360 reperitur.

66 4376 218 4448 imum
235 4367 315 4417 dmm
337 4367 459 4432 Wfim
477 4367 556 4444 dim.
578 4367 654 4442 0¹¹³}ss
740 4404 757 4445 t.
781 4397 806 4445 V.
825 4395 971 4445 Tillemantii
991 4396 1051 4444 llist.
1078 4395 1121 4444 des
1146 4393 1188 4444 Em
1208 4405 1292 4443 ereurs

67 4451 144 4500 ipsam
169 4449 221 4486 rem
246 4443 286 4484 ιιιι
310 4441 435 4496 cognatam
454 4443 518 4484 certe
536 4447 557 4482 ιι
575 4446 653 4494 respr-
707 4463 761 4514 ,σω
780 4464 812 4513 ω
881 4462 931 4514 4¹3
949 4477 961 4510 ⁵
1190 4409 1205 4458 Ρ

17 4541 22 4548 .
68 4505 131 4554 cient
149 4504 164 4554 ii
183 4503 250 4554 nami
270 4502 419 4560 meberrimi,
438 4501 478 4564 qai
498 4499 595 4550 laudant
613 4499 654 4550 in·
813 4478 862 4526 'p'
963 4478 986 4526 ‘¹'

66 4569 213 4634 dulgentiam
237 4571 311 4632 lagg.
337 4569 361 4619 in
386 4567 498 4630 carthag.
523 4568 566 4628 (ita
590 4567 655 4616 enim
740 4559 1166 4627 u.1.ib.txxv1.e.2p.1t·12.
