3114 5240
467 345 602 437 lauronia
623 391 682 436 nte
704 389 741 434 ts
763 391 890 436 sonans.
1246 379 1288 444 83

92 543 173 606 istim
202 541 366 604 innumeris
393 541 560 604 revincetur
586 541 764 620 scriptorum
786 559 908 604 auorum
930 541 1121 620 testimoniis,
1154 545 1205 624 qui
1226 545 1291 610 loon

93 629 210 700 indicant,
233 625 284 688 ubi
306 626 498 693 commentitii
521 625 624 688 ilidii
647 627 729 698 nati,
745 625 795 688 uhi
817 626 971 690 mortalem
992 637 1114 707 egerunt
1134 630 1238 704 vitam,
1261 639 1292 694 et

92 713 130 776 ubi
154 731 187 774 ee
212 711 295 774 linita
322 710 432 790 sepulti
459 719 537 774 sunt.
582 711 658 785 Quia
687 730 759 772 vero
780 711 898 790 longius
919 711 1025 774 luisset
1046 713 1177 793 singulos
1199 715 1290 778 hosce

92 799 150 858 deos
170 795 344 858 nominatim
358 815 524 872 recensere,
546 796 655 858 humor
668 803 773 858 noster
787 796 858 858 illud
873 797 1001 870 Saturni,
1020 797 1143 860 deorum
1158 799 1291 862 omnium

91 881 171 960 primi,
192 881 327 960 exemplo
350 880 542 944 demonstrat.
586 881 699 944 Omnes
721 899 846 960 namque
867 881 1071 960 antiquitatum
1093 882 1292 963 descriptores
1404 881 1408 892 ’

91 975 209 1028 emerant
234 966 318 1028 idum
345 984 447 1027 revera
474 965 566 1028 luisse
594 965 760 1038 hominem,
787 965 837 1044 qui
858 975 928 1045 post
947 966 1054 1030 multas
1077 969 1290 1047 expeditiones,

91 1051 169 1112 ltdoo
190 1051 322 1130 hospitio
343 1049 381 1112 ab
402 1049 472 1112 lano
494 1049 540 1112 vel
561 1049 631 1112 lane
663 1051 694 1112 in
726 1049 808 1112 ltalia
840 1059 980 1130 exceptus
1012 1051 1105 1114 monti
1127 1072 1162 1115 ae
1183 1053 1291 1116 civitati

91 1155 162 1214 qoam
181 1135 304 1198 incoluit
326 1135 440 1213 totique
460 1134 560 1197 ltaliae
582 1134 664 1197 dedit
684 1135 840 1198 Saturnine
861 1153 980 1198 nomen.
1017 1136 1119 1216 Neque
1140 1137 1172 1199 id
1192 1138 1292 1202 minus

90 1219 227 1300 perspicue
255 1219 444 1282 dedsrahant
469 1219 585 1282 tabulae
607 1219 643 1281 ab
665 1219 733 1298 ipso
755 1219 795 1281 ibi
817 1219 944 1300 primum
965 1221 1121 1296 confictae,
1151 1230 1290 1285 11111111-

89 1323 142 1365 nns
161 1305 285 1384 imagine
308 1305 450 1384 signatus,
473 1303 512 1366 ob
534 1322 621 1382 quem
642 1304 813 1383 praesidere
834 1305 948 1366 aerario
970 1305 1150 1383 perhibetur.
1194 1306 1291 1368 Homo

90 1389 162 1468 igitur
190 1389 236 1450 ille
269 1389 342 1463 luit,
375 1407 432 1450 neo
459 1388 495 1450 de
518 1389 598 1452 eaelo
621 1397 652 1450 et
672 1397 752 1450 terra
774 1398 875 1462 ortus,
909 1389 995 1452 sicuti
1017 1390 1150 1452 nonnulli
1172 1390 1292 1454 tabulati

90 1483 155 1536 sunt
195 1475 319 1536 Ceteros
348 1491 418 1552 ergo
446 1491 550 1536 omnes
580 1473 670 1546 deos,
698 1473 748 1552 qni
770 1492 854 1534 suam
876 1491 911 1536 ex
933 1473 983 1534 illo
1005 1473 1115 1536 ducunt
1135 1475 1291 1555 originem,

90 1557 207 1620 homines
228 1559 321 1620 etiarn
342 1557 444 1631 luisse,
466 1558 532 1637 quis
555 1577 663 1636 negare
685 1557 804 1620 audebit
825 1561 900 1637 (cap.
926 1556 1012 1634 1011

156 1642 213 1705 Nee
239 1643 314 1704 sinit
340 1642 459 1722 quidem
482 1642 680 1704 Tertullianus
710 1641 768 1704 sibi
794 1641 969 1722 responderi
996 1641 1053 1706 hos
1072 1651 1143 1722 post
1163 1651 1290 1706 mortem

90 1737 185 1790 nutum
205 1747 288 1790 sunm
314 1727 436 1790 deorum
458 1727 623 1806 adscriptos
646 1745 714 1788 esse
735 1745 870 1788 numero.
912 1726 1101 1790 Divinitatem
1123 1727 1202 1790 enim
1223 1727 1291 1790 nul-

88 1810 127 1872 lus
145 1812 226 1874 homo
247 1811 311 1876 sihi
333 1813 466 1874 eonlerre
487 1820 596 1891 potest.
639 1811 671 1874 Si
694 1810 740 1874 cui
761 1830 831 1891 ergo
853 1830 906 1874 seu
941 1819 1009 1874 onte
1043 1831 1096 1874 seu
1117 1820 1187 1892 post
1208 1830 1291 1875 mor-

90 1905 142 1956 tem
171 1897 228 1958 dcte
257 1907 323 1972 est,
357 1896 383 1958 is
412 1897 549 1960 certeab
571 1896 629 1958 alio
651 1897 818 1974 potentiore
838 1896 901 1958 Deo
923 1897 1001 1958 illam
1024 1897 1156 1976 accipere
1179 1897 1289 1960 debuit.

89 1979 123 2042 tlt
141 1980 208 2042 nuda
226 1975 319 2062 plane'
343 1999 429 2044 nausa
459 1999 586 2061 unquam
608 1981 663 2044 luit
684 1999 736 2042 our
757 1981 805 2042 ille
830 1999 963 2044 summus
984 1981 1064 2044 Deus
1086 1982 1201 2061 aliquos
1222 1990 1293 2060 post

90 2083 178 2126 eorum
197 2077 322 2130 mortem
345 2066 418 2128 deos
439 2067 555 2128 laceret.
599 2065 712 2128 Nullius
734 2065 842 2145 qnippe
871 2066 932 2128 sire
964 2066 1002 2126 ad
1034 2067 1176 2128 mundum
1197 2067 1290 2128 labri-

90 2149 209 2226 modum,
240 2153 309 2214 sive
341 2149 378 2212 ad
410 2150 487 2212 aliud
520 2150 669 2229 quidpiam
698 2151 843 2229 agendum
869 2168 998 2229 unquam
1024 2150 1149 2229 indiguit
1170 2151 1289 2212 auxilio.

89 2234 150 2295 inte
168 2253 265 2298 ornnes
290 2235 438 2314 siquidem
460 2235 581 2296 fictitios
603 2235 754 2312 gentilium
777 2235 858 2308 deos,
886 2235 1012 2314 pluviae,
1040 2235 1159 2310 lumina,
1181 2235 1289 2310 sidera,

91 2319 208 2392 tonitrua,
229 2320 355 2382 ladmina
378 2328 406 2381 ct
428 2319 507 2382 varia
529 2321 645 2398 longum
666 2337 774 2399 genera
789 2328 865 2388 ¹orta
880 2330 958 2382 sunt.
990 2319 1068 2393 Quin
1084 2315 1143 2380 imo
1160 2321 1290 2382 omnium

92 2403 222 2466 hominnm
244 2405 379 2484 primns,
401 2413 469 2483 post
490 2405 589 2466 omnia
611 2404 757 2466 advitam
779 2404 843 2466 eius
864 2405 1048 2476 necessaria,
1076 2403 1211 2466 conditus
1234 2411 1289 2466 est.
1371 2453 1378 2464 .

92 2485 145 2548 Non
162 2489 250 2568 magis
272 2507 347 2568 ergo
368 2488 468 2561 Liber,
490 2489 600 2563 Ceres,
621 2488 752 2550 bacchus
775 2497 805 2549 et
825 2489 953 2550 hlinerva
975 2488 1013 2549 ob
1035 2488 1169 2550 inventes
1191 2491 1290 2568 fruges

96 2569 128 2631 dii
144 2574 201 2636 laeti
223 2583 305 2648 sunt,
328 2591 416 2652 quam
429 2573 568 2636 Lucullus
590 2572 629 2634 oh
651 2592 751 2636 cerasa
773 2592 808 2634 ex
822 2572 917 2636 Ponto
939 2579 1102 2636 transvecta
1123 2573 1155 2634 in
1169 2573 1290 2636 ltaliam.

159 2657 254 2738 Neque
286 2657 399 2737 potiori
420 2658 534 2720 ratione
556 2657 614 2720 dici
635 2666 733 2736 potest
754 2658 886 2720 oollntnm
908 2667 1031 2737 propter
1051 2659 1155 2720 merita
1177 2666 1208 2720 et
1228 2659 1289 2720 rir-

93 2747 154 2802 tutes
177 2743 350 2806 hominibus
379 2742 569 2806 divinitatem.
613 2741 685 2804 Nam
707 2742 776 2804 inde
797 2743 951 2804 oonlioitur
973 2760 1143 2821 supremum
1165 2741 1291 2820 aliquem
1374 2743 1385 2779 ·'

92 2842 145 2886 esse
164 2827 260 2902 deum,
283 2828 336 2906 qui
357 2827 539 2890 merentibus
555 2826 907 2904 divinitatemdispensst.
939 2825 1052 2886 Deinde
1074 2843 1143 2888 vero
1166 2825 1289 2902 gentiles

92 2909 159 2972 lateri
177 2911 359 2992 cogebantur
381 2912 452 2974 deos
473 2931 546 2974 suos
569 2911 661 2972 luisse
683 2909 818 2972 homines
834 2909 998 2989 improbos,
1020 2909 1138 2988 impios,
1161 2908 1289 2970 scelera-

93 3003 136 3066 tos,
155 2997 353 3076 nequissimos
375 2996 506 3075 aliosque
528 2995 586 3057 illis
608 2995 719 3056 similes
745 2995 782 3056 ab
797 2993 862 3058 aliis
876 2993 953 3056 bena
967 2993 1089 3054 moratis
1104 2993 1169 3054 iure
1183 2993 1290 3054 merito

94 3079 272 3144 condemnari.
317 3081 375 3142 Fac
401 3089 498 3149 tamen
518 3079 587 3146 illos
610 3079 704 3141 luisse
726 3078 854 3156 probos,
886 3078 940 3138 sed
961 3095 1022 3138 nnn
1044 3076 1183 3138 meliores
1206 3087 1290 3139 erant

94 3161 193 3228 Souste
214 3175 244 3228 et
265 3165 406 3239 Aristide,
428 3183 483 3228 neo
503 3163 642 3226 fortiores
665 3161 861 3224 Themistocle
884 3169 914 3224 et
933 3161 1115 3238 Alexandro,
1145 3180 1202 3223 neo
1221 3161 1289 3223 leli-

96 3246 171 3310 cioras
191 3250 344 3330 Polycrate
366 3256 397 3312 et
418 3249 510 3329 Spha,
533 3267 588 3310 nee
609 3248 721 3310 Croeso
743 3248 889 3310 Crassoae
910 3247 1050 3320 ditiores,
1072 3247 1289 3326 eloquentiores

94 3327 272 3398 Demosthene
302 3343 332 3396 et
353 3334 511 3408 Cicerone,
545 3333 740 3413 sapientiores
771 3331 881 3394 Critone
912 3351 947 3394 ae
967 3332 1105 3412 Scipione
1126 3332 1290 3410 aequiores.

96 3413 140 3476 Cur
163 3437 231 3498 ergo
261 3418 372 3482 ethnici
404 3419 451 3480 his
483 3419 561 3497 apud
593 3418 703 3480 interos
731 3417 840 3479 relictis
873 3417 939 3479 illos
968 3417 998 3478 in
1019 3417 1133 3478 coelum
1155 3425 1292 3496 tanquam

96 3497 150 3563 deos
170 3504 354 3566 sustulerunt
375 3506 449 3582 (cap.
475 3501 559 3579 Md?

162 3587 219 3650 Sed
241 3589 290 3650 din
310 3607 402 3668 porro
424 3588 542 3666 quinam
564 3587 624 3650 sint
645 3587 676 3648 hi
699 3586 849 3664 gentilium
871 3585 921 3648 dii.
963 3586 1042 3648 Nihil
1063 3585 1150 3664 plane
1171 3585 1202 3646 in
1223 3584 1291 3659 illis,

96 3669 126 3728 sit
143 3671 347 3746 Tertullianus,
369 3671 464 3746 rideo,
487 3672 545 3732 nisi
566 3678 749 3733 mortuorum
771 3671 924 3732 hominnm
945 3671 1074 3732 nomino.
1104 3668 1181 3729 Nihil
1203 3669 1290 3728 audio

95 3766 191 3827 praeter
211 3757 337 3832 lnbulns,
359 3765 445 3836 atque
467 3775 503 3818 ex
524 3755 571 3818 his
593 3755 698 3816 labulis
720 3774 804 3816 sacra
824 3755 957 3816 instituta
976 3771 1167 3833 recognosco.
1212 3751 1291 3822 Quid

96 3851 160 3912 aero,
180 3843 257 3920 quod
279 3859 385 3904 eorum
407 3842 559 3904 simulacra
582 3858 617 3902 ex
638 3839 837 3902 communium
858 3839 1044 3902 vasculorum
1067 3836 1290 3897 etinstrumen-

98 3927 175 3986 tcum
204 3927 328 3989 materie
359 3925 405 3988 vel
427 3944 463 3987 ex
484 3925 618 4004 ipsismet
638 3924 764 3986 vasculis
786 3933 816 3984 et
835 3922 1040 3986 instrumentis
1072 3919 1228 3980 labrelneta
1250 3917 1291 3980 dii

99 4007 193 4072 tandem
220 4011 364 4090 sacrilega
391 4009 612 4072 consecratione
638 4010 712 4070 laeta
741 4007 831 4070 sunt?
876 4007 949 4081 Quis
971 4007 1093 4083 insuper
1114 4022 1173 4064 non
1195 4003 1292 4065 vident

102 4088 197 4161 lllthra
217 4095 460 4168 iNa’simnlaora,
482 4095 552 4157 dum
574 4093 767 4164 fabricantur,
790 4093 892 4154 eadem
913 4091 990 4170 pati,
1012 4097 1098 4168 atque
1121 4087 1288 4163 Christiani,

102 4187 156 4234 tun
172 4177 201 4238 ab
220 4180 348 4242 ethnicis
370 4177 566 4259 torquentur?
595 4178 638 4240 Ex
659 4177 783 4238 metallis
805 4177 977 4249 enimliunt,
999 4173 1291 4253 quibusdamnantur

101 4253 244 4346 tbismni.
291 4264 342 4326 llln
374 4264 507 4328 omnibus
540 4271 570 4324 et
597 4255 746 4340 stipitibus
769 4262 970 4340 imponuntur,
1002 4258 1143 4321 raduntur
1164 4257 1291 4338 ungulis,

99 4343 196 4417 uanus
217 4357 389 4423 exumnbrr,
411 4348 464 4411 sed
486 4348 532 4410 his
555 4346 692 4410 omnibus
707 4347 803 4408 modis
819 4343 976 4406 Christiani
990 4343 1130 4405 tolluntur
1145 4361 1161 4404 e
1175 4343 1291 4406 medio:

101 4421 123 4484 in
146 4427 195 4493 hoc
222 4441 321 4496 tamen
348 4432 463 4494 abillis
486 4433 667 4511 discrepant,
700 4431 778 4510 quod
811 4429 966 4491 simulacra
986 4427 1113 4507 primum
1136 4435 1205 4489 sunt
1226 4427 1292 4488 sine

100 4513 187 4588 sepite,
218 4517 298 4596 quod
320 4517 495 4580 Christianis
527 4515 712 4596 iniquissime
734 4513 878 4576 damnatis
900 4511 1016 4574 tandem
1038 4521 1213 4594 amputatur.
1248 4509 1292 4570 td

103 4589 159 4658 baec
186 4619 255 4662 reno
279 4601 310 4664 hi
330 4602 361 4664 in
381 4601 492 4666 insulas
513 4601 690 4684 relegantur,
711 4599 743 4662 in
764 4597 871 4679 quibus
891 4597 1047 4680 plerosque
1069 4615 1172 4660 omnes
1194 4593 1291 4676 genti·

1052 4693 1092 4750 θ*
