3078 5248
428 435 561 477 sacrans
583 437 624 479 ro.
649 437 730 481 clun.
754 437 895 481 ucsusru.
1066 441 1070 467 t
1094 444 1098 452 ·
1171 503 1174 508 .
1213 421 1276 486 507

7 606 15 618 ·
50 583 231 658 (ursinum.
255 583 288 644 c.
305 584 354 644 nr.
379 603 403 645 c.
417 588 446 650 e.
468 605 497 666 p.
514 589 612 660 tres:
633 579 668 650 Ὁ
691 580 723 650 a'
748 569 804 649 ὀὖν
826 583 1038 672 ,responsis
1059 583 1097 648 τὸ
1119 587 1176 650 επ
1191 585 1276 665 Διὸς

47 669 194 750 τέμενος
223 659 374 733 ἀνελθὼν
403 671 456 734 καὶ
484 666 543 748 τὰς
571 668 693 746 λοιπὰς
721 669 855 747 τελέσας
884 671 1065 756 ἱερουργίας
1086 667 1275 758 ἐπανῆλθεν

1 751 15 787 ³
49 750 109 828 εἰς
129 749 171 816 τὰ
192 751 344 835 βασίλεια
365 755 486 839 καὶτῷ
510 749 602 840 δήμῳ
624 749 812 840 προῦθηκεν
835 753 890 820 ἐπὶ
913 763 987 832 ταῖς
1001 760 1106 832 νίκαις
1119 779 1160 837 με
1182 760 1275 834 ἱστας

45 833 170 918 νομὰς,
201 845 273 913 τοῖς
301 837 337 902 δέ
365 836 582 922 στρατιώταις
610 837 753 904 ἐπέδωκε
777 837 926 926 χρήματα
953 839 1103 918 πλεῖστα,
1134 779 1217 904 dita
1238 837 1301 907 ae‘

44 919 169 985 πολλὰ
203 920 422 1008 συνεχώρησεν
458 920 479 988 ἃ
509 922 554 1010 μὴ
588 921 749 1028 πρότερον
778 918 871 1006 εἶχον.
915 926 1077 988 Politianus
1104 927 1145 987 ita
1173 928 1275 988 vertit:

1 1043 2 1047 =
44 1007 167 1070 Postea
189 1027 260 1070 aero
283 1027 371 1089 poam
392 1015 424 1072 in
447 1011 587 1090 templum
609 1011 690 1074 loeis
714 1017 867 1090 inpressas
899 1023 944 1073 est
977 1016 1131 1092 omniaque
1153 1013 1275 1093 sacrifi-

44 1096 102 1154 cia
126 1095 161 1154 de
182 1111 266 1154 more
284 1099 409 1174 perepit,
432 1113 574 1156 reuersus
596 1099 628 1157 in
647 1095 796 1176 palatium
817 1115 980 1177 mopnopne
1002 1101 1153 1176 conpiario
1172 1115 1274 1178 popu-

43 1177 121 1238 lum
143 1175 318 1248 Romanum,
351 1182 497 1240 victoriae
527 1185 652 1251 nomine,
684 1194 867 1262 prosecutos
900 1199 935 1244 oo
966 1199 1102 1242 nummos
1129 1182 1274 1244 militibus

40 1261 187 1342 larpitns
211 1272 263 1333 est,
287 1263 377 1324 umnl
398 1263 460 1324 alia
477 1265 630 1343 permulto
651 1265 787 1338 indulsit,
811 1283 885 1345 quoe
905 1283 1057 1348 nunqnam
1080 1277 1167 1327 antea
1189 1285 1275 1328 acoe—
1320 1263 1324 1270 ’

7 1373 10 1378 ·
37 1359 175 1427 perant.
221 1347 486 1426 Quinquennalium
509 1347 556 1408 bic
577 1350 756 1410 mentionem
779 1369 898 1428 quaero,
922 1349 975 1410 sed
998 1347 1116 1410 irustri.
1152 1351 1273 1428 Papium

39 1431 175 1510 quidem
197 1431 293 1492 dicere
316 1431 416 1494 audio:
443 1433 528 1506 Quae
549 1438 697 1497 novitates
719 1440 876 1515 pratiopue
890 1435 1153 1516 pue'npnennolr’um
1168 1435 1275 1496 Seueri

1 1539 2 1557 ³
41 1518 176 1578 indicia.
221 1516 367 1598 lnielicem
398 1535 467 1578 vero
502 1517 725 1578 divinationem!
771 1519 861 1591 Quasi
892 1537 953 1579 non
986 1519 1051 1580 aliis
1078 1520 1271 1598 temporibus,

10 1619 143 1680 numu
168 1601 449 1680 Quinquennalibus,
478 1602 646 1664 istiusmodi
669 1603 758 1665 rebus
780 1603 882 1664 donari
904 1603 1031 1683 populus
1053 1604 1191 1684 potuerit.
1235 1605 1272 1665 Et
1340 1643 1342 1648 ,

1 1701 8 1724 ²
41 1684 126 1764 «perid
151 1685 251 1756 obluit,
280 1686 450 1747 doctissime
472 1686 552 1766 Pagi,
583 1685 661 1766 quod
684 1707 771 1748 voees
793 1687 857 1748 illes
880 1688 1039 1749 Herodiani
1061 1707 1121 1749 non
1143 1685 1269 1760 videres,

42 1765 113 1832 ἐπὶ
137 1777 211 1844 ταῖς
232 1770 358 1845 vinacei
388 1770 433 1831 (lb
455 1771 605 1833 victoriam
628 1773 664 1833 de
686 1772 790 1832 Albine
811 1781 1000 1852 reportatam,
1023 1773 1271 1851 nonQuinquen-
1350 1841 1352 1846 ,

1 1887 17 1912 .·
43 1854 133 1914 natis
162 1855 275 1932 imperii
297 1849 417 1926 ‘eausa,
457 1855 493 1916 de
528 1856 633 1934 quibus
667 1847 746 1917 ludii
769 1865 873 1936 postea
902 1857 1058 1936 separatim
1086 1857 1271 1918 Herodianus

46 1939 139 2009 dicit,
163 1939 237 2000 bane
257 1938 457 2000 liberalitatem
481 1941 606 2002 Severus
630 1941 792 2001 exercebat.
835 1941 900 2001 Non
922 1941 1019 2002 minus
1042 1942 1071 2004 in
1095 1959 1130 2001 eo
1153 1941 1269 2015 lellitnr,
1393 1989 1396 2006 .

46 2023 136 2102 (proed
170 2043 205 2083 ex
226 2023 392 2084 Herodiano
419 2032 520 2103 patere
551 2025 601 2097 ait,
633 2027 795 2104 Augustum
825 2026 923 2087 statim
943 2029 1020 2104 ‘post
1041 2025 1135 2086 Albini
1158 2027 1269 2088 cladem
1374 2091 1376 2100 ,

44 2109 181 2168 llomam
203 2109 399 2169 contendisse.
443 2109 519 2169 Dicit
540 2109 716 2188 isqtridem,
745 2127 834 2188 quum
857 2111 979 2170 Romam
1001 2118 1124 2189 peteret,
1153 2109 1270 2196 πολλῷ

4 2233 12 2257 ,·
42 2188 147 2272 τάχει
174 2211 239 2253 eum
268 2194 421 2272 migrasse.
465 2195 501 2255 dt
529 2213 589 2254 nan
611 2195 668 2255 iter
689 2194 757 2256 illud
781 2196 898 2258 caedem
919 2193 1015 2255 bibini
1038 2195 1192 2259 coelestim
1215 2215 1271 2256 ex-

44 2279 171 2356 cepisse
194 2286 346 2339 memorat.
389 2277 490 2339 Potius
513 2297 573 2339 non
595 2287 678 2341 antea
702 2298 767 2342 eurn
790 2281 912 2341 Romam
936 2299 1002 2340 esse
1024 2297 1175 2340 reversum
1198 2299 1271 2342 nar-

6 2396 7 2401 *
43 2372 107 2430 rat,
132 2381 218 2440 quam
241 2382 288 2423 res
313 2363 480 2442 ordinasset
495 2363 671 2438 Britanniae,
696 2365 913 2444 conrpcsuisset
928 2363 1048 2425 Galliam
1063 2383 1097 2424 aa
1112 2365 1148 2424 de
1165 2383 1267 2444 magna

45 2448 214 2508 amicorum
233 2447 339 2507 vAlbini
367 2448 452 2526 copie
479 2448 653 2527 supplicium
683 2449 869 2530 sumpsisset.
914 2450 997 2522 Quae
1024 2449 1094 2510 tanti
1126 2451 1267 2510 momenti

9 2559 11 2568 ¹
44 2541 124 2594 stent
146 2533 273 2610 negotia,
296 2541 327 2591 ut
349 2533 472 2593 multum
494 2534 635 2612 temporis
658 2533 688 2594 in
706 2535 892 2612 perficiendis
907 2534 964 2594 illis
980 2542 1186 2612 consumptum
1204 2535 1269 2594 sine

45 2616 144 2678 dubio
165 2618 283 2677 laurita
314 2615 390 2678 Nihil
412 2617 501 2695 igitur
516 2617 572 2678 iarn
588 2618 696 2678 certius
707 2637 774 2679 esse
786 2619 975 2692 affirmamus,
998 2637 1083 2696 quarn
1096 2637 1121 2677 a.
1134 2618 1268 2678 cxcvii.

1 2746 17 2755 η.
43 2711 152 2763 erictus
174 2700 279 2770 bibini,
302 2709 421 2762 auctore
444 2703 508 2762 eius
531 2702 641 2773 occiso,
663 2703 782 2764 sedatos
799 2699 907 2764 ¹luisse.
1241 2725 1244 2732 ·

1 2825 14 2862 „-
138 2790 166 2862 ξ.
190 2785 262 2846 Xll'.
306 2787 476 2865 tmuesic
504 2786 652 2846 inollenso
679 2787 754 2864 pede
782 2787 817 2847 ad
846 2786 957 2864 reliqua
996 2787 1078 2865 pergi
1112 2803 1264 2864 annusque

6 2913 15 2944 τ
43 2869 233 2949 dprdogetici
262 2871 367 2938 nostri,
383 2871 495 2932 lucilius
523 2871 660 2931 constitui
683 2879 791 2950 potest.
835 2871 940 2930 Libere
962 2869 1050 2947 igitur
1072 2889 1098 2930 a.
1122 2869 1269 2930 CXCVlll.
1296 2949 1301 2957 Ι

2 2987 22 3032 ,5
46 2955 256 3015 laborantibus
285 2955 424 3016 iratribus
453 2973 488 3015 eo
518 2955 674 3016 subvenire
700 2954 832 3016 noluisse
860 2953 1030 3034 proamita.
1074 2954 1183 3020 Locus,
1217 2955 1265 3032 qui

2 3091 3 3110 ,
45 3041 130 3098 bano
152 3041 245 3100 firmat
266 3039 447 3118 opinionem,
469 3039 518 3100 bic
540 3048 602 3100 est:
626 3039 684 3100 Sed
705 3051 733 3101 et
755 3043 807 3120 qui
826 3059 908 3100 nuno
922 3039 1118 3100 scelestarum
1130 3042 1266 3119 portium

46 3127 132 3186 socii
151 3137 203 3186 aut
222 3125 382 3204 plorrsores
404 3127 536 3206 quotidie
557 3123 743 3194 revelantur,
765 3136 836 3204 post
850 3125 1027 3186 vindemiam
1038 3125 1269 3203 parricidarum

2 3257 17 3290 p
47 3212 215 3270 raennotio
242 3221 406 3290 superstes,
437 3227 525 3290 quom
555 3213 766 3270 recentissimis
789 3220 818 3270 et
840 3212 1051 3270 ramosissimis
1074 3207 1189 3269 lennem
1207 3227 1267 3288 pe-

46 3305 114 3354 stes
141 3287 399 3372 praestruebant?
427 3313 515 3374 mom
542 3293 713 3355 elatissimis
743 3294 874 3354 lucernis
897 3291 1044 3380 vestibula
1064 3291 1267 3354 noobilabunt?

5 3436 8 3444 ,
44 3396 140 3458 queam
176 3377 345 3440 cultissimis
378 3389 405 3440 et
435 3380 655 3458 superbissimis
684 3383 760 3440 toris
783 3381 888 3458 soram
910 3379 968 3440 sibi
988 3376 1183 3441 dividebant?
1204 3397 1267 3440 non

3 3503 17 3548 ,c
43 3473 85 3524 nt
113 3463 222 3540 perodio
247 3463 369 3543 publico
391 3463 586 3534 celebrarent,
616 3463 668 3525 sed
688 3475 723 3524 ot
743 3475 813 3525 aeta
832 3467 962 3544 propria
983 3467 1043 3524 iam
1065 3464 1212 3524 edicerent
1233 3468 1269 3524 in

43 3547 151 3609 olima
179 3547 366 3610 solemnitate
397 3559 426 3610 et
448 3549 615 3629 exemplum
637 3559 723 3630 orpus
744 3553 900 3629 imaps'uem
921 3552 987 3627 spei
1005 3565 1078 3610 suae
1099 3553 1268 3626 rnorspura-

10 3704 16 3712 .
43 3642 128 3708 rent,
158 3651 265 3694 nomen
290 3637 438 3714 principis
467 3638 499 3694 in
528 3635 616 3694 corde
637 3645 796 3696 mutantes.
840 3633 949 3694 liudem
972 3633 1075 3711 osfim‘a
1097 3632 1267 3712 dependunt
1326 3693 1331 3702 ,

4 3775 16 3802 ρ,
44 3729 75 3779 et
100 3721 152 3796 qni
172 3716 344 3796 astrolopas
367 3730 396 3779 et
416 3722 571 3798 umespices
595 3727 622 3778 et
643 3737 773 3796 captores
796 3728 825 3778 et
845 3735 946 3796 anepos
970 3718 1003 3777 de
1029 3716 1191 3777 Caesarum
1214 3731 1265 3773 aa·

10 3847 12 3874 ,
40 3812 110 3882 pete
133 3801 308 3863 consultant
330 3802 463 3880 (Apolog.
486 3819 511 3860 c.
534 3801 646 3861 XXXV.
669 3819 697 3880 p.
721 3804 817 3875 302).
859 3801 925 3860 Non
947 3800 1020 3880 sugit
1040 3797 1161 3860 illustris
1184 3798 1265 3857 bicce

5 3939 10 3964 ,
44 3885 312 3959 locusBoronium,
336 3905 396 3947 non
410 3885 629 3946 Tillemontium
651 3887 811 3964 praeteriit.
843 3885 901 3945 Sed
924 3894 1038 3955 neuter,
1060 3883 1137 3961 quod
1154 3882 1265 3958 absque

6 4029 7 4044 ,
45 3968 245 4030 diminutione
267 3979 415 4032 tantorum
438 3971 590 4031 bominum
613 3969 746 4042 dixerim,
769 3988 805 4030 eo
828 3978 907 4030 recte
928 3969 971 4028 uti
992 3966 1099 4047 potuit,
1127 3985 1162 4026 eo
1184 3965 1264 4042 quod

5 4101 6 4112 .
46 4055 79 4114 in
111 4052 176 4113 aliis
206 4054 291 4117 rebus
315 4065 455 4116 errarent.
498 4055 577 4116 Vidit
597 4054 704 4132 aliquid
726 4053 870 4114 Baronius
892 4071 926 4114 ac
948 4054 984 4113 ds
1006 4057 1103 4128 strage
1124 4049 1264 4128 reliquie·

6 4165 15 4226 ρ
44 4157 116 4198 rum
137 4138 232 4199 bibini
263 4159 330 4202 eum
353 4140 604 4220 interpretandum
626 4157 701 4212 esse,
724 4139 799 4199 bene
821 4137 936 4199 monuit
964 4133 1076 4212 (Annal.
1100 4136 1134 4194 ad
1158 4153 1183 4195 a.
1208 4133 1264 4195 CC.

6 4281 15 4394 ἰ.
83 4341 103 4376 c.
133 4326 218 4390 Neque
241 4341 296 4375 vero
315 4339 367 4376 snm
385 4327 487 4376 beronio
505 4326 544 4376 bic
563 4326 632 4386 iacis,
684 4339 737 4374 enm
767 4331 822 4388 post
848 4317 1088 4385 mediumsstoumsts
1111 4337 1132 4369 e.
1157 4319 1262 4372 CXCVll.

6 4393 632 4512 2tlt„tsitibit.“titillatilflil
683 4395 869 4509 bittit.
883 4389 1263 4522 ”sltrtsttllllbsttltss

6 4529 13 4568 t
46 4538 102 4580 ante
120 4529 271 4580 ccxcviii.
291 4497 631 4589 Seversmuomem'redtue,
683 4527 861 4577 inNumismst.
879 4541 903 4590 p.
923 4525 979 4576 849.
997 4525 1107 4576 adrentus
1126 4523 1196 4573 baius
1213 4525 1261 4573 Aa·
1317 4535 1324 4562 t

46 4607 126 4658 negot.
150 4598 234 4646 dunel.
261 4597 288 4646 Τ.
307 4597 336 4647 ll.
361 4597 389 4646 sd
409 4612 430 4644 a.
450 4596 495 4646 CC.
521 4609 543 4646 o.
566 4595 588 4644 1.
607 4610 631 4659 p.
682 4596 743 4657 gusti
774 4603 859 4658 quarto
887 4594 1022 4643 tribunitius
1052 4595 1174 4656 poteststis
1198 4605 1263 4640 anno

7 4695 11 4722 r
46 4665 108 4716 296.
144 4665 229 4716 Omnia
253 4672 359 4729 pugnent
383 4679 437 4714 cunr
454 4663 499 4713 bec
518 4663 631 4728 opidions
675 4663 836 4713 lectiindicia
855 4661 970 4728 quomam
987 4664 1011 4710 ta
1030 4661 1108 4712 nemis
1126 4671 1263 4710 occurrere.
1327 4667 1331 4678 ·
