3122 5250
537 383 671 428 rnerona
691 383 751 428 xre.
771 383 810 428 ns
830 383 959 430 nonnax.
1294 371 1355 436 att

136 535 177 600 ad
204 535 437 598 internecionem
468 553 564 616 nsque
597 535 767 598 excruciari.
809 535 902 598 Nobis
931 553 1003 616 ergo
1030 534 1068 597 ad
1095 553 1148 598 eos
1175 539 1357 617 torquendos
1388 563 1395 574 ·

139 620 218 684 scire
245 620 355 682 sufficit
381 638 482 682 revera
510 639 578 683 esse
605 621 800 695 Christianos,
832 639 888 683 nec
913 621 963 700 qui
990 619 1127 701 qualesve
1152 621 1213 682 sint
1232 624 1357 703 amplius

138 705 369 786 perqinirendum
390 705 574 779 (Tertullian.
588 705 741 786 Apologet.
765 723 828 785 cap.
844 707 897 782 3.).
928 705 988 768 Sed
1010 705 1207 768 Tertullianus
1229 727 1357 788 respon-

139 791 191 853 det
211 809 315 854 vanam
337 807 407 853 esse
428 807 463 852 ao
483 790 569 870 plane
590 790 746 853 absurdam
769 791 845 852 hano
865 790 1146 869 argumentationem
1168 798 1198 852 et
1211 792 1358 871 ipsosmet

139 875 277 938 ethnicos
307 874 351 938 sic
381 874 552 954 alloquitur:
590 875 623 938 si
649 875 808 956 perleges
835 883 950 937 vestras
978 877 1022 938 las
1051 882 1082 937 et
1102 893 1226 938 necesse
1247 878 1357 955 putatis

139 959 325 1023 Christianos
351 959 500 1022 inauditos
527 969 557 1021 et
586 959 757 1023 indefensos
787 960 993 1033 condemnare,
1027 964 1089 1022 oeno
1112 961 1304 1041 profitemini
1328 975 1358 1027 et
1428 988 1433 996 ·

136 1049 272 1127 inignem
294 1063 333 1108 ec·
353 1063 425 1108 oren
447 1045 677 1108 dominationem
698 1045 848 1123 (lbidem);
871 1065 907 1107 ex
921 1063 998 1120 aree,
1019 1044 1124 1125 inquit,
1147 1045 1176 1105 id
1197 1055 1244 1106 est
1264 1047 1357 1107 torsi-

137 1137 189 1190 tan
217 1147 258 1191 eac
283 1130 360 1192 edito
389 1139 418 1192 et
443 1133 510 1212 ipso
537 1134 650 1192 vertice
671 1133 802 1193 cioitmh
832 1129 1080 1210 (ibid.cap.1.),
1111 1131 1357 1209 quemadmodum

137 1212 224 1276 initio
246 1213 335 1276 huius
356 1213 423 1276 libri
445 1214 567 1276 dixerat.
599 1214 656 1288 Qui
680 1216 760 1276 enim
780 1215 913 1295 quemvis
935 1225 1102 1278 accusatum
1124 1213 1254 1277 inaudita
1268 1235 1356 1278 causa

138 1299 317 1361 condemnat
336 1299 476 1378 iubetque
497 1299 631 1373 interfici,
654 1297 680 1360 is
702 1299 896 1378 proculdubio
916 1317 977 1361 non
999 1299 1084 1380 aequi
1106 1298 1211 1361 iudicis
1226 1301 1358 1381 iungitur

137 1383 249 1458 nitido,
272 1384 325 1445 sed
347 1383 577 1446 dominationem
600 1393 716 1446 exercet
737 1385 952 1466 iniquissimam
974 1403 1009 1447 ac
1028 1383 1240 1448 intolerandam
1255 1393 1355 1467 tyran-

136 1467 248 1530 uidem.

224 1553 332 1614 Verum
354 1560 388 1614 ut
407 1552 559 1632 gentilium
581 1553 769 1632 pertinaciam
783 1552 901 1633 penitus
915 1553 1039 1632 frangat,
1060 1552 1137 1614 aliud
1152 1561 1357 1633 argumentum

136 1636 209 1699 inde
235 1636 320 1710 eruit,
354 1638 433 1717 quod
462 1637 599 1699 omnibus
628 1647 657 1700 et
685 1637 809 1717 singulis
837 1636 946 1699 dabant
971 1637 1132 1717 quemlibet
1151 1657 1212 1699 uno
1235 1646 1265 1701 et
1286 1657 1356 1702 vern

136 1730 261 1801 excepto
276 1722 365 1784 deum
376 1721 492 1784 colendi
502 1722 677 1785 facultatem.
705 1723 779 1784 Nam
791 1740 857 1784 cum
868 1722 991 1784 dixisset
999 1741 1090 1784 unum
1102 1721 1138 1783 ab
1150 1741 1210 1786 uno
1222 1731 1253 1785 et
1267 1723 1356 1786 alium

135 1805 177 1867 ah
199 1806 255 1868 alio
276 1805 369 1868 lihere
390 1814 420 1869 et
439 1807 563 1869 licenter
583 1807 650 1881 ooli,
673 1807 740 1868 illos
759 1808 803 1869 sic
824 1815 924 1886 urget:
961 1806 1057 1870 Videte
1077 1826 1115 1869 ne
1138 1808 1193 1871 boe
1213 1809 1253 1872 od
1273 1812 1356 1871 irre·

135 1891 310 1970 ligioeitntis
332 1891 459 1971 elogium
471 1904 656 1965 concurrat,
684 1893 815 1954 adtinere
841 1892 1010 1954 libertatern
1030 1892 1186 1972 religionis
1206 1905 1237 1955 et
1256 1898 1356 1956 inter-

137 1975 239 2038 dicere
266 1979 416 2057 optionem
443 1977 626 2056 divinitatis,-
655 1987 691 2039 ot
717 1996 780 2040 non
806 1977 896 2039 liceat
915 1977 991 2040 mihi
1010 1977 1111 2040 colere
1141 1996 1227 2059 quern
1256 1977 1355 2056 oelnn,

134 2059 195 2122 sed
224 2079 315 2141 cogor
347 2061 443 2124 colere
474 2079 559 2144 pann
589 2062 684 2124 noh'm
715 2061 800 2136 (ibid.
822 2081 884 2142 cap.
907 2059 998 2138 24.st
1051 2062 1218 2142 Religiosus
1247 2062 1363 2146 etenim,

134 2143 236 2206 carlum
263 2143 347 2218 liber,
379 2145 483 2226 inquit,
512 2155 542 2207 et
567 2146 749 2208 voluntarius
777 2164 846 2208 ease
877 2145 966 2208 dehet
991 2165 1048 2208 neo
1068 2146 1145 2208 ullus
1167 2165 1297 2227 unquam
1318 2147 1355 2208 ab

133 2227 199 2292 ullo
220 2229 341 2292 homine
362 2238 412 2291 aut
432 2231 490 2292 ulla
509 2231 575 2310 lege
596 2231 661 2311 cogi
681 2238 783 2311 potest
807 2229 844 2292 ad
865 2249 930 2294 eam
952 2249 1038 2310 quam
1060 2231 1161 2293 salsam
1185 2250 1252 2294 esse
1274 2231 1357 2294 norit
1431 2277 1438 2288 .

133 2314 358 2394 amplexandam
386 2315 571 2395 religionem:
607 2316 734 2378 lisbince
762 2315 908 2395 siquidem
930 2321 986 2387 rei,
1013 2316 1055 2380 uti
1076 2316 1125 2378 ille
1145 2325 1250 2396 postea
1271 2316 1354 2391 dixit,

132 2400 302 2481 senonice
322 2400 417 2462 libens
439 2405 557 2464 animus
578 2401 724 2463 indicitur
747 2399 834 2475 (lbid.
856 2419 919 2480 cap.
941 2403 1016 2478 28.).
1060 2401 1213 2463 Rationem
1235 2419 1305 2463 vero
1328 2401 1354 2463 si

131 2483 282 2566 postidea,
310 2483 385 2546 banc
414 2483 466 2547 tibi
495 2485 590 2546 dabit:
626 2485 762 2547 Humani
786 2489 864 2547 inn's
893 2495 922 2548 et
947 2485 1102 2549 notnroh'a
1126 2491 1287 2566 potestatis
1308 2496 1356 2549 est

131 2573 299 2650 unicnique
324 2570 404 2651 qood
427 2574 585 2650 potaverit
607 2570 720 2643 colere:
749 2589 804 2631 nec
825 2570 881 2632 olei
901 2571 983 2633 obest
1003 2584 1059 2634 ant
1077 2572 1205 2650 prodeat
1225 2571 1354 2633 alterins

131 2653 255 2734 religio.
289 2652 348 2716 Sed
368 2672 422 2716 nec
443 2654 599 2734 religionis
622 2666 668 2716 est
689 2671 792 2733 cogere
814 2653 995 2734 religionen,
1019 2674 1093 2735 pace
1114 2664 1222 2736 sponte
1242 2660 1358 2736 suscepi

131 2739 249 2810 sichem,
282 2757 344 2802 non
371 2741 410 2811 oi,
440 2757 506 2800 cnm
526 2749 557 2801 et
578 2739 692 2801 hostiae
712 2738 750 2800 ob
773 2743 877 2802 onemo
893 2737 1000 2803 libenti
1018 2739 1261 2819 eapostulentaer.
1305 2738 1355 2800 lto

132 2827 197 2886 etsi
213 2841 271 2885 nos
293 2821 497 2905 compuleritis
520 2825 559 2885 od
580 2823 822 2902 sacrificandum,
846 2823 924 2885 nihil
940 2825 1137 2903 praestabitis
1160 2824 1216 2884 diis
1231 2827 1354 2885 cestris.

131 2907 181 2970 Ab
213 2911 318 2971 sinaitis
351 2911 428 2970 enim
460 2908 612 2990 sacrificio
643 2925 706 2969 non
738 2907 958 2978 desiderobnnt,
990 2909 1054 2969 nisi
1079 2911 1262 2971 contentiosi
1281 2911 1352 2971 aiot.

133 2993 351 3057 Contentioens
373 2996 452 3055 enim
473 2991 554 3054 Dens
576 3011 639 3054 non
660 3002 705 3053 eet
726 2991 819 3067 (idern
840 2990 889 3052 lib.
913 2992 948 3052 ad
971 2991 1085 3070 Scapul.
1109 3009 1172 3071 cap.
1195 2993 1248 3068 2).

220 3075 313 3164 Audis
342 3085 420 3139 certe
448 3077 555 3157 quibus
582 3075 692 3138 hoctor
719 3083 823 3137 noster
849 3075 997 3138 rationum
1027 3076 1185 3138 momentis
1217 3074 1356 3138 ostendat

131 3159 196 3224 iuri
216 3179 279 3222 non
294 3160 392 3224 solum
408 3161 547 3235 humano,
570 3159 721 3222 sedetiam
743 3159 868 3222 naturali
888 3176 1062 3240 repugnare,
1083 3160 1204 3240 niquis
1225 3177 1354 3239 unquam

130 3246 195 3308 nlla
216 3247 245 3307 vi
266 3246 303 3308 ad
326 3245 540 3326 suscipiendam
562 3244 688 3326 aliquam
708 3245 809 3308 ialsam
832 3243 1003 3325 religionem
1024 3252 1075 3307 aut
1094 3245 1160 3306 falsi
1183 3245 1229 3307 dei
1244 3245 1353 3308 curum

132 3330 339 3411 compellatur.
383 3331 544 3393 Cuinslibet
565 3330 710 3410 siquidem
732 3331 835 3409 religio
856 3349 912 3393 neo
931 3331 1056 3409 prodest
1075 3345 1131 3392 nec
1150 3337 1240 3393 nocet
1260 3329 1354 3405 alteri,

133 3415 187 3498 qni
208 3415 338 3496 proximi
358 3415 405 3477 sni
426 3415 506 3476 hono
527 3423 578 3477 ant
597 3415 674 3477 malo
691 3430 748 3477 nec
768 3413 874 3477 melior
893 3433 949 3477 nec
968 3413 1055 3495 peior
1075 3415 1209 3477 efficitur.
1283 3429 1288 3438 ·
1337 3432 1343 3442 ·

221 3499 334 3562 Deinde
355 3518 426 3562 xero
441 3500 519 3561 Dens
542 3500 578 3562 ab
600 3499 691 3562 inrito
713 3507 743 3562 et
763 3500 925 3562 reluctante
948 3499 1089 3562 sacrificia
1111 3517 1172 3562 non
1194 3500 1353 3575 desiderat,

133 3585 196 3648 nisi
225 3585 430 3648 contentiosus
458 3585 506 3660 sit,
533 3584 564 3646 id
592 3592 638 3646 est
663 3584 731 3648 lites
759 3593 790 3647 et
816 3585 910 3665 iurgia
938 3584 1084 3648 seminare
1109 3584 1188 3646 velit
1230 3585 1268 3645 ht
1288 3583 1355 3646 talia
1454 3618 1459 3626 ·

132 3669 216 3733 Dens
237 3687 325 3731 verus
348 3688 416 3731 esse
437 3687 620 3750 nequaquam
640 3677 749 3749 potest.
792 3669 872 3744 Quin
894 3669 981 3732 etiam
995 3687 1089 3741 nnnc,
1113 3669 1153 3730 ait
1167 3667 1262 3730 adhuc
1276 3667 1353 3729 'ler-

132 3755 286 3828 tullianus,
313 3755 350 3818 od
371 3759 466 3818 incito
489 3755 548 3817 coli
567 3753 657 3826 colet,
683 3773 721 3816 ne
744 3754 830 3818 bomo
852 3755 967 3837 quidem
1000 3753 1093 3828 (ldem
1114 3753 1267 3832 hpologet,
1289 3769 1353 3832 cap.

132 3843 212 3918 tt).
254 3838 328 3900 Nam
350 3837 512 3901 damnanda
533 3839 619 3919 plane
640 3847 687 3902 est
707 3837 853 3901 simulatio
876 3846 905 3900 et
925 3838 1036 3901 nefaria
1051 3835 1225 3918 hypocrisis,
1248 3853 1305 3914 qna
1324 3835 1352 3898 is

132 3943 168 3988 se
192 3942 260 3987 enm
283 3923 380 3986 colere
402 3923 531 3986 exterius
553 3923 637 4003 fingit
650 3941 738 4003 quem
761 3923 885 3984 interius
900 3923 1015 4002 spernit
1027 3931 1114 4002 atque
1130 3921 1303 3983 detestatur.

218 4009 264 4070 hd
291 4008 365 4071 haec
393 4026 464 4069 xero
497 4026 530 4069 ea
559 4026 631 4070 sanc
658 4019 705 4070 est
731 4007 861 4070 hominis
889 4007 1041 4087 tragilitas,
1073 4014 1106 4068 nt
1126 4005 1220 4067 Deum
1250 4022 1353 4066 rerum

132 4111 224 4174 saepe
246 4093 366 4174 saepius
389 4091 528 4155 oliendat.
556 4093 643 4174 Atqui
665 4093 779 4173 placare
800 4091 882 4153 illurn
903 4092 1014 4172 nequit,
1037 4090 1097 4152 nisi
1116 4089 1210 4152 libera
1231 4107 1265 4152 ac
1285 4088 1352 4151 sin-

132 4195 202 4242 cera
229 4177 321 4242 animi
348 4177 543 4240 conversione
570 4184 600 4239 et
624 4175 806 4257 poenitentia
832 4183 880 4238 aut
901 4175 978 4238 iacto
998 4175 1124 4238 maxima
1144 4171 1279 4236 libertate
1300 4193 1352 4236 aa·

132 4262 255 4326 «riticio.
286 4261 408 4325 Summa
429 4262 517 4343 igitur
539 4261 603 4324 sine
624 4261 763 4324 iniustitia
785 4278 874 4323 nemo
896 4279 1002 4340 cogere
1022 4277 1071 4322 me
1090 4265 1193 4340 potest
1206 4259 1243 4321 ad
1257 4259 1351 4321 sacn'-
1419 4289 1423 4302 ·

132 4349 281 4412 beandum
302 4345 365 4410 lovi
385 4355 434 4412 eut
456 4347 576 4410 cuilibet
595 4346 678 4409 alteri
699 4347 766 4421 deo,
788 4363 876 4426 quem
896 4363 959 4406 non
979 4361 1051 4408 curo
1066 4362 1103 4405 an
1117 4343 1190 4406 mihi
1203 4343 1352 4424 propitius

134 4433 174 4496 ait
184 4433 233 4496 rel
254 4433 359 4505 iratus,
380 4431 473 4495 multo
487 4432 588 4494 minus
604 4431 630 4494 si
644 4431 726 4496 illum
740 4430 891 4494 hominem
905 4428 999 4492 misse
1013 4447 1069 4492 nec
1081 4429 1209 4511 amplius
1223 4429 1352 4492 existere

134 4519 227 4582 certio
249 4518 358 4580 certius
379 4517 579 4598 cognoverim.

218 4603 315 4668 instet
334 4601 432 4672 adhoc
451 4601 647 4667 lentiliacus
668 4607 699 4664 et
718 4599 808 4674 colat,
829 4598 933 4682 inquit,
956 4598 1037 4664 onec
1058 4599 1163 4674 bunt,
1192 4597 1274 4663 olna
1297 4595 1352 4662 lo-
