3132 5238
491 387 624 432 recreas
646 387 751 432 secono
773 385 912 432 rausero.
1266 374 1303 436 at

82 527 285 600 ‘demenso
308 535 395 600 deser
418 535 576 600 0333333333
597 553 775 617 nuncupare
796 537 930 616 (Apolop.
953 557 978 599 c
996 539 1077 616 34.);
1098 537 1129 599 id
1150 539 1230 618 qnod
1250 539 1307 602 late

97 629 223 683 recenset
252 619 439 682 llerodianns
468 621 517 682 lib.
540 622 628 684 tortio
658 622 696 682 de
716 622 777 684 ritu
799 621 954 684 observato
976 621 1013 683 de
1033 621 1176 684 relatione
1205 625 1307 686 Severi

97 705 190 785 imper.
207 713 414 784 postmortem
426 705 456 766 in
470 705 559 767 Divos
572 724 626 785 per
639 705 716 767 lilios
727 705 837 768 Romae
852 707 936 780 lacta,
958 713 1112 785 postquam
1134 707 1249 770 oneres
1271 729 1307 772 ex

96 790 236 850 Britannia
269 807 369 850 secum
398 789 449 851 leti
474 790 505 852 in
533 808 607 852 urna
629 789 803 852 alabastrina
824 791 902 852 liuta
924 791 1018 864 Illum,
1051 800 1101 852 aut
1120 809 1206 854 aerea
1228 793 1306 856 iuxta

98 873 287 954 Spanianum,
310 873 341 934 in
362 873 532 953 sepulcrum
550 874 690 936 Antonini
712 885 782 937 sunt
801 875 882 936 illati.
926 874 981 936 llic
1000 883 1151 953 praeterea
1171 885 1306 955 praetir-

97 959 217 1020 eundnm
239 975 299 1020 non
321 958 498 1036 putavaus,
521 957 609 1038 quod,
631 977 721 1038 qunm
741 959 836 1038 pridie
856 958 1084 1022 Nonl'cbmar.
1106 960 1229 1038 perierit
1249 962 1306 1022 Se-

97 1061 184 1116 verus,
207 1042 345 1120 castigari
368 1039 509 1103 deberent
530 1044 611 1122 leges
633 1043 708 1105 duae
718 1042 845 1116 Codicis,
867 1043 957 1106 altera
978 1043 1028 1105 lib.
1045 1043 1092 1104 Ill.
1109 1044 1152 1104 tit.
1167 1049 1218 1108 45.
1242 1047 1259 1106 1.
1278 1050 1306 1110 1.

98 1136 125 1186 at
142 1127 254 1206 legatur
275 1126 309 1187 V.
331 1125 394 1187 Ital.
406 1125 569 1197 Februarii,
590 1145 657 1206 pro,
680 1127 822 1188 lanuariI:
844 1126 935 1188 altera
957 1127 1090 1188 eiusdem
1110 1126 1179 1188 libri
1202 1129 1245 1190 tit
1255 1133 1306 1194 37.

97 1209 139 1270 lib.
161 1213 190 1273 3.
212 1210 257 1271 uti
280 1209 338 1270 soli
358 1209 507 1272 Antonino
528 1210 601 1290 Aug.
624 1210 814 1282 adscribatur,
837 1229 898 1274 non
921 1211 1031 1272 Severo
1054 1220 1084 1272 et
1098 1211 1307 1292 Antondugg.

98 1302 188 1372 utpote
220 1311 312 1372 quum
347 1295 404 1356 lata
431 1294 472 1356 sit
500 1293 546 1356 vt.
569 1295 631 1357 Ilal.
653 1295 732 1368 licii,
766 1295 816 1356 diu
847 1304 916 1374 post
936 1295 1013 1356 illius
1036 1294 1160 1368 obitum,
1182 1297 1308 1358 maxime

97 1397 176 1456 mum
198 1385 277 1440 extet
298 1377 347 1439 lea
366 1378 507 1442 Antonini
529 1380 622 1442 solius
644 1379 765 1442 Kalend.
788 1379 873 1441 blaiis
893 1379 965 1453 lota,
995 1387 1025 1441 et
1045 1377 1119 1440 abac
1139 1379 1239 1459 plures
1261 1381 1307 1442 bis

98 1481 165 1524 coss.
186 1462 271 1524 letae.

170 1629 254 1691 Anno
282 1629 403 1692 Domini
430 1629 553 1692 CCXIII.
597 1631 629 1692 S.
651 1629 808 1709 zephyrini
829 1629 954 1692 Romani
980 1629 1127 1708 pontilicis
1149 1579 1306 1692 33133333-

100 1714 180 1774 moini
204 1715 313 1793 imper.
336 1713 372 1776 ll.
405 1714 442 1776 bl.
465 1714 630 1794 Pomponio
657 1715 696 1776 bl.
718 1714 751 1776 E.
772 1713 869 1794 Aspre
891 1713 927 1774 Il.
955 1723 984 1774 et
1009 1713 1104 1791 Aspre
1133 1733 1212 1776 coss.
1244 1716 1307 1777 sire

100 1798 201 1860 duobos
214 1798 332 1877 Aspris,
354 1797 462 1878 quibus
484 1817 562 1861 coss.
583 1799 663 1878 leqes
676 1799 815 1862 AntonIni
836 1798 934 1860 variae
955 1797 1038 1859 datae
1059 1797 1197 1876 leguntur
1217 1801 1306 1878 (qno-

101 1901 157 1943 rum
174 1884 325 1944 seniorem
347 1883 473 1944 eundem
493 1883 575 1946 illum
597 1903 762 1956 censemus,
783 1882 820 1944 dc
841 1901 901 1962 quo
923 1899 1011 1961 supra
1026 1882 1062 1944 ad
1076 1900 1186 1944 anunm
1201 1883 1306 1962 CCII),

103 1966 172 2028 solus
183 1968 352 2029 Autumnus
374 1967 513 2040 (testibus
523 1967 690 2030 Herodiano
713 1968 931 2046 etSpartiano),
952 1966 1125 2028 batreGeta
1147 1968 1183 2027 ad
1205 1976 1307 2046 pectus

101 2069 160 2111 suae
179 2052 280 2113 matris
304 2051 474 2124 interiecto,
502 2060 656 2132 postquam
679 2052 833 2131 imperavit
852 2069 961 2112 annum
976 2067 1084 2122 mum,
1112 2051 1175 2112 dies
1205 2053 1307 2130 viginti

101 2153 188 2210 moon,
202 2155 236 2198 ac
246 2133 368 2214 sepulto
384 2135 415 2196 in
426 2136 588 2215 septizonio
600 2136 691 2216 (quod
703 2155 720 2198 3
731 2145 845 2216 septem
856 2135 940 2196 zonis
952 2135 1027 2196 coeli
1039 2135 1079 2195 ita
1091 2135 1201 2196 dictum
1213 2137 1306 2198 Seve-

101 2237 153 2294 ms,
172 2221 214 2281 rel
227 2218 363 2282 Eusebio
385 2227 470 2292 teste,
491 2219 704 2297 aedificaverat)
726 2240 761 2282 ac
774 2221 805 2282 in
820 2219 904 2281 diros
919 2219 1023 2292 rnen,
1044 2218 1201 2298 imperium
1216 2239 1307 2282 usur-

100 2305 175 2380 parit
215 2305 344 2382 Insuper
370 2311 400 2366 et
427 2304 501 2366 alios
520 2305 680 2385 plurImos,
708 2305 894 2385 quantumvis
915 2303 992 2382 paui
1013 2303 1129 2381 sibique
1150 2313 1234 2364 antea
1256 2324 1306 2366 ca·

101 2387 231 2462 rissianos,
252 2387 322 2449 ncci
343 2387 419 2450 tradi
433 2389 531 2463 Iussit,
554 2390 717 2469 intorques
731 2387 981 2452 commemorandi
993 2387 1115 2448 veniunt
1127 2386 1307 2466 PapInianns

100 2471 140 2532 ille
159 2473 219 2534 cios
239 2492 275 2534 ac
299 2471 403 2534 baliani
424 2480 455 2534 ct
468 2473 626 2553 'Iertpliani
646 2473 693 2536 lG.
715 2481 899 2553 praeceptor,
921 2471 997 2532 leuis
1012 2470 1131 2549 Asylum
1153 2472 1307 2551 cognomi-

100 2565 172 2618 natus
191 2575 208 2618 3
230 2556 402 2636 spartiano,
425 2563 455 2618 et
476 2556 681 2620 Sammonicus
704 2559 843 2630 Serenus,
869 2556 953 2619 cuins
972 2555 1066 2616 libros
1087 2555 1231 2635 plurimos
1254 2575 1307 2618 ex-

101 2647 153 2700 tare
172 2641 217 2702 ille
237 2639 356 2713 scribit,
379 2641 518 2703 Gordium
537 2651 643 2721 postea
663 2641 797 2712 Cameris
819 2640 1015 2720 paedagogus.
1045 2639 1078 2700 In
1099 2639 1179 2701 bunc
1199 2659 1310 2702 annum

99 2725 240 2786 relerImus
266 2725 379 2786 librum
407 2724 579 2787 TertuIIIani
600 2726 643 2788 lle
664 2726 876 2787 Exhortationc
898 2724 1063 2794 castitatis,
1097 2732 1199 2801 utpote
1221 2743 1308 2803 quern

100 2807 269 2888 Nicepboms
304 2809 356 2872 lib.
378 2809 426 2872 tv.
448 2827 510 2888 cop.
534 2813 585 2874 54.
618 2811 696 2872 inter·
716 2829 769 2872 eos
791 2817 935 2881 recenset,
956 2807 1006 2885 qui
1027 2815 1129 2868 corrtra
1148 2807 1309 2868 Ecclesiam

101 2892 257 2955 cetbolicam
280 2893 444 2972 comuipn
464 2901 543 2968 sunt,
566 2903 596 2956 et
617 2894 648 2955 iu
669 2912 728 2972 quo
751 2913 787 2954 eo
808 2891 972 2954 dementiae
993 2889 1110 2950 videtur
1126 2890 1253 2960 venisse,
1275 2902 1310 2953 nt

101 2979 173 3056 apud
191 2989 254 3040 tres
277 2982 370 3040 ettam
392 2977 501 3050 lolem,
524 2985 627 3058 utpne
649 2977 820 3038 blontanum
842 2984 872 3037 et
892 2976 1011 3036 insanas
1034 2972 1097 3033 eius
1119 2972 1309 3051 prophetides

103 3059 216 3122 Priscam
239 3071 269 3123 et
290 3061 488 3133 Maximillam.
511 3081 578 3124 esse
592 3060 753 3124 Ecclesiam
774 3059 936 3131 existimet,
957 3055 1202 3136 quemadmodum
1223 3056 1310 3119 letius

104 3143 215 3222 idipsum
236 3146 307 3208 alibi
337 3145 463 3208 icmlcst
494 3147 549 3222 (Ile
576 3145 697 3207 Exhort.
727 3144 827 3205 Castit.
861 3161 886 3204 c
910 3145 939 3206 7.
973 3141 1015 3201 Ilc
1046 3139 1148 3202 Pudic.
1182 3159 1207 3202 c
1234 3144 1308 3217 ab).

106 3225 169 3289 lluic
192 3230 279 3292 etiarn
310 3247 390 3292 anno
418 3229 596 3309 applicamus
624 3229 852 3308 disputationem
879 3226 957 3288 illam
986 3224 1047 3287 Caii
1074 3224 1229 3304 sculptoris
1258 3245 1309 3288 ec-

107 3311 242 3377 deeiasdci
263 3315 409 3376 adversus
430 3315 577 3387 Proclum‚
598 3314 681 3376 ndns
704 3313 899 3374 meminerunt
920 3309 1028 3372 Euseb.
1050 3309 1087 3370 ll.
1108 3308 1143 3371 E.
1166 3307 1224 3385 vt,
1246 3313 1309 3383 24„

107 3393 135 3454 ll.
151 3397 352 3479 Hieronymus,
385 3399 417 3459 io
438 3398 529 3462 Catal.
551 3399 616 3460 Sor.
637 3397 759 3472 Eccles,
793 3405 823 3458 et
853 3396 941 3458 latins
972 3395 1004 3455 in
1035 3393 1108 3456 baec
1139 3393 1228 3455 verba
1255 3395 1310 3456 lli·

106 3481 176 3558 cepb.
200 3483 266 3546 loco
294 3485 354 3545 iam
383 3482 486 3545 citato:
524 3483 662 3558 Floreat,
695 3481 800 3562 Inquit,
822 3483 877 3544 aad
899 3479 1068 3560 Zephyrion
1091 3477 1202 3542 llomce
1230 3483 1311 3559 epis-

107 3581 167 3644 eopo
197 3569 297 3640 ectu,
329 3569 484 3630 amoeno
518 3567 623 3630 severe·
646 3567 712 3648 filio
739 3572 915 3646 tbtperattte.
960 3562 989 3626 Is
1010 3563 1152 3624 adversus
1173 3562 1311 3624 Proclum

104 3645 217 3714 Montani
242 3659 494 3732 propugnatorem
521 3649 759 3714 dissertationem
788 3648 1025 3732 copiosissimam
1054 3645 1156 3707 habuit
1177 3655 1206 3708 ct
1226 3664 1310 3706 cora-

105 3735 200 3808 pusait,
221 3737 397 3798 temerariae
419 3735 568 3809 audaciae,
589 3736 667 3813 quod
682 3752 789 3796 noram
802 3731 998 3796 Introduxerit
1011 3730 1207 3809 prophetiam,
1229 3729 1310 3788 illurn

106 3817 269 3898 reduqaeus
300 3829 331 3883 et
360 3821 525 3882 contuens.
570 3819 665 3892 Quam
687 3817 805 3899 quidem
826 3836 882 3880 nos
903 3815 1059 3896 aliqnando
1082 3811 1311 3907 existimerimus

106 3917 195 3964 unam
222 3904 483 3966 emmennone
511 3903 547 3966 ad
569 3904 698 3966 Montani
725 3909 824 3982 partes
851 3900 1020 3971 dedolendi3
1053 3895 1133 3976 quod
1153 3894 1312 3956 rerrsmnle

108 3983 133 4044 lt
149 3986 176 4047 io
189 3987 326 4052 Prodarm
348 3989 404 4050 bac
424 3987 623 4067 disputatione
644 3989 809 4050 morinum
829 4004 886 4048 uec
911 3983 1133 4062 resipiscentem
1154 3998 1172 4042 3
1196 3979 1311 4059 Zephy-

110 4067 163 4129 rion
192 4073 523 4136 excommunicationem
551 4071 637 4134 latam
664 4072 771 4144 luisse,
805 4079 835 4132 et
857 4087 960 4130 omues
983 4066 1045 4126 eius
1066 4063 1203 4138 asseclas,
1237 4064 1313 4126 inter

110 4167 172 4226 quos
189 4155 267 4218 baud
290 4156 380 4220 dubie
400 4158 517 4230 Auctor,
539 4165 642 4235 utpote
657 4156 899 4218 llontanistarum
920 4145 1003 4214 acrei
1015 4148 1152 4210 Proclum
1174 4155 1313 4221 sectator,

110 4249 159 4296 oon
177 4257 278 4304 eorum
299 4242 351 4322 qui
373 4241 535 4304 secundum
555 4240 730 4303 Aeschinem
752 4238 932 4309 dicebantur,
954 4241 1056 4296 contra
1075 4251 1149 4312 quos
1165 4233 1224 4312 egit
1237 4232 1313 4294 libro

108 4319 240 4386 Adversus
261 4326 404 4388 Praxean.
433 4325 541 4388 Verum
562 4326 619 4388 iam
641 4331 725 4386 antea
746 4323 828 4386 illum
849 4321 975 4382 delicere
996 4319 1140 4396 coepisse,
1163 4318 1222 4378 imo
1239 4335 1312 4378 con-

108 4409 146 4464 ln
165 4406 321 4472 Ecclesiam
353 4409 529 4488 sumsisse,
562 4429 597 4470 cx
629 4408 831 4487 superioribus
862 4403 1049 4466 manifestum
1080 4402 1120 4462 nt
1164 4399 1313 4462 Fortassis

107 4485 155 4550 bue
182 4499 316 4572 tempora
344 4493 468 4572 contigit
487 4493 625 4572 origenis
646 4491 781 4571 discipuli
804 4487 962 4550 Clementis
983 4486 1169 4549 Alexandrini
1191 4493 1221 4546 ct
1241 4485 1312 4544 Arn-

106 4573 187 4636 tnooii
209 4575 339 4640 Eomana
361 4578 418 4640 sub
439 4576 610 4657 zephyrino·
625 4576 781 4656 protectio,
803 4573 887 4636 cuins
908 4572 1105 4634 memmerunt
1119 4569 1263 4632 Eusebius
1286 4573 1314 4626 et
1387 4581 1393 4604 ¹
