3132 5238
210 341 271 401 'tt
557 356 604 406 ou.
627 355 711 396 sarr.
734 353 829 398 utos.
844 343 1039 398 retroactam
1061 353 1127 396 rara

167 560 170 569 ,
227 508 296 588 prii
314 507 459 568 diseuntes
482 517 510 568 et
531 523 720 567 successores
742 507 895 584 ipsorum,
924 521 962 564 ns
980 505 1171 584 posteriores
1193 521 1303 582 negare
1321 507 1453 584 possint.

230 591 342 652 Eodem
364 609 441 652 anno
464 589 648 667 conscriptas
680 597 817 667 putamus
840 587 933 649 libros
954 587 1103 647 Adversus
1126 586 1340 666 Hermogenem
1364 588 1453 662 dnos,

230 675 272 736 De
294 675 414 736 Materia
435 674 497 734 Deo
519 672 681 734 Coaetema
703 689 805 745 unum,
828 673 871 733 lle
887 671 984 734 Censu
1004 671 1125 731 Animae
1148 689 1184 732 ex
1205 671 1307 732 eadem
1329 673 1455 736 materia

229 759 363 820 alterum.
395 757 452 832 Qui
468 775 526 836 qua
544 766 679 836 tempore
694 756 888 818 disseminare
910 773 979 816 suas
1001 755 1149 816 haereseis
1172 755 1313 834 coeperit,
1336 773 1396 816 uon
1412 757 1455 817 ita

127 847 132 858 ’
230 851 360 916 εοῐιεωῑς
386 850 512 903 ettamen
541 861 577 902 ex
604 849 692 920 parte
708 841 738 902 id
760 839 925 919 significare
948 839 1064 900 ridetur
1085 838 1117 899 B.
1139 838 1336 918 Hieronymus
1360 840 1453 902 Catal.

231 927 337 1006 Soript.
348 926 470 1000 Euclea..
486 925 555 987 dum
570 932 672 988 contra
687 925 823 988 haeresin
837 923 1032 1002 Hermogenis
1047 924 1174 1001 primum
1191 923 1347 1003 scripsisse
1361 925 1456 986 tradit

230 1009 425 1090 Theophilum
439 1009 663 1086 Antiochenam.
686 1008 755 1081 Qui,
772 1009 827 1070 etsi
842 1008 897 1070 sub
912 1008 1017 1087 imper.
1032 1008 1109 1070 Vero
1125 1007 1268 1080 iloruerit,
1292 1007 1386 1068 eidam
1402 1019 1469 1080 ta-.

229 1113 296 1155 men
318 1093 517 1174 supervixisse
540 1111 575 1154 ex
600 1093 664 1154 eius
680 1092 730 1154 lih.
747 1091 795 1155 lH.
812 1093 847 1154 ad
863 1090 1035 1171 Autolycum
1050 1091 1268 1171 comprobatur,
1290 1091 1341 1152 uhi
1355 1110 1453 1154 annos

229 1188 259 1238 et
272 1178 384 1250 mundi,
408 1186 439 1239 at
452 1177 577 1239 Homani
591 1177 771 1249 consulatus,
793 1188 823 1238 et
837 1177 996 1238 Caesarum
1017 1175 1159 1254 usquead
1172 1175 1363 1237 obitumVeri
1377 1176 1452 1256 imp.

228 1269 387 1341 computat.
401 1261 531 1323 Proinde
546 1261 601 1324 sub
616 1261 779 1323 Commodo
792 1261 892 1341 potius
904 1260 975 1339 imp.
988 1277 1106 1321 errores
1120 1258 1201 1321 illum
1216 1277 1289 1321 suos
1303 1261 1452 1338 sparsisse

222 1363 400 1420 .censemus;
425 1345 474 1424 qui
492 1353 589 1407 tamen
606 1353 700 1407 aetate
715 1345 852 1407 Auctoris
876 1345 973 1406 adhuc
992 1343 1106 1416 vixerit,
1128 1343 1175 1404 vel
1190 1362 1225 1405 eo
1243 1351 1317 1405 teste
1331 1344 1362 1405 in
1377 1344 1454 1406 haec

228 1430 331 1491 verba:
360 1429 424 1492 Hos
441 1429 556 1512 (inquit,
575 1430 611 1491 de
623 1429 779 1502 Marcione,
800 1429 950 1490 Valentino
961 1439 991 1489 et
1000 1427 1101 1506 Apelle
1110 1427 1234 1508 loquens
1244 1427 1302 1490 iam
1313 1429 1452 1506 mortius)

227 1525 263 1576 ut
272 1518 454 1592 insigniores
466 1525 495 1576 et
505 1515 729 1596 frequentiores
742 1513 899 1576 adrtlteros
913 1515 1051 1575 ueritatis
1067 1516 1266 1574 monuissemus.
1293 1511 1453 1574 Caeterum

228 1597 380 1675 Niqidius,
402 1601 502 1659 nescio
524 1602 605 1679 quis,
628 1608 657 1659 et
678 1597 894 1676 Hermogenes,
918 1595 1058 1660 etmulti
1077 1595 1146 1667 olii,
1175 1596 1272 1658 adhuc
1294 1596 1452 1660 ambulant

228 1681 436 1744 subvertentes
465 1685 529 1742 oias
557 1682 682 1744 Domini
709 1681 764 1754 (De
790 1681 925 1742 Praescr.
954 1680 1018 1742 adv.
1041 1679 1129 1741 Heer.
1152 1699 1178 1740 e.
1202 1683 1277 1757 30.).
1321 1681 1359 1741 Et
1378 1699 1451 1741 vero

229 1765 258 1824 in
281 1764 376 1826 hirica
386 1763 603 1844 Hermogenem
624 1765 762 1826 floruisse
778 1764 861 1825 testis
877 1773 923 1826 est
936 1763 1111 1826 Philastrius
1127 1763 1178 1825 lih.
1194 1763 1235 1825 [le
1251 1763 1384 1837 Haeres„
1400 1766 1449 1826 cui

227 1849 336 1909 Auctor
357 1839 438 1909 addit
459 1856 595 1927 tanquam
617 1849 791 1926 magistrum
812 1847 939 1926 aliquem
960 1847 1117 1926 Nigidium.
1162 1848 1260 1921 Quum
1286 1849 1372 1910 etiarn
1392 1867 1449 1910 su·

227 1940 382 2011 parassent
403 1930 498 1994 adhuc
524 1931 799 1995 Valentinianorum
814 1932 1034 1994 haereticorum
1048 1935 1196 2002 erramina,
1219 1932 1343 1994 ducibus
1358 1950 1450 2011 pree-

227 2025 274 2077 ter
293 2016 407 2096 primos
429 2015 495 2077 illos
512 2034 599 2094 supra
614 2015 755 2078 adductos
774 2015 932 2088 Theotimo,
956 2017 1110 2087 boionica,
1134 2016 1309 2079 Aleaandro
1325 2028 1353 2078 et
1367 2016 1450 2078 Pro-

229 2101 308 2176 dico,
340 2099 373 2160 B.
395 2100 549 2162 lreuaeum
581 2099 708 2162 imitatus
738 2100 775 2161 ad
802 2100 924 2162 verbum
946 2118 1040 2179 paene
1061 2100 1168 2162 libnom
1191 2100 1366 2180 conseripsit
1384 2100 1449 2162 hd-

227 2201 331 2246 rersus
352 2183 580 2246 Valentinianos.
623 2183 666 2244 lle
687 2183 837 2263 prioribus
866 2184 909 2246 sic
929 2185 1054 2246 ductas:
1089 2183 1218 2246 Multum
1240 2187 1321 2248 circa
1341 2189 1451 2266 imagi·
1490 2227 1492 2238 ·

227 2285 280 2328 nes
304 2269 375 2346 legis
401 2266 568 2331 Theotimus
591 2279 734 2350 operatus
757 2279 809 2330 est.
840 2267 890 2330 lta
910 2287 1059 2350 nusquam
1083 2267 1276 2332 Valentinus:
1298 2279 1327 2330 et
1349 2279 1451 2332 tamon

230 2351 445 2428 Valentiniani,
478 2357 531 2432 qui
553 2371 612 2433 per
644 2352 840 2415 Valentinum.
884 2351 976 2415 Solus
1002 2353 1042 2414 ad
1071 2353 1249 2415 hodiernum
1274 2353 1451 2415 Antiochiae

227 2435 392 2498 Axionicus
419 2439 593 2498 mmsoriam
617 2436 767 2498 Valentini
793 2440 913 2515 integra
934 2437 1070 2502 custodia
1091 2436 1266 2515 reqadorum
1288 2440 1352 2498 eius
1375 2455 1451 2500 con-

226 2519 349 2582 solatur
370 2517 453 2593 (hdr.
476 2519 588 2581 Valent
611 2539 636 2581 c
658 2523 712 2597 4.).
749 2519 791 2580 lle
813 2520 902 2581 tertio
923 2521 954 2581 in
974 2522 1049 2583 boec
1067 2520 1172 2582 rerba:
1195 2520 1280 2592 Nam,
1301 2529 1337 2581 ut
1354 2538 1450 2600 peaes

226 2603 372 2683 quendam
399 2620 438 2664 en
462 2603 612 2666 Valentini
637 2604 770 2683 factione
799 2603 869 2682 leqi,
900 2608 1002 2684 primo
1030 2623 1093 2667 non
1111 2613 1223 2685 putant
1244 2616 1398 2667 terrenam
1420 2617 1450 2668 et

227 2687 388 2748 hunmnam
405 2686 519 2749 Christi
535 2687 735 2750 substantiam
749 2688 948 2763 inscrutatum
970 2687 1025 2762 (ne
1047 2687 1140 2749 Carne
1163 2688 1231 2754 Chr.
1253 2707 1278 2749 c
1304 2691 1376 2764 lb).
1405 2689 1449 2750 lte

226 2789 284 2850 quo
307 2788 377 2832 vero
400 2769 536 2850 loquatur
558 2769 701 2832 subiecit:
735 2769 867 2852 insuper
887 2773 1121 2851 argumentandi
1142 2772 1262 2834 libidine
1285 2791 1324 2836 en
1344 2773 1450 2852 somna

225 2859 338 2934 ingenii
352 2855 497 2917 haeren'ci
510 2854 608 2916 bonam
629 2856 688 2916 sibi
707 2855 780 2930 fecit
801 2853 976 2916 Alemonder
996 2855 1048 2917 ille
1069 2855 1123 2927 (lle
1141 2856 1236 2917 Carne
1251 2855 1320 2918 Chr.
1343 2875 1369 2917 c.
1384 2859 1449 2933 16.)

224 2939 261 3000 Et
288 2957 424 3001 rursiam:
462 2939 521 3001 Sed
542 2942 669 3001 remisso
692 2937 866 3000 Alenandro
897 2957 963 3000 cum
987 2943 1051 3000 suis
1072 2938 1254 3019 syllogismis
1277 2940 1331 3012 (De
1352 2939 1449 3001 &sne

225 3023 294 3086 Chr.
317 3043 342 3085 o.
367 3027 439 3100 tn).
461 3023 593 3102 lienique
614 3023 651 3085 de
673 3030 825 3102 postremo
848 3022 905 3083 duo
928 3031 1107 3084 concurrunt
1127 3023 1200 3098 loci,
1223 3041 1316 3084 unus:
1356 3025 1450 3097 Quod

227 3111 256 3168 sl
268 3112 327 3168 iam
342 3117 414 3168 tunc
428 3107 577 3168 Prodicus
599 3117 655 3168 aut
673 3106 846 3168 Valentinus
869 3107 1030 3170 adsisteret
1053 3107 1169 3186 (Scarp.
1182 3125 1244 3186 cap.
1256 3107 1332 3184 ult),
1355 3107 1446 3168 altor:

229 3191 330 3262 Quum
344 3189 424 3250 ala'us
439 3190 521 3251 Deus
536 3191 675 3266 infertur
689 3191 835 3252 aduersus
851 3199 1025 3262 creatorem,
1049 3202 1120 3253 tnnc
1135 3191 1211 3254 male
1226 3210 1316 3278 wem
1327 3191 1448 3271 plures,

226 3273 390 3334 seeundum
414 3271 586 3334 Valentinos
609 3283 638 3334 et
658 3273 804 3341 Proditor
827 3273 911 3348 (hdr.
932 3273 1018 3334 Pras.
1042 3293 1066 3336 c.
1089 3276 1143 3352 3.).
1179 3275 1281 3354 Neque
1304 3275 1381 3336 euim
1403 3275 1449 3338 ihi

224 3355 282 3434 legi
303 3373 393 3434 posse
417 3355 557 3428 Proolos,
585 3356 665 3434 quod
686 3365 750 3432 erat
771 3357 801 3418 in
824 3357 939 3419 excusis
961 3357 1121 3433 codicibus,
1143 3367 1346 3438 praeterquam
1367 3362 1450 3438 qnod

225 3457 281 3500 suo
296 3439 362 3500 loco
378 3438 677 3517 comprobaverimus,
700 3441 746 3501 rel
770 3459 805 3504 eo
828 3441 1011 3503 conuincitur
1032 3443 1111 3522 quod
1125 3442 1246 3504 Proclus
1262 3463 1316 3505 seu
1329 3443 1449 3506 Proni-

224 3524 271 3585 las
294 3539 354 3590 uon
370 3521 589 3584 Valentinianus
611 3523 709 3598 iuerit,
731 3525 785 3586 sed
800 3525 985 3599 hiemantem,
1008 3545 1024 3587 a
1046 3543 1104 3606 quo
1126 3527 1196 3589 dicti
1211 3522 1293 3590 κατὰ
1307 3527 1450 3590 Proclum

152 3661 160 3692 ‘
223 3606 1451 3774 stitittittttttthhtnttlt”tttrinitati-‘ht

222 3777 483 3858 huctor‘uirqinis
505 3787 640 3838 semotae
655 3787 684 3839 et
697 3777 885 3840 Christianae
900 3778 1084 3860 eloquentiae
1096 3781 1268 3858 diqsn'tatem
1290 3779 1373 3853 (hdr.
1385 3781 1448 3841 Va·
1471 3781 1475 3788 '

223 3861 293 3923 lent.
316 3883 342 3928 c.
354 3865 409 3940 tt),
431 3859 565 3921 uidemur
586 3860 671 3921 nobis
694 3859 827 3940 attigisse
846 3863 974 3942 primurn
996 3863 1075 3942 quad
1095 3864 1178 3924 aiunt
1198 3864 1324 3943 lapidem
1346 3865 1447 3925 offen-

223 3945 327 4020 sionis,
350 3947 381 4006 in
402 3963 489 4024 quem
511 3944 576 4029 ipsc
597 3944 727 4026 impegit,
750 3946 819 4007 dum
841 3947 973 4034 partibus
988 3947 1117 4009 hlontani
1138 3949 1236 4008 lavere
1258 3947 1369 4027 coepit3
1391 3967 1445 4008 se-

223 4028 344 4102 ductus,
372 4037 513 4107 quantum
540 4036 676 4107 apparet,
706 4029 900 4091 admiratione
927 4030 1051 4109 quadam
1072 4035 1136 4093 tum
1158 4035 1286 4110 oirqims
1309 4043 1448 4095 senectae

222 4105 360 4184 Pr'aculi,
383 4129 470 4190 mem
491 4107 563 4174 tune
583 4131 686 4175 senem
707 4113 798 4176 luisse
820 4115 959 4193 oportuit,
981 4119 1085 4193 utpote
1099 4115 1145 4176 vel
1158 4115 1262 4178 eodem
1277 4124 1354 4178 teste
1369 4135 1448 4180 can-

223 4195 417 4275 temporalem
438 4196 721 4260 haeresiarcharum
744 4197 1037 4268 Valentinianorum,
1061 4209 1125 4261 tum
1147 4199 1331 4282 eloquentiae
1355 4201 1448 4263 Chri-

222 4283 355 4354 stianae,
384 4297 484 4375 quam?
492 4281 523 4340 in
545 4281 663 4361 scriptis
685 4282 749 4350 eius
771 4282 979 4362 deprehendit:
1008 4281 1113 4360 panim
1134 4303 1249 4346 memor
1270 4285 1363 4345 miser
1385 4284 1446 4358 ille,

222 4362 293 4441 quid
315 4371 399 4424 antea
421 4364 600 4440 scripsisset,
622 4366 758 4429 fortassis
781 4367 868 4428 huius
891 4367 963 4428 tanti
985 4365 1039 4426 riri
1063 4369 1229 4430 occasione:
1255 4369 1371 4446 Solent,
1395 4369 1446 4429 in-

222 4446 294 4526 quit,
316 4451 461 4509 miriones
482 4450 536 4508 isti
555 4454 643 4512 etiam
665 4452 699 4513 cle
721 4451 897 4530 quibusdam
916 4453 1058 4530 personis
1080 4454 1117 4514 ab
1140 4453 1266 4518 haeresi
1279 4457 1376 4532 captis
1392 4472 1446 4514 ae—

223 4531 345 4612 dificari
364 4536 396 4595 in
418 4533 556 4594 rutham:
583 4533 686 4606 Quare
708 4535 778 4608 illa,
801 4535 852 4598 uel
871 4534 934 4606 ille,
955 4534 1136 4615 fidelissumi,
1160 4538 1395 4616 prudentissimi
1415 4549 1446 4600 et
