3114 5240
463 373 598 418 sumens
622 371 680 417 rrtc.
703 373 740 418 ca
762 372 885 418 neuneu.
1244 362 1303 426 tut

92 522 267 603 aspendum
288 524 454 604 aptissimo.
489 523 638 598 Quantum
658 543 730 586 nere
752 526 833 588 omni
857 519 1033 588 eruditionis
1048 541 1155 606 gestare
1170 527 1303 592 abunda·

90 609 163 680 mit,
187 627 226 670 ex
247 609 297 670 bis
317 609 431 671 eoniice
452 607 597 672 vincentii
618 609 784 672 Lirinensis
805 609 922 672 verbis:
951 610 1035 674 Sicut
1058 613 1201 691 Oripenes
1223 616 1307 695 apul

89 694 224 765 fraecor,
247 699 293 756 ita
315 695 361 756 liic
383 695 465 774 apud
486 695 609 758 balineo
631 695 810 758 narborem
832 701 963 758 omnium
983 696 1075 774 [erile
1087 703 1233 780 princeps
1255 704 1306 762 iu·
1321 700 1347 731 ⁰'
1412 735 1414 740 ·
1463 731 1471 740 ·

87 779 229 840 limmdus
251 790 305 841 eet.
353 779 434 852 Quid
461 783 538 841 meiat
566 780 622 842 loa
648 783 716 842 eiro
740 779 880 843 doctius?
915 780 997 853 Quid
1023 785 1057 842 in
1084 782 1194 845 diuinis
1215 795 1305 866 etque

86 863 222 925 lamam
243 865 335 926 rebus
356 862 578 926 exercitatius?
609 863 718 944 Nempe
741 883 855 928 omnem
872 865 1097 946 philosophiam
1118 877 1146 928 et
1179 881 1303 932 cunctas

81 947 336 1028 pillosuplorum
363 959 474 1019 sectas,
510 961 650 1012 auctores
680 960 907 1031 desertoresque
942 962 1108 1022 sectarum,
1145 971 1303 1035 omnesaue

83 1051 184 1094 mrum
207 1033 399 1114 atrapitena.
422 1049 537 1096 omnent
559 1033 759 1096 historiarum
780 1053 816 1097 ac
836 1037 1008 1098 stadiorum
1029 1039 1205 1099 earr'etatem
1226 1045 1306 1102 miro

82 1119 209 1199 pucilam
238 1122 347 1180 menas
377 1122 540 1198 capacitate
567 1118 740 1201 complemus
770 1130 823 1182 ert.
874 1119 997 1202 luponio
1026 1139 1099 1184 aere
1121 1138 1221 1185 nonne
1243 1135 1304 1187 turn

82 1207 165 1280 paci
186 1221 225 1264 aa
240 1203 408 1264 aelmaenti
421 1203 579 1275 excelluit,
600 1214 636 1265 ut
657 1202 734 1266 nillil
748 1204 807 1267 sili
816 1223 913 1285 paene
929 1205 969 1266 ad
983 1208 1217 1286 eapupnaadum
1224 1226 1304 1288 pre-

82 1291 230 1367 posuerit,
254 1288 334 1369 pret
347 1307 409 1349 non
431 1297 485 1350 eut
499 1293 635 1351 acumine
656 1293 809 1369 irruperit
830 1301 885 1352 aut
905 1291 1043 1370 pendere
1065 1291 1205 1354 eliserit?
1236 1293 1305 1355 lam

81 1391 175 1453 parre
202 1377 354 1434 orationis
376 1391 449 1434 suae
470 1371 573 1436 laudes
596 1378 663 1455 arrio
685 1379 793 1455 acepta
826 1372 951 1436 acturi
989 1374 1075 1447 Quae
1096 1386 1183 1441 tante
1202 1381 1304 1440 necato

84 1477 135 1538 pue
157 1462 318 1519 rationum
339 1461 516 1520 necessitate
537 1469 680 1520 conserta
692 1469 746 1531 est,
761 1469 797 1520 ut
811 1460 852 1521 ad
871 1475 1051 1520 eonsensum
1071 1466 1123 1522 sai
1141 1480 1215 1541 aues
1230 1481 1305 1524 sae-

84 1544 148 1604 lere
169 1561 237 1604 non
254 1547 406 1621 potnerit,
428 1540 575 1623 einpellot.
610 1543 702 1605 auae
729 1553 802 1626 quot
820 1561 917 1624 paene
937 1542 1045 1614 aeria,
1074 1553 1120 1605 tet
1141 1551 1306 1610 sentences

83 1639 160 1699 sent,
182 1637 259 1708 quet
281 1645 399 1699 senens,
422 1637 466 1689 tot
487 1631 643 1689 uictoriae.
673 1627 781 1690 Sciunt
802 1628 857 1689 lec
872 1627 1052 1701 Marciam,
1074 1629 1201 1709 Apelles,
1225 1631 1305 1693 Pra-

65 1731 161 1792 uaeoe,
186 1710 406 1790 Hermopenes,
427 1711 551 1787 ladem,
577 1711 718 1788 Gentiles,
741 1712 878 1776 Gnostici
904 1717 1063 1794 ceterique,
1097 1733 1226 1794 puerum
1252 1716 1305 1779 ille

85 1796 282 1878 llasplcemiop
302 1795 407 1858 multis
429 1813 464 1858 ac
477 1801 593 1876 inapnis
616 1797 803 1859 velaminum
825 1816 952 1859 saonem
971 1797 1107 1870 mollius,
1131 1801 1214 1862 uelut
1236 1807 1304 1881 qui-

87 1881 208 1942 busdam
220 1881 418 1960 [nimiminus
432 1885 534 1944 uertit.
558 1880 702 1953 (Vincunt.
718 1882 811 1944 Lirin.
828 1881 1041 1944 Commonitar.
1062 1901 1124 1962 cap.
1141 1887 1216 1960 lb).
1243 1885 1302 1948 Sed

89 1965 173 2026 mnus
184 1963 411 2027 laudibusillam
433 1965 613 2027 hauddubie
635 1967 821 2046 amnigenam
844 1966 1015 2029 Tertulliani
1031 1967 1228 2031 eruditionem
1250 1989 1303 2032 cu-

87 2049 188 2122 mulat,
216 2067 275 2129 qna
308 2049 444 2130 inprimis
470 2050 564 2112 libres
599 2069 672 2114 suus
694 2051 725 2112 in
747 2052 922 2114 christianae
950 2051 1101 2130 religionis
1137 2064 1166 2114 et
1196 2056 1284 2116 oribe

86 2135 226 2196 danorum
254 2135 426 2214 dogmatum
456 2135 658 2198 defensionem
692 2137 819 2216 scriptos
847 2137 958 2218 passim
992 2137 1101 2218 ubique
1128 2139 1303 2218 conspersit.

87 2219 284 2291 Quamobrem
305 2229 423 2299 praeter
435 2217 597 2282 Eusebium
610 2230 639 2283 et
660 2219 814 2294 Rufinum,
840 2222 897 2282 iam
920 2240 936 2282 a
958 2221 1045 2283 nobis
1068 2223 1189 2294 citatos.
1212 2224 1302 2286 ulios·

87 2323 136 2382 qne
156 2306 337 2384 complures,
360 2303 396 2366 ab
418 2305 597 2384 Hieronymo
619 2305 781 2385 appellatur
802 2312 851 2368 eir
873 2308 1097 2369 eruditissimus
1120 2308 1303 2388 (Hieronym.

88 2390 145 2450 adr.
166 2389 254 2468 Tigil.
275 2407 340 2468 pag.
364 2391 437 2454 285.
461 2398 490 2451 et
510 2389 605 2470 Epist.
627 2393 678 2456 83.
707 2391 744 2451 ad
771 2391 845 2469 llag.
873 2409 940 2471 pag.
963 2394 1065 2467 aaa),
1095 2411 1153 2471 que
1184 2393 1302 2472 quidem

87 2475 152 2535 nibil
172 2485 218 2536 est
234 2475 379 2536 eruditius
411 2483 441 2536 et
467 2475 590 2537 acubus.
626 2475 742 2554 lnipsc
759 2485 866 2549 eutem,
890 2476 926 2536 de
941 2493 1000 2555 quo
1015 2495 1094 2539 nunc
1108 2478 1302 2557 disputemus,

89 2555 173 2636 ipsius
195 2559 388 2638 Apolopetico
426 2567 456 2620 et
487 2559 553 2621 aliis
583 2560 726 2622 adversus
754 2569 858 2640 gentes
885 2560 992 2622 libellis
1019 2561 1049 2622 id
1077 2563 1203 2624 emicare
1225 2563 1303 2624 band

90 2643 251 2705 dubitanter
273 2645 406 2705 aliirmet.
430 2644 546 2723 Operae
568 2645 656 2724 igitur
670 2661 795 2723 prorsus
809 2643 921 2706 inutilis
936 2647 1022 2720 feret,
1038 2645 1105 2719 bac,
1128 2647 1205 2708 sicut
1219 2648 1303 2710 facile

89 2737 138 2801 est,
159 2729 318 2790 illustrium
333 2728 489 2791 cuiuslibet
503 2730 607 2791 acatis
624 2729 802 2808 scriptarum
818 2730 996 2791 testimoniis
1011 2731 1206 2808 comprobari,
1223 2731 1301 2810 quod

88 2815 237 2876 anemine
261 2813 428 2893 igrmratur,
457 2824 487 2874 et
507 2814 635 2893 ipsamet
655 2813 785 2874 auctoris
811 2814 917 2893 scripta
939 2814 1213 2876 manifestissimum
1235 2835 1301 2876 onr-

88 2897 169 2958 uibus
192 2899 313 2960 faciunt.

165 2985 202 3044 At
208 2983 444 3062 praetermittere
455 2991 553 3044 umen
565 3001 625 3042 nen
632 2999 794 3060 possumus
806 2981 956 3061 sinprlare
967 2982 1113 3062 quoddam
1127 2982 1302 3046 eruditionis

90 3085 174 3144 genus
196 3068 276 3148 qued
299 3068 347 3130 bis
358 3067 505 3130 Eusebius
517 3067 616 3128 verbis
637 3067 667 3126 in
684 3065 863 3134 Tertulliano
886 3065 1035 3127 laudavit:
1067 3063 1304 3150 Teprelleaodg
1405 3131 1410 3140 ,
1515 3121 1522 3128 .

90 3147 158 3226 τοὺς
175 3146 340 3234 Ῥωμαίων
362 3147 482 3233 νόμους
502 3141 727 3237 ἠκριβωκιὺςᾶ
753 3145 785 3234 ’ρ
808 3146 851 3214 τά
863 3173 900 3215 τε
915 3145 999 3214 ἄλλα
1015 3147 1145 3228 ἔνδοξος
1158 3151 1212 3216 ucri
1235 3153 1302 3218 τῶν

95 3232 226 3313 μάλιστα
242 3230 406 3322 ἐπὶῬώμῃ
423 3236 584 3322 λαμπρῶν
601 3173 788 3309 (Eusebdidre
798 3236 835 3300 ll.
847 3235 960 3298 Hister.
975 3236 1087 3298 Enalos.
1103 3255 1165 3317 cap.
1183 3242 1214 3302 l.
1235 3257 1301 3319 pag.

95 3323 163 3394 lii,
179 3321 205 3382 id
226 3333 276 3384 est
292 3323 408 3384 Valesio
433 3323 608 3402 interprete:
634 3319 840 3383 Tertullianus
861 3326 911 3383 eir
925 3333 954 3385 et
976 3321 1072 3402 ispum
1096 3321 1303 3386 Romanarum

92 3411 292 3483 peritissimus,
304 3419 333 3470 et
342 3412 425 3470 inter
438 3407 549 3470 lennes
564 3410 729 3488 scriptores
743 3407 964 3469 celeberrimus.
986 3407 1103 3468 valesio
1118 3407 1206 3488 longe
1217 3417 1313 3471 antea.

95 3491 246 3565 amaverat
260 3493 386 3552 liulinus
401 3491 535 3553 eumdem
547 3509 641 3570 paene
654 3491 684 3551 in
701 3492 838 3552 madum:
864 3491 1070 3554 Tertullianus
1082 3496 1132 3554 eir
1144 3506 1173 3556 et
1195 3493 1300 3574 lenam,

94 3571 191 3654 inanit,
225 3588 256 3642 et
275 3581 503 3639 institutionum
529 3576 735 3639 lleumnarnm
759 3580 980 3657 peritissimus,
1011 3586 1039 3639 et
1066 3581 1149 3638 inter
1176 3591 1300 3640 nestros

96 3666 251 3741 scriptores
272 3663 433 3723 admodum
448 3661 551 3724 clarus
567 3661 645 3731 (liei.
670 3659 720 3720 lib.
736 3660 771 3722 ll.
785 3660 868 3729 llist.
885 3659 997 3722 Eccles.
1020 3679 1082 3741 cap.
1106 3664 1159 3733 λ).
1192 3661 1301 3722 boare

96 3753 180 3806 uun
207 3747 295 3826 longe
324 3746 434 3807 absunt
466 3746 516 3825 qui
544 3746 612 3808 inde
635 3745 768 3806 concludi
789 3763 879 3824 pesse
906 3753 1066 3812 autumant,
1090 3743 1301 3805 Tertullianum

96 3837 216 3892 uosuum
238 3831 429 3910 professione
451 3849 504 3891 sua
525 3831 618 3892 luisse
640 3829 882 3892 iurisconsultum
904 3849 1029 3908 eumque
1055 3829 1214 3906 ipsummet
1232 3847 1301 3889 esse

98 3907 303 3994 inalienare,
325 3916 376 3994 qui
398 3933 499 3976 revere
520 3916 600 3994 leges
622 3913 736 3994 publice
754 3913 858 3975 decuit
872 3923 901 3975 et
914 3915 1123 3993 interpretatus
1147 3918 1202 3972 est.
1227 3912 1300 3974 Nam

100 4003 207 4078 umque
228 4001 363 4080 propriis
386 4000 449 4062 suis
472 3999 641 4061 nominibus
665 3997 737 4060 satis
760 3998 957 4078 distinguitur.
1006 3994 1118 4057 Deinde
1140 4013 1210 4057 vero
1233 3997 1298 4077 quis

102 4083 196 4146 nudat
223 4103 317 4166 posse
340 4084 465 4164 aliquem
494 4083 805 4162 iuribuslegibusque
831 4083 1033 4145 Romanorum
1061 4079 1169 4144 affatim
1196 4081 1299 4155 imbui,

103 4169 199 4231 hmani
220 4169 339 4232 illerum
361 4169 512 4231 scientiam
534 4187 683 4248 nunquam
699 4168 729 4228 in
745 4168 855 4230 scholis
876 4167 1002 4247 publicis
1021 4166 1174 4244 professus
1190 4167 1301 4230 fuerit?

101 4244 156 4310 Nou
173 4253 211 4315 ibi
233 4255 333 4333 itaque
354 4253 501 4314 Eusebius
524 4253 695 4316 Tertulliani
715 4253 931 4332 professionem
946 4249 1053 4324 laudat,
1076 4250 1127 4311 sed
1142 4251 1300 4330 perfectam

99 4329 180 4413 legurm
197 4341 402 4401 'Romanarum
424 4339 587 4400 doctrinam
608 4346 694 4417 atque
717 4337 861 4416 peritiam.

168 4423 224 4484 Par
246 4431 344 4485 tantae
365 4423 444 4483 illius
473 4421 632 4484 eruditioni
661 4439 721 4482 non
750 4429 812 4482 erat
833 4419 970 4482 elocutio.
1013 4419 1131 4498 Aequus
1153 4427 1249 4480 autem
1271 4427 1302 4481 et

96 4501 208 4572 idoneus
236 4529 271 4570 ea
294 4507 332 4569 de
359 4525 392 4568 re
420 4507 530 4569 iudices
554 4508 579 4568 si
602 4506 770 4576 desideras,
794 4523 830 4566 en
858 4503 910 4564 tibi
933 4511 1051 4582 praesto
1080 4513 1127 4564 est
1147 4499 1300 4577 Lictantii,

94 4593 136 4669 itti
150 4593 252 4658 uisere
268 4591 447 4656 mrbtionm
462 4591 552 4670 audit,
563 4593 718 4656 iudicium:
741 4590 903 4672 Septimius
920 4589 1124 4654 Tertullianus
1138 4591 1200 4668 suit
1221 4591 1304 4650 omni
1439 4583 1447 4602 '
