3114 5240
468 405 601 451 aoeroes
623 407 681 450 mc.
704 407 740 450 ce
761 407 888 452 nonant.
1225 393 1286 458 129

74 557 196 636 uhmcis
218 547 287 620 ideo
309 558 494 638 proclamari,
516 559 584 638 quia
605 575 667 620 uon
687 559 849 620 adorabant
880 557 1022 639 imagines
1043 557 1202 623 Caesarum
1230 579 1287 625 nec

75 663 121 724 per
142 661 249 706 eoram
270 641 389 724 genium
412 643 546 704 iurabant
567 647 642 722 torp.
655 647 726 721 lt).
756 643 845 705 Plane
867 643 944 705 mim
966 643 1096 706 ostendit
1115 646 1173 708 hoc
1185 647 1285 726 ipsum

75 729 236 792 incrimcn
257 728 364 789 merito
386 728 484 789 vorari
505 727 629 790 rebelles
650 728 715 790 illas
726 729 874 802 nationes,
897 747 971 808 quac
993 728 1029 790 ab
1055 729 1284 810 imperatoribus

75 812 230 875 debellatae
259 813 471 886 Parthicorum,
497 811 659 886 Medorum,
686 813 927 876 Germanicorum
955 815 1129 894 cognomina
1162 815 1206 878 eis
1228 835 1283 896 pe-

76 907 220 979 pererant.
250 897 355 959 Nonne
376 898 463 960 etiam
486 896 594 976 publici
616 898 718 959 hostes
740 899 859 968 merum
872 897 1008 971 Romani,
1030 899 1081 978 girl
1095 901 1283 980 conspirave-

76 992 138 1045 runt
158 983 308 1044 adversus
329 982 522 1062 imperatores
543 999 615 1044 suos
638 1001 747 1062 eosque
767 983 799 1044 in
820 983 934 1062 palatiis
961 983 1024 1044 suis
1038 1001 1134 1064 nuper
1148 986 1180 1046 in
1194 985 1285 1048 Gallia

76 1063 268 1130 occiderunt?
309 1067 414 1128 Nonne
435 1066 523 1129 etiam
544 1065 652 1146 publici
673 1068 774 1129 hostes
795 1067 911 1130 dicendi
931 1075 1012 1142 sunt,
1034 1069 1085 1148 qui
1105 1069 1172 1132 illos
1194 1089 1284 1132 vexa-

76 1161 175 1214 umor
204 1151 285 1212 omni
314 1152 554 1214 contumeliarum
585 1169 691 1230 genere
719 1152 751 1214 in
778 1152 856 1214 ludis
879 1153 1071 1226 circensibus,
1093 1153 1138 1216 vel
1160 1155 1284 1218 lamosis

76 1237 173 1298 libellis
193 1235 240 1298 'ad
268 1255 371 1298 corum
399 1245 509 1298 statuas
537 1235 701 1317 appensis?
743 1236 874 1316 lienique
901 1237 1018 1316 quinam
1039 1237 1148 1317 publici
1170 1239 1284 1316 hostes,

76 1341 139 1383 mm
161 1321 334 1395 Christiani,
363 1322 411 1400 qni
438 1321 576 1382 nolebant
596 1321 684 1382 deum
704 1339 810 1384 vocare
831 1322 1054 1401 imperatorem,
1080 1323 1128 1384 rel
1149 1322 1284 1400 gentiles,

77 1408 119 1486 qui
140 1414 245 1468 contra
267 1405 476 1467 conscientiam
499 1406 581 1468 illum
601 1423 663 1466 non
687 1405 751 1467 sinc
773 1406 912 1468 irrisione
934 1405 1119 1486 appellabant
1143 1407 1230 1469 duam
1252 1427 1286 1470 ac

77 1510 124 1570 per
143 1491 210 1552 eius
232 1491 349 1569 genium
372 1491 536 1552 deierantes
556 1491 688 1570 peierare
710 1509 770 1552 non
791 1489 993 1555 verebantur?

152 1575 270 1636 Novum
292 1593 383 1655 porro
405 1573 436 1637 hi
458 1575 555 1638 scelus
572 1575 749 1637 Christianis
771 1575 945 1648 inserebant,
966 1574 1129 1636 mirabilem
1151 1575 1285 1638 videlicet

77 1659 304 1740 hqrdboslibet
325 1659 501 1722 modalibus
522 1676 576 1739 pro
599 1659 750 1738 religionis
773 1677 844 1722 suae
865 1659 987 1720 veritate
1008 1659 1193 1740 perferendis
1208 1679 1283 1722 con-

76 1746 206 1806 stantiam
234 1749 310 1823 (cap.
335 1745 408 1820 rs).
452 1744 511 1804 Sed
532 1761 599 1822 qua,
627 1763 749 1824 quasso,
778 1746 875 1805 lronte
897 1752 926 1805 et
947 1743 1089 1806 audacia?
1130 1743 1204 1806 Nam
1225 1745 1283 1825 ipsi

75 1831 206 1895 maximis
225 1828 362 1890 laudibus
385 1827 706 1908 efferebantllegulum,
729 1829 778 1908 qui
798 1829 912 1908 pomus
934 1829 1029 1890 mucis
1047 1823 1209 1909 supplicio,
1232 1849 1283 1892 re·

76 1915 173 1992 ginarn
193 1915 322 1993 Aegypti,
346 1931 419 1992 quae
440 1913 599 1974 bestiarum
622 1931 738 1986 morsu,
761 1932 884 1975 uxorem
905 1913 1065 1988 Annibalis,
1088 1933 1172 1993 quae,
1196 1914 1283 1976 sicuti

74 1999 158 2070 Dido,
192 1999 354 2060 voluntario
376 1998 443 2078 igne
463 1997 550 2060 vitam
573 1996 735 2060 linierunt?
763 1999 867 2060 Nonne
888 1999 975 2060 etiam
997 1998 1153 2060 laudabant
1167 2000 1284 2060 atticam

74 2083 231 2156 mulierem,
253 2101 329 2162 quac
350 2091 420 2162 post
439 2082 628 2144 acerbissima
651 2091 795 2146 tormenta
818 2083 944 2161 lingnam
967 2101 1061 2155 mam,
1082 2101 1120 2143 ne
1136 2091 1283 2145 socruum

74 2169 217 2246 proderet,
240 2168 272 2228 in
293 2175 447 2246 tyrannum
469 2165 607 2245 exspuit?
649 2167 753 2229 Nonne
781 2167 867 2228 etiam
895 2167 1104 2246 gladiatoribus
1125 2167 1204 2230 laudi
1226 2168 1283 2229 tri·

76 2253 208 2324 bnebant,
243 2252 361 2331 quoda
384 2251 561 2313 seinvicem
584 2251 929 2324 autabestiisnecari,
961 2252 1040 2332 quod
1061 2251 1179 2332 quidam
1200 2253 1282 2314 vivos

77 2355 104 2398 se
123 2337 267 2409 comburi,
295 2337 382 2417 prod
395 2336 528 2398 Lacones
549 2354 582 2396 se
603 2336 702 2416 llagris
724 2337 805 2398 caedi
827 2337 987 2416 laniariquc
1009 2345 1177 2398 constanter
1197 2346 1282 2416 pate-

78 2421 197 2483 renutu?

153 2507 189 2567 lt
211 2514 291 2566 certe
313 2523 351 2564 eo
370 2505 464 2584 magis
485 2503 626 2568 laudanda
648 2513 711 2565 erat
731 2505 838 2566 invicta
853 2504 1088 2568 Christianorum
1108 2504 1138 2566 in
1153 2505 1282 2566 horren-

79 2591 119 2652 dis
140 2589 315 2652 uncialibus
338 2589 488 2662 lenitudo,
510 2591 588 2669 quod
610 2589 687 2662 illos,
708 2607 768 2650 non
791 2589 867 2652 sicut
889 2589 1006 2664 ethnici,
1029 2590 1065 2650 ad
1083 2591 1283 2670 aucupandam

79 2675 184 2736 manem
213 2675 366 2736 hominurn
394 2674 513 2753 gloriam
542 2674 715 2745 tolerabant,
744 2674 796 2734 sed
819 2673 884 2753 quia
907 2674 1071 2736 certissime
1093 2675 1285 2753 expectabant

81 2761 195 2821 litteram
218 2777 376 2838 corporum
398 2757 653 2832 resurrectionem,
686 2757 819 2819 ultimum
841 2759 893 2819 llei
916 2758 1054 2818 iudicium
1077 2766 1162 2836 atque
1184 2767 1283 2820 aeter-

82 2861 137 2906 nam
156 2864 212 2924 pro
234 2843 349 2905 meritis
369 2844 535 2904 mercedem
567 2847 642 2922 (cap.
668 2845 738 2918 tu).
783 2841 883 2920 Neque
905 2843 980 2902 hanc
1001 2849 1124 2920 propter
1145 2849 1282 2920 expecta-

84 2929 180 2990 tionem
210 2927 383 2990 exsibilandi
405 2935 487 2993 erant
508 2927 544 2989 eh
566 2926 703 2999 ethnicis,
731 2925 781 3003 qui
803 2925 974 2986 asserebant
994 2925 1107 2986 animas
1130 2925 1283 2986 bominum

84 3011 175 3075 inaba
198 3013 283 3074 etiam
306 3012 465 3074 hestiamm
486 3029 611 3092 corpora
634 3010 817 3088 migraturas,
840 3012 969 3071 luterum
990 3009 1095 3070 Ninois
1117 3027 1151 3070 ac
1164 3008 1282 3070 Rhada-

83 3099 180 3159 manthi
201 3098 353 3170 iudicium,
375 3115 409 3158 ac
428 3107 531 3177 postea
554 3094 662 3174 impios
684 3101 803 3155 aeterno
819 3093 895 3173 igne,
917 3094 985 3174 pios
1001 3099 1098 3155 autem
1112 3093 1143 3156 in
1158 3111 1283 3155 amoeno

84 3179 142 3241 loco
158 3183 240 3244 uitam
263 3191 414 3244 aeternam
435 3188 643 3242 transacturos.
669 3189 672 3203 ·
765 3223 767 3238 .

158 3266 308 3330 Postremo
332 3265 526 3328 Tertullianus
550 3283 584 3326 ox
607 3265 748 3326 homenes
777 3261 932 3342 disputatis
955 3259 1110 3336 concludit,
1134 3263 1282 3326 Christia-
1342 3307 1346 3316 ‚

85 3365 143 3422 nos,
169 3353 281 3414 etiamsi
304 3351 446 3424 omnium,
473 3367 598 3429 quorum
621 3349 694 3410 lalso
716 3348 936 3420 accusabantur,
964 3347 1118 3409 &minum
1140 3349 1184 3410 rei
1207 3349 1283 3411 lhis·

86 3444 149 3507 sent,
169 3455 227 3497 non
249 3435 417 3516 puniendos
440 3445 535 3495 tamen
557 3433 762 3513 vexandosque
784 3433 820 3494 ah
843 3431 977 3505 ethnicis,
999 3432 1049 3510 qui
1062 3431 1283 3513 eademperpe·
1407 3496 1409 3502 ,

87 3525 165 3581 rasse
185 3539 286 3582 reuera
309 3519 522 3582 coruncanum
543 3522 618 3597 (cap.
641 3521 715 3593 aot
759 3518 890 3596 Denique
915 3517 1047 3594 mamus
1070 3518 1228 3580 Christiani
1250 3537 1284 3579 se

90 3603 225 3666 eduinum
254 3623 324 3666 reos
353 3623 421 3666 esse
448 3604 600 3674 dixissent,
617 3603 754 3664 maxima
781 3600 972 3663 nihilominus
1001 3601 1148 3680 diligentia
1175 3601 1284 3662 ethnici

91 3683 246 3768 htestigare
267 3689 422 3762 dehebant,
443 3707 480 3749 an
502 3689 574 3750 haec
594 3707 662 3748 vera
683 3695 795 3760 essent,
817 3705 851 3747 ac
871 3685 1018 3764 legitimos
1040 3687 1150 3756 audire,
1172 3685 1283 3745 exami-

91 3785 147 3832 uare
166 3775 270 3836 horum
293 3773 445 3834 murinum
467 3781 559 3835 testes
581 3791 614 3833 ac
635 3772 780 3832 conscios.
811 3771 868 3832 Sed
890 3770 1029 3831 nolebant
1049 3770 1122 3830 haec
1140 3787 1155 3829 a
1170 3768 1283 3846 legibus

92 3855 141 3914 sois
166 3867 270 3919 statuta
298 3857 464 3932 ohservare,
492 3875 529 3918 ne
551 3857 647 3936 agnita
669 3855 901 3916 Christianorum
932 3852 1099 3916 innocentia
1125 3869 1177 3913 eos
1201 3869 1282 3912 ama-

93 3949 152 4012 root,
178 3961 252 4021 quos
283 3941 382 4004 odisse
409 3961 443 4003 ac
464 3943 499 4002 do
521 3942 619 4002 medio
642 3940 744 4001 tollore
765 3940 963 4000 decreverant
1008 3937 1175 3998 Voluntaria
1196 3935 1285 4016 igitur

95 4019 235 4098 ignorantia
258 4043 377 4087 errores
396 4045 467 4089 suos
490 4026 626 4088 amabant
646 4025 825 4104 oderantque
845 4024 1006 4087 veritatem.

570 4227 735 4278 tnrtcuttts
754 4225 783 4275 ll.

528 4331 627 4388 benignis
653 4330 701 4374 libri
726 4329 827 4374 secundi.

162 4445 300 4508 Secundo
320 4447 348 4508 in
369 4447 454 4520 libro,
477 4448 549 4509 duas
570 4463 686 4528 quoquc
708 4446 738 4506 in
759 4451 860 4523 partes
882 4441 989 4516 diviso,
1012 4443 1141 4506 ostendit
1165 4443 1283 4506 'l'ertul-

97 4521 171 4588 lianus
201 4531 292 4594 labos
324 4551 389 4594 esse
424 4531 575 4612 gentilium
608 4533 680 4593 deos
719 4545 884 4609 pravosque
919 4545 952 4588 ac
978 4527 1153 4590 reiiciendos
1181 4547 1283 4590 corum

97 4609 173 4674 tultus
192 4615 254 4692 (lib.
277 4615 312 4677 ll.
334 4637 395 4698 cap.
420 4623 471 4694 t.).
509 4617 686 4696 Quamnque
708 4613 787 4676 enim
808 4612 952 4674 maiorum
973 4614 1144 4676 auctoritate
1165 4612 1283 4676 stabiliti

125 4713 266 4766 laurentiani
279 4733 329 4768 orr.
342 4735 379 4768 nn.
394 4735 492 4796 spaera.
519 4722 581 4768 'lom
593 4721 631 4765 lll.
1066 4714 1082 4765 9
