3144 5236
482 316 616 396 11131333
638 351 698 396 1113.
720 352 758 396 nr
780 350 909 397 1133111.
1249 341 1307 403 171

98 511 127 562 31
142 511 216 564 recte
237 503 280 564 ait
302 499 510 576 Tertullianus,
534 502 661 564 sufficiat
682 501 833 564 doetrinae
855 501 919 564 eius
942 503 1098 581 expositio.
1127 503 1208 566 Nihil
1229 506 1308 570 enim

97 587 170 647 inea
190 586 329 660 33331111,
352 586 432 664 qpod
453 586 578 648 naturali
600 587 732 648 omnium
746 586 902 648 hominum
921 585 1024 648 lumini
1043 606 1078 650 ac
1091 597 1188 650 133133
1201 591 1310 654 rationi

94 670 167 748 plane
186 689 248 732 non
270 679 422 749 congruat.
456 671 736 749 Praecipua-autem
759 670 822 733 eius
844 670 938 749 capita
958 671 1070 733 Auctor
1090 681 1193 734 noster
1214 693 1307 754 erpo-

94 755 129 813 nit
160 763 247 834 313113
276 754 312 816 ab
336 773 372 817 eo
401 754 526 827 orditur,
549 754 629 833 quod
650 763 835 816 caeterorum
857 755 989 817 omnium
1010 756 1231 820 tundamentum
1253 766 1309 833 est,

94 837 214 903 ridelioet
237 839 278 900 313
295 840 362 918 ipso
384 838 456 911 Deo,
479 839 529 918 qui
550 858 567 900 a
589 839 764 902 Christianis
786 838 893 901 colitur
915 847 945 900 et
966 840 1112 903 adoratur.

163 923 261 984 Variis
283 923 381 1001 itaque
403 923 583 1002 argumentis
604 923 685 985 illum
708 923 834 986 existere
856 931 886 984 et
909 924 1029 986 unicum
1049 943 1118 986 esse
1147 927 1232 1005 plane
1253 946 1306 989 os-

94 1006 182 1068 tendit.
228 1007 361 1068 Primum
383 1005 463 1068 enim
484 1007 520 1080 is,
549 1008 653 1086 inquit,
684 1007 748 1086 ipse
770 1015 825 1081 est,
855 1026 941 1086 quem
964 1008 1098 1087 singulae
1119 1011 1181 1072 1313
1204 1030 1307 1074 omnes

95 1109 233 1152 sacrarum
255 1099 425 1153 nostrarum
448 1091 664 1171 scripturarum
692 1091 816 1172 paginae
838 1093 957 1154 unicum
996 1101 1027 1154 et
1047 1094 1157 1156 nullum
1180 1113 1306 1174 prorsus

92 1173 168 1235 alium
195 1193 266 1237 esse
286 1175 380 1238 licum
402 1176 587 1254 apertissime
609 1185 745 1238 asserunt
766 1195 799 1238 ac
813 1177 989 1240 renunciant
1002 1176 1138 1252 (Tertull.
1153 1178 1306 1260 apologet.

92 1277 145 1336 erp.
162 1264 209 1323 17.
229 1269 259 1322 31
274 1265 381 1338 sequ).
410 1260 498 1338 113111
519 1259 578 1322 iam
599 1259 788 1339 probavimus
811 1260 938 1324 divinam
961 1279 1029 1323 3333
1050 1262 1181 1324 eiusdem
1204 1282 1307 1326 sacrae

93 1341 250 1422 Scripturas
272 1343 486 1406 auctoritatem.
531 1345 618 1416 Quod
646 1352 717 1422 ergo
745 1344 782 1406 de
809 1345 897 1406 unico
918 1346 995 1418 lieo,
1027 1346 1125 1425 reipsa
1152 1347 1306 1422 existente,

93 1435 141 1487 tam
161 1447 252 1506 saepe
274 1447 362 1507 quam
383 1428 541 1508 perspicue
562 1429 721 1507 praedicat,
749 1429 808 1491 hoc
829 1437 907 1491 certe
929 1429 1117 1492 verissimum
1139 1439 1194 1492 331
1223 1431 1305 1494 Scri·

92 1519 179 1588 ptores
201 1512 350 1591 siquidem
366 1512 474 1586 divino,
497 1512 540 1574 uti
555 1513 691 1586 vidimus,
716 1513 827 1592 Spiritu
851 1514 940 1575 alliati
962 1533 1017 1576 nec
1037 1515 1157 1576 mentiri
1178 1523 1308 1594 possunt

92 1611 136 1656 nec
154 1596 184 1658 in
205 1597 301 1658 ullum
323 1615 461 1676 umquam
482 1615 539 1658 nos
561 1598 701 1659 inducere
723 1615 867 1658 errorem.

163 1680 193 1741 Si
217 1681 285 1760 quis
307 1691 405 1742 autem
421 1680 555 1742 ethnicus
570 1681 685 1761 aliquos
703 1700 805 1743 sacrae
820 1681 990 1760 scripturae
1006 1681 1101 1744 libros
1115 1683 1162 1743 rel
1176 1683 1307 1746 breviter

91 1765 271 1840 percurrendi
294 1765 426 1826 lahorem
444 1773 574 1839 recuset,
596 1765 622 1827 is
644 1766 747 1828 saltem
771 1785 874 1828 eorum
896 1765 1014 1828 initium
1035 1785 1069 1828 ac
1089 1767 1185 1845 prima
1206 1768 1305 1830 Gene-

92 1865 150 1908 seos
169 1848 257 1910 rerba
278 1849 356 1928 legat
377 1857 464 1928 atque
486 1849 525 1911 iis
547 1850 743 1912 disertissime
764 1850 914 1929 proditum
935 1850 1106 1929 comperiet,
1128 1853 1207 1930 quod
1234 1851 1307 1914 dixit

91 1929 294 2006 detulimus,
329 1933 448 1995 unicum
475 1934 596 1996 omnino
624 1953 692 1996 csse
719 1933 829 1996 Deum:
870 1935 933 2008 Qui
959 1945 1053 1998 totum
1077 1935 1184 1998 3131333
1204 1941 1305 2012 istum,

92 2034 150 2076 cum
169 2023 250 2080 omni
264 2023 467 2081 instrumento
484 2018 705 2090 elementorum,
729 2037 903 2100 corporum,
927 2025 1099 2099 spirituum,
1128 2022 1219 2084 cerlo
1246 2040 1304 2102 quo

92 2103 178 2172 iussit,
200 2108 321 2164 ratione
343 2122 402 2184 quo
419 2107 593 2183 composuit,
615 2108 731 2166 virtute
752 2108 933 2185 parapotait,
952 2102 1057 2176 idest,
1082 2122 1139 2182 qua
1154 2105 1189 2166 ad
1215 2123 1303 2166 mun-

91 2183 149 2244 dum
176 2186 335 2248 creandum
358 2203 459 2248 revera
481 2187 624 2265 pollebat,
660 2188 694 2249 de
716 2188 812 2250 311113
835 2193 987 2268 conpressit
1009 2188 1119 2262 (ibid).
1163 2189 1304 2252 llinutius

91 2277 175 2330 autem
196 2271 288 2337 Felix,
311 2269 354 2332 uti
377 2273 408 2332 in
430 2271 484 2332 alia
507 2271 715 2334 dissertatione
737 2271 1006 2345 animadvertimus,
1034 2273 1177 2351 quaedam
1200 2293 1235 2335 ex
1257 2273 1305 2336 lais

90 2353 175 2414 1311113
197 2362 349 2417 mutuatus
371 2363 426 2429 est,
456 2355 509 2416 sed
531 2355 603 2418 haec
624 2356 833 2435 praetermisit,
862 2375 938 2435 quae
957 2357 1094 2418 videntur
1116 2358 1304 2420 obscuriora:

92 2454 147 2497 333
160 2445 242 2501 omni
255 2445 458 2502 instuararentur
477 2440 698 2510 elementorum,
723 2459 888 2520 corporeum
909 2451 937 2502 et
959 2439 1123 2522 spirituum
1139 2441 1303 2512 (Dissertat.

91 2519 225 2584 inlliout.
249 2541 313 2603 cap,
337 2527 389 2586 21.
411 2533 467 2586 art.
489 2529 543 2600 5.).
577 2523 807 2586 1131113131
829 2525 902 2586 haec
923 2524 1105 2603 significant,
1127 2526 1186 2588 nisi
1208 2534 1305 2588 totum

91 2607 220 2668 muudum
242 2615 272 2668 et
294 2627 328 2668 ea
351 2608 451 2669 omnia
472 2607 579 2687 quibus
601 2608 799 2687 componitur,
828 2609 969 2670 1111311331
992 2609 1145 2682 elementa,
1168 2629 1303 2688 corpora,

92 2697 116 2748 et
134 2691 250 2768 spiritus
274 2699 371 2753 creata
393 2692 486 2754 luisse
507 2692 544 2753 ab
567 2692 769 2772 omnipotente
784 2693 856 2766 lieo,
879 2711 967 2770 quem
981 2693 1092 2754 idcirco
1107 2694 1233 2756 existere
1247 2712 1303 2755 ne-

91 2791 163 2835 cesse
181 2777 300 2854 penitus
322 2785 378 2838 est.
855 2802 860 2812 ’

162 2860 253 2921 Ρο113
277 2869 375 2923 autern
398 2860 594 2924 Tertullianus
621 2860 704 2922 hisce
731 2859 830 2943 verbis
857 2877 918 2920 non
947 2859 983 2920 ad
1012 2877 1045 2920 ea
1066 2865 1181 2922 tautum
1203 2859 1305 2921 alludit

91 2944 259 3017 1133131113
282 2945 451 3018 Geneseos,
485 2945 571 3008 sicuti
593 2943 778 3014 dicebamus,
810 2942 918 3021 scripta
940 2950 1027 3016 sunt,
1059 2942 1112 3004 sed
1138 2942 1194 3004 alia
1216 2943 1302 3004 etiam

92 3042 178 3088 11333
199 3029 370 3108 Scripturas
391 3029 472 3104 loca,
499 3029 606 3108 3311133
628 3035 710 3090 rates
739 3026 949 3088 divini-caelos
976 3025 1067 3090 verbo
1090 3026 1143 3086 liei
1170 3027 1302 3088 firmatos

93 3115 116 3168 et
134 3113 270 3175 mundum
293 3132 412 3176 omnem
434 3113 529 3192 ipsius
552 3111 695 3192 sapientia
716 3131 751 3174 33
770 3119 916 3189 potestate
938 3128 977 3172 33
998 3110 1093 3173 nihilo
1113 3111 1221 3172 lactum
1237 3129 1305 3174 esse

92 3196 254 3270 praedicant.
300 3198 338 3258 11
365 3198 432 3277 quia
453 3198 656 3276 Hermogenes
679 3195 778 3258 etalii
805 3195 917 3257 nonulli
942 3193 1084 3256 haeretici
1122 3205 1151 3272 31
1177 3196 1302 3274 gentiles

92 3281 299 3344 somniaverunt
336 3282 480 3344 mundum
512 3300 573 3343 non
608 3300 644 3342 ex
664 3280 773 3352 nihilo,
807 3281 859 3343 sed
882 3299 918 3342 31
939 3279 1062 3340 materia
1087 3280 1304 3359 praeexistente

92 3359 192 3442 ipsique
206 3366 267 3428 lieo
290 3375 446 3428 coaeterna
468 3366 628 3440 conditum,
651 3365 722 3426 hine
747 3364 941 3426 Tertullianus
963 3363 1065 3425 13133111
1088 3364 1165 3426 hanc
1182 3365 1303 3444 opinio·

95 3461 153 3508 uem
171 3449 310 3528 peculiari
333 3451 364 3512 in
385 3451 473 3523 libro,
502 3450 653 3513 adversus·
667 3449 793 3512 eundem
815 3450 1032 3526 Hermogenem
1055 3449 1231 3528 composito,
1255 3449 1303 3512 in-

94 3529 165 3592 rictis
183 3535 333 3596 rationum
356 3536 513 3598 momentis
536 3534 676 3597 radicitus
698 3533 803 3596 evellit
848 3534 907 3596 Sed
929 3533 988 3594 iam
1008 3531 1103 3611 plura,
1125 3531 1233 3612 quibus
1255 3534 1305 3596 hic

95 3629 199 3680 urora
220 3619 373 3680 1331311113
395 3618 574 3692 destruitur,
608 3627 777 3696 argumenta
805 3637 822 3680 a
849 3617 938 3680 nobis
966 3616 1033 3679 alibi
1061 3616 1202 3695 explicata
1223 3625 1303 3694 sunt.

94 3693 170 3762 lecu
188 3721 257 3782 ergo
281 3703 351 3765 inde
374 3704 571 3766 Tertullianus
594 3712 698 3764 noster
719 3703 764 3764 sie
784 3703 933 3781 disputat:
965 3700 1179 3768 Dulitolitar,
1202 3701 1301 3771 credo,

95 3781 333 3868 131131313ίὸ33,
356 3793 408 3868 poi
428 3799 546 3851 tontum
568 3788 623 3850 133
645 3788 878 3866 corpusmuodi
898 3788 932 3849 de
955 3803 987 3848 eo
1009 3786 1089 3866 quod
1113 3800 1175 3844 333
1197 3783 1305 3860 suerat

94 3882 146 3926 113
162 3875 258 3934 uinus
281 3891 371 3952 quom
392 3874 546 3936 damoeta
567 3876 733 3934 uacationis
758 3873 959 3934 3113331313
982 3871 1125 3949 imposuit
1139 3869 1304 3928 animatum

95 3955 191 4028 spiritu
212 3962 346 4019 33131331
366 3961 537 4020 3313131331
560 3960 730 4020 3313131333
758 3953 893 4026 (Tertull.
915 3953 966 4014 lib.
990 3953 1054 4014 adr.
1076 3950 1216 4027 Hermog.
1239 3968 1302 4029 cap.
1360 3999 1368 4013 .

95 4032 121 4094 8.
146 4045 170 4097 et
193 4059 275 4120 seqq.
313 4041 438 4104 11133311
467 4041 497 4104 in
522 4040 655 4104 Lactant.
684 4057 748 4119 cap.
770 4042 821 4103 21.
849 4047 903 4102 311.
934 4043 963 4101 1.
996 4033 1117 4098 Tertull.
1149 4033 1304 4114 apologet.

95 4125 239 4200 111111).

169 4207 253 4271 ludis
277 4227 349 4270 sane
370 4209 533 4272 13333133
555 4229 623 4272 esse
644 4207 945 4288 argumentationem:
972 4204 1051 4266 113113
1073 4221 1134 4264 non
1156 4222 1192 4264 ex
1212 4221 1303 4283 prae·

97 4285 225 4354 existente
253 4301 305 4354 aut
331 4304 487 4357 coaeterna
515 4294 573 4356 sihi
600 4292 738 4366 materia,
773 4292 827 4355 sed
850 4310 886 4352 ex
907 4287 999 4352 nihilo
1022 4287 1131 4350 crearit
1150 4288 1303 4350 mundum.

97 4369 128 4427 11
148 4391 273 4437 summae
294 4385 322 4438 31
342 4379 472 4440 infinitae
495 4386 541 4440 est
562 4375 720 4458 potestatis
742 4375 862 4455 aliquid,
884 4392 918 4436 ac
939 4371 1018 4450 quod
1033 4371 1120 4451 longe
1134 4372 1230 4434 maius
1245 4380 1303 4445 est,

97 4459 180 4518 111113
201 4461 339 4522 mundum
360 4482 396 4524 31
418 4463 511 4524 nihilo
532 4481 642 4526 creare.
671 4462 751 4523 lleus
766 4460 856 4539 igitur
871 4456 1059 4536 omnipotens
1072 4456 1174 4519 muudi
1189 4465 1304 4520 creator

98 4537 193 4603 1111111.
233 4545 324 4624 Atque
344 4547 420 4610 haec
437 4546 532 4626 prima
554 4557 600 4610 est
622 4545 794 4610 Tertulliani
815 4541 1040 4624 argumentatio,
1067 4560 1124 4621 qua
1146 4559 1181 4602 ex
1203 4555 1305 4604 333113
