3114 5240
423 471 426 476 Ι
477 393 692 440 aucroasntc.
715 395 752 439 tc
773 395 901 441 neunt.
1240 385 1303 451 ttt

93 544 152 606 lius
170 537 304 605 toreham
323 549 356 603 et
375 541 593 606 bacchabantur
614 543 700 620 (Ibid.
722 563 786 624 cap.
809 548 864 622 3.).
892 546 1013 610 Praeter
1032 549 1181 629 praelhtos
1201 549 1303 629 sigui
1415 521 1419 530 ¹

92 629 151 690 deun
170 626 361 690 Saturninum
390 635 420 688 et
441 625 623 689 lsdarianum
651 628 778 708 ipsemet
799 629 934 709 Scapula,
962 633 1040 694 sicut
1067 633 1177 694 humor
1196 642 1303 696 noster

91 711 188 774 ibidem
210 710 394 786 testificatur,
420 729 482 772 non
503 711 824 774 modohdrumetIcum
834 713 979 776 blandum
1001 716 1038 777 cd
1052 715 1163 778 bestias
1175 715 1300 779 munua-

91 803 178 868 reret,
210 793 266 856 sed
297 795 395 856 Africa
431 795 519 856 etiarn
556 795 715 858 christiana
742 796 809 876 ipsu
835 815 897 858 nun
919 799 1076 861 cohibente
1098 807 1148 861 aut
1168 799 1299 874 iubente,

91 881 219 949 eleccio,
241 879 346 957 inquit,
368 880 456 958 [ceto
478 890 523 942 eat
546 881 793 942 coaessaebaa'baee
815 893 843 944 et
862 882 992 945 enititum
1012 887 1204 946 inimicorum
1224 901 1300 947 aso-

89 981 150 1024 nat
171 965 313 1043 mitesque
334 961 420 1036 (lhid.
443 979 505 1042 cap.
527 967 584 1039 4.).
629 963 770 1036 Quamvis
792 973 891 1026 autem
912 965 1036 1028 delinire
1057 983 1118 1028 uon
1134 966 1301 1044 possimus,¹

88 1064 138 1124 quo
163 1046 287 1124 praelati
313 1047 508 1124 proconsules
535 1065 613 1109 anuo
640 1048 767 1110 hlrIcam
797 1049 944 1123 rexeriut,
973 1069 1009 1111 ex
1036 1050 1179 1112 hamanum
1199 1055 1299 1111 mmen

87 1129 235 1208 disputatis
257 1129 355 1209 colligi
376 1137 477 1208 potest
497 1129 577 1192 hunc
598 1131 634 1192 ad
649 1132 804 1212 Scapulam
824 1131 933 1194 librum
955 1133 1067 1195 editum
1080 1133 1173 1194 fulsee
1188 1150 1206 1192 a
1220 1133 1298 1194 Ter-

87 1213 197 1274 tulliano
218 1222 289 1292 post
309 1221 487 1276 commotam
509 1215 651 1276 aScrero
672 1215 851 1296 imperatore
871 1215 1014 1278 adversus
1029 1216 1215 1278 Christianos
1226 1233 1299 1296 pcr-

88 1297 272 1359 semticnem.

160 1380 374 1459 Inquirendum
395 1381 484 1460 Igitur
505 1389 653 1460 superest,
674 1391 775 1444 utrum
796 1382 895 1452 statim
916 1390 986 1461 post
1007 1381 1163 1444 excitatam
1183 1389 1299 1444 autex-

88 1465 199 1526 tinetum
221 1463 302 1526 illius
322 1463 491 1526 incendium
512 1465 607 1526 editus
629 1467 728 1527 luerit.
773 1466 900 1538 Quidam
921 1474 1019 1528 autem
1041 1466 1201 1545 opinantur
1216 1465 1300 1528 illum

88 1549 113 1608 iu
135 1547 239 1628 vulgus
266 1548 417 1627 prodiisse
443 1558 515 1628 post
541 1566 651 1610 annum
673 1549 755 1612 CCII.
778 1558 809 1610 et
830 1549 931 1612 Seueri
953 1549 1140 1628 imperatoris
1160 1557 1300 1611 mortem·

88 1631 277 1694 Tertullianus
300 1632 409 1693 etenum
431 1633 472 1696 ihi
494 1633 531 1694 de
553 1632 688 1711 quadam,
710 1633 857 1712 lnquiunt,
880 1632 953 1695 solis
976 1632 1078 1712 eclipsi
1100 1631 1178 1693 huuc
1198 1631 1299 1710 loqual-

89 1725 127 1775 tur
145 1716 175 1776 in
195 1715 335 1777 modum:
358 1715 414 1778 Sol
433 1721 466 1778 a'rt
488 1729 637 1780 coaventu
663 1715 796 1780 Uticensi
815 1720 946 1779 ecta'acto
965 1735 1063 1796 poene
1084 1715 1196 1778 lentim
1222 1717 1300 1778 adse

87 1811 255 1878 portentum
274 1800 347 1878 luit,
376 1810 412 1861 att
432 1805 652 1880 compulserit
673 1817 713 1862 ec
734 1802 892 1863 ordinario
915 1799 1045 1881 deliquio
1069 1801 1124 1861 hoc
1141 1803 1218 1880 poti,
1238 1817 1301 1880 po-

90 1887 158 1944 sttea
182 1887 216 1944 iae
247 1901 304 1945 stto
336 1884 508 1962 hypsomate
535 1894 565 1945 et
586 1883 736 1946 domicilio
758 1883 844 1958 (lhid.
867 1901 930 1962 cap.
954 1885 1006 1959 3.).
1051 1883 1087 1944 ht
1108 1881 1191 1956 haec,
1217 1881 1300 1944 aiunt

88 1963 135 2037 illi,
162 1965 281 2045 edipsis
303 1967 409 2028 accidit
429 1985 507 2027 auno
530 1967 638 2029 Christi
661 1965 755 2040 CCX,
782 1966 937 2028 undchma
958 1965 1060 2045 aprilis
1093 1965 1140 2026 die
1167 1966 1299 2044 horaque

90 2048 144 2126 ipsa
167 2049 342 2111 meridiana.
388 2049 447 2110 Sed
475 2049 539 2110 aliis
569 2051 689 2111 omnino
711 2049 846 2112 vacillare
866 2050 982 2111 videtur
1003 2057 1098 2110 totum
1119 2047 1208 2109 huius
1230 2048 1299 2127 opi-

89 2132 175 2194 uiouIs
200 2133 436 2194 fundamentum.
481 2133 604 2194 Solitum
632 2134 740 2214 quippe
768 2134 811 2196 illi
832 2142 937 2198 uotam
957 2132 1030 2193 solis
1053 2131 1192 2209 eclipsin,
1221 2131 1299 2192 Ter·-

89 2215 215 2278 tullianus
239 2234 312 2277 vero
333 2215 419 2276 aliam
441 2217 563 2278 omnino
586 2217 856 2288 extraordinariam,
879 2235 963 2295 quae,
986 2215 1073 2276 sicuti
1093 2215 1143 2288 ait,
1168 2225 1300 2294 portere-

89 2309 143 2359 tuaa
162 2302 269 2362 tuerat
312 2299 389 2361 Tum
412 2317 536 2380 namque
558 2299 614 2374 sol,
636 2301 740 2379 inquit,
763 2309 827 2361 erat
847 2299 878 2360 iu
900 2317 956 2361 suo
981 2299 1161 2378 hypsomate,
1190 2297 1221 2357 id
1243 2305 1298 2372 est,

89 2384 259 2455 summitate,
287 2382 440 2444 altitudine
461 2392 492 2444 ct
513 2384 673 2446 cacumine.
717 2384 781 2445 lloc
802 2383 880 2444 eninr
903 2381 1048 2462 significat
1067 2380 1189 2442 verbum
1211 2397 1299 2459 grae-

90 2483 146 2527 cum
164 2460 303 2548 ὕψωμα.
346 2465 431 2528 Nulla
459 2475 556 2528 autem
583 2467 661 2528 illius
683 2467 724 2528 ihi
745 2465 835 2546 positi
858 2467 921 2527 lieri
942 2473 1042 2545 potest
1059 2463 1188 2542 eclipsis,
1211 2481 1300 2542 quam

90 2557 149 2611 tunc
172 2559 288 2612 tautum
316 2551 437 2628 patitur,
465 2568 533 2612 cum
553 2551 662 2612 transit
682 2552 759 2612 circa
780 2550 888 2623 nodos,
916 2549 966 2630 qui
988 2549 1019 2610 iu
1040 2547 1183 2609 Draconis
1205 2547 1302 2625 capite
1354 2579 1360 2588 ·

90 2635 219 2696 etcuuda
244 2642 413 2696 occununt
444 2633 584 2705 Quamvis
606 2643 704 2696 autem
726 2633 924 2695 Tertullianus
946 2641 1050 2694 noster
1070 2631 1101 2692 iu
1123 2631 1301 2708 astrologiae

88 2715 198 2779 scimtia
224 2719 345 2779 omnino
368 2718 543 2797 peregrinus
566 2719 679 2792 luisset,
712 2737 748 2780 ex
770 2717 849 2778 illius
870 2725 970 2777 tamen
991 2714 1089 2776 uerbis
1111 2713 1208 2790 colligi
1229 2721 1300 2790 pot-

90 2811 128 2862 est
146 2803 265 2862 solitam
286 2819 349 2862 non
369 2801 464 2862 luisse
486 2803 561 2864 hanc
581 2801 655 2863 soils
677 2801 882 2872 deiectionem,
905 2799 958 2859 sed
972 2799 1013 2858 ita
1027 2795 1299 2868 exuaordiucriam

90 2893 117 2944 ut
133 2885 287 2963 astrologi,
308 2885 349 2946 ad
368 2903 442 2964 quos
465 2885 512 2945 ille
534 2903 590 2946 nos
612 2885 711 2958 mittit,
733 2885 792 2944 hoc
811 2899 919 2960 negare
941 2897 1002 2940 non
1023 2879 1183 2958 potuerint

163 2968 368 3042 Quamobrem
390 2969 518 3048 Scaliger
538 2968 707 3046 posthabita
729 2965 777 3026 illa
791 2966 905 3026 radone
928 2963 1075 3024 enistr'mat
1099 2961 1179 3022 huuc
1192 2959 1301 3022 librum

91 3049 172 3112 hissa
194 3053 399 3132 compositum
420 3060 490 3130 post
512 3058 639 3111 mortem
661 3048 834 3121 Caracallus,
860 3047 977 3125 iamque
998 3051 1139 3123 regnante
1160 3043 1300 3120 lIelioga-

92 3131 157 3208 balo,
178 3137 228 3215 qui
252 3155 358 3197 mense
380 3135 457 3196 blsio
480 3134 548 3196 anni
565 3132 711 3196 CCXVIII.
734 3132 897 3210 imperator
918 3135 1034 3192 creatus
1056 3135 1112 3188 est.
1142 3125 1301 3187 Tertullia-

92 3233 140 3278 nus
160 3221 237 3280 euim
261 3219 300 3284 de
321 3220 432 3280 Severo
455 3219 536 3292 haec,
559 3217 807 3297 quemadmodum
829 3213 967 3284 vidimus,
989 3211 1079 3272 rerba
1101 3210 1183 3272 lacit:
1220 3209 1303 3271 Pro-

93 3301 180 3365 culum
195 3305 406 3367 amedaeum
428 3347 596 3364 ......
620 3305 652 3362 ire
670 3301 788 3382 palatio
811 3317 867 3360 eso
890 3298 993 3360 holuit
1013 3314 1107 3378 usque
1122 3295 1161 3356 od
1175 3304 1304 3356 mortem

92 3387 154 3457 etr,
174 3407 261 3469 uatem
283 3391 455 3449 Antoninus
480 3385 641 3448 Caracallo
662 3389 771 3465 optime
791 3392 921 3445 noverat
941 3379 1076 3454 (Tertull.
1099 3377 1150 3440 lib.
1173 3377 1210 3438 ed
1228 3377 1302 3438 Sca-

92 3468 143 3544 pul.
162 3489 224 3552 cap.
247 3475 304 3545 4.).
348 3469 386 3530 tt
407 3487 494 3530 nenrc
518 3487 606 3530 sanae
628 3469 746 3540 mentis,
775 3466 816 3530 ait
837 3465 975 3544 ScaIIger,
1003 3462 1150 3544 putaverit
1171 3461 1243 3522 illud
1265 3459 1304 3521 dc

92 3551 227 3692 {olomuc
252 3553 400 3615 Caracalla
428 3553 522 3615 adhuc
552 3553 666 3614 vivente
693 3551 802 3614 dictum
825 3549 942 3627 (Scalig.
964 3546 1115 3608 Animadr.
1138 3545 1169 3605 ln
1191 3543 1301 3604 Chrou.

114 3637 188 3698 meh.
274 3683 281 3698 .
305 3639 402 3714 129.)
895 3707 898 3714 ,
1164 3707 1170 3720 Ι

165 3655 355 3800 &dpaguibus
378 3738 450 3780 sana
471 3728 500 3781 et
522 3719 636 3797 integra
657 3737 741 3779 mens
764 3724 820 3788 est,
850 3715 906 3776 hac
927 3715 957 3774 in
979 3717 1231 3801 argumentatione
1252 3723 1303 3766 sa·

95 3819 151 3862 uun
170 3805 312 3884 Scaligeri
334 3812 464 3864 mentem
486 3821 547 3864 non
568 3809 742 3880 agnoscunt.
773 3799 850 3871 Quid
873 3798 952 3859 eninr
973 3802 1052 3857 vetat
1071 3806 1230 3882 quominus
1246 3787 1311 3883 CI*

96 3887 186 3948 rocella
206 3889 325 3949 iuvenis
349 3895 380 3948 et
401 3886 573 3948 adolescens
595 3885 710 3945 noverit
730 3883 899 3954 Proculum,
925 3889 1053 3958 tuncque
1074 3874 1170 3969 adhuc
1189 3879 1305 3944 virent,

97 3972 198 4044 maudo
220 3971 423 4034 Tertullianus
444 3971 518 4030 haec
537 3969 644 4030 litteris
665 3964 844 4028 mandabat?
880 3965 923 4026 hd
945 3963 1017 4024 haec
1038 3976 1119 4028 vero,
1141 3955 1213 4016 rllud
1236 3971 1305 4014 ver-

98 4049 156 4114 bum
180 4067 311 4118 moeret
339 4055 408 4114 ideo
436 4053 483 4114 illc
511 4053 638 4125 adhibet,
668 4052 736 4129 quia
757 4049 910 4120 Proculus,
940 4064 1001 4106 non
1028 4050 1126 4103 autem
1149 4038 1305 4134 Caracalla,

99 4141 150 4194 trun
167 4157 268 4201 revera
291 4145 357 4199 erat
377 4145 525 4198 mortuus.
567 4137 633 4197 Non
656 4153 726 4214 ergo
748 4133 769 4194 ii
791 4132 916 4211 amplius
937 4125 1074 4190 audiendi
1098 4131 1176 4194 sunt,
1199 4141 1249 4201 qur
1269 4139 1307 4183 ea
1387 4183 1395 4198 ‚

100 4215 207 4282 iuralida
222 4221 368 4300 scaligeri
390 4222 505 4282 ratione
527 4221 603 4294 lreti,
627 4219 663 4280 ab
685 4219 749 4278 eius
771 4225 870 4276 tarnen
893 4212 1034 4292 opinione
1054 4207 1205 4289 paululum
1219 4225 1306 4267 rece-

99 4298 199 4376 dentes,
231 4305 424 4384 suspicantur
456 4304 566 4366 editum
597 4304 690 4365 luisse
719 4301 798 4361 hunc
828 4299 936 4358 librum
969 4311 1046 4355 anno
1070 4289 1213 4362 CCXVII„
1245 4306 1306 4386 puo

98 4388 393 4534 ἓὶξηῶήὲοξξὶἰηυε.
436 4387 548 4448 Everso
571 4385 716 4466 siquidem
738 4384 826 4444 huius
849 4378 998 4459 opinionis
1030 4375 1220 4438 lhndamcuto
1243 4389 1309 4450 apsa

171 4555 299 4638 Propius
326 4555 425 4635 itaque
453 4571 469 4614 a
497 4571 567 4616 vero
596 4553 701 4616 abesse
727 4549 865 4612 ridentur
897 4543 946 4626 qui
974 4541 1309 4693 huiuswlihrimetatem
