3122 5250
267 351 338 434 398ΙΙ
351 383 543 428 nrssaarrrro
558 383 589 426 ut
604 383 652 433 oo.
669 382 754 428 surr.
769 382 855 426 acon.
870 381 1065 428 rmrctrram
1078 381 1304 426 naotocsrroorr
1319 382 1407 426 carr.

268 535 351 596 ribus
379 533 492 596 facilius
519 531 689 613 persuaderi
717 531 816 610 (Basil.
838 532 947 596 ilomil.
969 533 1001 594 in
1020 533 1120 596 Psalm
1141 532 1213 597 xlv,
1236 536 1291 610 2.).
1338 534 1372 595 ht
1396 531 1464 594 Ter·

269 619 407 684 tullianus
429 626 529 698 aperte
551 618 723 697 pronuntiat
744 617 811 679 ideo
827 616 1010 680 Christianos
1031 619 1148 680 iurasse
1169 637 1223 698 per
1245 617 1365 682 salutem
1380 617 1463 698 impe·

270 703 389 776 ratoris,
412 704 480 782 quia
501 703 634 775 solcum,
657 703 767 782 inquit,
790 702 930 766 columns
953 722 1030 775 csse,
1052 704 1130 784 cuod
1149 703 1233 766 Deos
1255 703 1352 766 noluit
1372 714 1399 764 et
1415 719 1463 783 pro

268 807 375 869 mopso
397 789 429 852 id
448 791 619 852 iuronumo
642 788 781 852 bubones
803 787 987 861 (Tertulliau.
1009 788 1162 866 Apologet.
1185 807 1248 868 cap.
1271 790 1346 864 32).
1386 786 1463 848 lotd-

269 873 336 952 hgis
363 872 453 951 igitur
479 881 620 952 quantum
647 871 724 934 inter
746 871 930 934 Christianos
959 880 988 934 et
1020 871 1153 934 ethnicos
1185 873 1230 934 sic
1261 873 1389 935 iurantes
1414 879 1466 932 erat

270 957 439 1020 discrimen.
483 957 642 1020 Christiani
672 957 779 1036 quippe
806 957 861 1018 hac
881 956 997 1036 publica
1024 956 1212 1020 iurisiurandi
1234 957 1376 1036 religione
1396 955 1464 1018 affir-

270 1043 389 1104 mabant
409 1042 526 1104 sincero
556 1061 589 1102 se
615 1042 713 1105 animo
742 1041 946 1121 imperatoris,
983 1041 1033 1121 qui
1060 1060 1078 1104 a
1104 1042 1166 1104 Deo
1193 1041 1268 1121 ipsis
1296 1041 1465 1121 praepositus

272 1125 344 1200 erat,
367 1135 470 1207 optare
491 1146 525 1189 ac
545 1135 644 1208 petere
666 1127 800 1188 salutem.
843 1125 960 1188 Ethuici
988 1143 1059 1188 vero
1087 1127 1177 1205 impia
1197 1125 1364 1188 adulatione
1384 1125 1466 1204 imps-

271 1220 410 1286 ratorem,
432 1231 520 1291 quem
541 1218 690 1274 mortuum
712 1211 861 1290 optabant,
884 1211 1123 1274 contestabantur
1144 1229 1211 1273 esse
1232 1211 1327 1274 Deum
1347 1217 1376 1273 et
1394 1225 1466 1270 cerae

272 1297 430 1359 divinitatis
458 1297 642 1376 participem.
687 1295 760 1358 Tam
786 1295 914 1358 nefariae
942 1305 1039 1358 autem
1067 1296 1279 1358 assentationis
1306 1295 1387 1358 testis
1406 1313 1467 1374 pro-

271 1383 401 1443 iecto‘et
422 1383 557 1443 conscius
579 1381 635 1442 tuit
655 1381 810 1453 Horatius,
843 1380 893 1459 qui
915 1379 951 1442 ad
973 1379 1129 1442 Caesarem
1148 1382 1329 1460 Augustum,
1360 1390 1392 1441 ut
1410 1376 1464 1439 alib'

271 1465 473 1530 annotavimus
496 1465 631 1540 (Dissert.
646 1465 677 1526 in
691 1465 797 1526 Minue.
813 1468 939 1544 cap-12.
953 1463 1081 1541 Artis),
1103 1466 1177 1528 hacc
1197 1465 1319 1546 scripsit
1339 1463 1465 1528 carmina:

422 1551 582 1614 Praesenti
602 1551 657 1614 tibi
675 1562 811 1613 moturos
835 1550 984 1630 lorpotur
1006 1550 1145 1622 honores,
1455 1572 1458 1580 ·

423 1635 632 1718 iurandasque
654 1645 739 1698 tuum
756 1653 815 1716 per
836 1653 943 1698 nomen
961 1639 1102 1716 ponimns
1123 1653 1207 1697 oros.

788 1719 901 1794 (Horat.
917 1718 968 1781 lih.
983 1718 1006 1780 1.
1021 1718 1115 1799 Epist.
1133 1723 1161 1783 1.
1176 1739 1204 1782 r.
1227 1723 1266 1785 15
1282 1728 1312 1782 et
1329 1723 1397 1798 tu).

769 1905 936 1957 hthClJLUS
954 1903 991 1954 tt.

274 2010 408 2056 Christianos
425 2021 543 2066 perperam
562 2009 589 2054 ah
608 2010 700 2068 ethnicis
718 2010 794 2053 laesas
811 2007 931 2053 maiestatis
949 2009 1059 2052 humanae
1077 2008 1160 2053 idcirco
1183 2007 1317 2062 insimulari,
1341 2009 1397 2066 quod
1412 2008 1466 2062 impe·

273 2085 358 2123 ratores
375 2089 456 2122 vocare
473 2077 528 2122 deos
546 2079 636 2130 undant,
660 2078 732 2133 ipsum
748 2079 903 2132 imperatorem
926 2087 981 2120 suaa
1005 2075 1134 2120 infirmitatis
1159 2077 1295 2122 admonitum
1313 2077 1380 2122 thiaso
1396 2076 1415 2120 iu
1430 2083 1469 2117 ut·
1523 2039 1524 2108 i

273 2149 330 2192 xima
349 2143 450 2201 triumphi
467 2146 546 2200 gloria,
571 2153 699 2190 recusatum
717 2145 744 2188 ah
761 2145 860 2200 Augusto
879 2145 976 2188 Caesare
994 2143 1030 2188 dsi
1046 2157 1073 2190 ao
1091 2144 1172 2190 domini
1191 2157 1325 2200 cognomen,
1342 2146 1468 2201 imperamus
1523 2169 1524 2212 p

323 2226 336 2258 a
354 2212 483 2258 Christianis
501 2214 602 2258 dominos
619 2225 674 2256 voce
692 2212 802 2256 communi
821 2213 957 2268 appellamur
976 2213 1038 2256 oetas
1057 2211 1174 2266 gentilibus
1192 2212 1263 2258 tuisse
1281 2213 1427 2272 imperatorem
1523 2213 1524 2254 i

612 2289 663 2325 ante
680 2288 772 2324 mortem
792 2288 814 2322 et
830 2280 967 2336 apotheosim
982 2279 1048 2323 deum
1066 2280 1149 2324 dicare.

357 2396 441 2458 Nulla
462 2405 541 2459 certe
563 2397 657 2458 maior
679 2405 741 2458 erat
761 2396 938 2475 perversitas
960 2415 1047 2474 quam
1067 2395 1230 2475 gentilium,
1254 2397 1305 2476 qui
1319 2392 1468 2458 chaonis

275 2482 369 2544 dicam
390 2481 486 2544 laesae
509 2481 670 2543 maiestatis
692 2480 800 2549 idcirco
823 2480 1000 2554 scribebant,
1023 2480 1103 2560 quod
1124 2481 1322 2560 imperatores
1344 2482 1411 2542 deos
1424 2495 1468 2538 ro·

275 2585 341 2628 care
376 2574 427 2628 aut
461 2566 567 2628 divinis
601 2566 717 2628 allicere
744 2565 909 2626 honoribus
936 2565 1023 2644 plane
1043 2573 1224 2627 recusarent.
1268 2566 1342 2628 Nam
1362 2575 1393 2627 ut
1410 2561 1470 2625 scite
1523 2571 1524 2582 *

275 2649 472 2712 Tertullianus
496 2651 604 2731 arguit:
633 2651 728 2730 Nepet
749 2651 836 2712 illum
864 2650 1072 2728 imperatorem
1104 2655 1157 2732 poi
1181 2651 1270 2713 mum
1298 2653 1376 2714 dicit.
1415 2643 1469 2708 unt

276 2736 362 2800 bomo
394 2754 458 2798 non
485 2747 530 2799 est
561 2739 731 2816 imperator
764 2735 946 2809 (Tertullian.
979 2734 1132 2814 hpologet.
1156 2753 1219 2814 cap.
1243 2738 1320 2812 33.).
1361 2725 1468 2796 muneri

277 2820 355 2882 euim
376 2820 442 2899 quis
464 2829 567 2900 potest
585 2839 622 2882 ex
642 2829 726 2900 patre
745 2839 781 2881 ao
801 2829 894 2900 mane
915 2819 1035 2882 homine
1050 2819 1181 2898 genitum
1194 2819 1400 2901 imperatorem
1413 2829 1468 2876 esst

276 2923 337 2968 non
358 2924 448 2984 posse
469 2906 579 2979 Deum,
611 2904 661 2984 qui
682 2911 818 2968 aeternus
841 2904 881 2966 sit
901 2904 1021 2966 omuino
1050 2902 1190 2983 oportet?
1228 2904 1383 2968 Christiani
1402 2917 1468 2978 otto,
1523 2945 1524 2970 t

36 2993 38 3004 '
154 3027 157 3032 ,
276 2989 326 3069 qui
347 2989 549 3054 foedissimam
572 2991 757 3052 ethnicorum
778 2989 972 3068 imperatores
994 3006 1065 3051 suos
1088 2989 1162 3050 deos
1184 2990 1390 3069 appellantium
1409 2985 1468 3046 adu·
1523 2981 1524 3012 ¹

276 3075 417 3136 lationem
438 3076 543 3137 merito
566 3074 795 3148 detestabantur,
818 3092 878 3134 non
899 3082 1036 3153 poterant
1055 3073 1153 3135 hasac
1166 3073 1331 3136 maiestatis
1345 3075 1469 3135 humanae
1523 3131 1524 3136 ,

276 3158 353 3220 hanc
374 3159 412 3220 ob
435 3178 553 3220 causam
575 3159 612 3220 ab
634 3159 693 3219 ullo
715 3159 869 3237 postulari.
1523 3173 1524 3236 ξ

361 3242 440 3315 Quin
478 3243 566 3305 ctiam
602 3243 798 3304 Tertullianus
834 3241 1023 3304 celeberrimo
1060 3242 1269 3321 triumphantis
1306 3235 1469 3328 imperatoris¹

277 3327 410 3405 exemplo
443 3319 592 3400 ethnicos,
626 3327 677 3406 qui
703 3327 785 3388 illum
812 3345 917 3388 vocare
944 3328 1033 3388 deum
1060 3333 1292 3402 consueverant,
1326 3322 1469 3407 turpissimi

277 3410 420 3472 mendacii
441 3411 627 3490 apertissime
649 3411 803 3473 convincit
846 3411 962 3472 Etenim
984 3412 1013 3474 in
1041 3413 1099 3473 hoc
1120 3430 1237 3474 summo
1259 3415 1399 3476 humanae
1417 3405 1470 3488 glo·

276 3494 338 3556 riae
360 3494 458 3574 apice,
487 3495 549 3557 sive
570 3505 603 3558 ut
623 3496 674 3556 ille
695 3495 838 3574 loquitur,
861 3500 893 3558 in
914 3496 1054 3575 triumphi
1076 3501 1127 3560 sni
1146 3496 1358 3561 sublimisu'rno
1380 3508 1468 3561 mtto

277 3579 457 3643 infimitatis
491 3599 563 3642 suae
594 3582 783 3643 admonetur.
826 3579 1009 3660 Supperitur
1035 3585 1114 3644 emm
1134 3586 1165 3644 ai
1182 3601 1203 3644 o
1232 3594 1334 3663 terpo:
1368 3577 1469 3658 listpitt

273 3675 346 3747 post
374 3675 421 3726 te:
449 3665 595 3728 hominem
624 3679 652 3730 te
677 3677 823 3728 memento
845 3663 953 3743 (ibid).
997 3665 1088 3728 Tacet
1112 3673 1211 3728 autem
1238 3668 1304 3747 quis
1330 3665 1412 3729 fuerit
1432 3657 1469 3720 ills

277 3751 328 3830 qui
358 3750 432 3813 haec
458 3751 647 3830 suggerebat3
683 3750 762 3812 baud
789 3749 877 3812 druto
904 3750 973 3830 quia
994 3757 1065 3812 tuno
1089 3757 1151 3812 tam
1171 3749 1468 3814 cumanensem

278 3853 365 3914 quam
386 3835 487 3916 paucis
515 3835 604 3898 hodie
626 3836 769 3915 cognitus.
811 3835 849 3896 ht
876 3834 902 3896 is
925 3835 1031 3897 Testae
1058 3843 1178 3898 vocatur
1210 3835 1353 3910 famulus,
1382 3843 1468 3896 senus

279 3927 309 4066 fit
329 3919 467 3992 minister.
484 3919 631 4002 publicus.
674 3921 717 3982 De
738 3919 906 4000 triumphali
928 3919 1077 3982 enimvero
1100 3921 1318 4001 curruilloque
1342 3915 1468 3983 munitm

299 4021 351 4072 tec
371 4005 491 4070 occinit:

429 4089 497 4155 Kal
518 4089 593 4166 πῶς
615 4085 672 4154 ἐπὶ
693 4089 752 4152 τοῦ
774 4083 920 4173 ἅρματος
943 4084 1101 4171 δημόσιος
1123 4085 1257 4174 οἰκέτης,

423 4170 591 4240 ”onwan
612 4174 729 4239 τοῦτον
751 4171 884 4239 ἵσταται
904 4169 962 4238 τὸν
984 4176 1148 4258 στέφανον
1170 4167 1301 4276 ἀνέχων,

430 4259 497 4324 Καὶ
519 4259 620 4344 λέγων
641 4254 748 4342 τούτῳ
768 4255 854 4342 πρός
874 4281 912 4324 τε
933 4243 1007 4334 οὖς·
1028 4261 1082 4324 καὶ
1103 4255 1143 4323 τὸ
1162 4279 1303 4324 morter
1323 4255 1426 4342 ptine
1457 4257 1467 4282 ⁴

430 4344 691 4426 transnatato
713 4364 810 4407 curru
831 4344 969 4424 publicus
992 4347 1140 4418 canister,

432 4427 515 4490 Pone
536 4430 614 4493 hooc
634 4441 703 4502 stat,
728 4448 870 4493 soronam
892 4433 1052 4502 sustineres,

431 4511 470 4576 Et
492 4515 591 4576 diacos
614 4515 681 4578 hnic
703 4519 734 4578 in
755 4533 877 4576 curam:
900 4515 1018 4594 etquid
1039 4533 1058 4575 o
1080 4525 1163 4596 terpo
1186 4525 1237 4586 ast,
1261 4517 1379 4592 respice.

359 4623 371 4654 a
894 4597 1004 4676 (Taelz.
1027 4597 1147 4664 Chiliad.
1169 4599 1244 4664 lllll.
1267 4602 1297 4677 ξ.
1318 4598 1398 4670 461·)
