3196 5250
554 363 688 408 AUCTORE
710 363 768 408 ttlc.
792 364 829 406 LE
850 363 978 410 neunt.

645 580 765 642 CAPUT
787 581 887 644 XXVI.

200 700 277 758 Quam
295 699 430 750 luculenter
447 699 609 750 Tertullianus
627 701 777 750 ethnicorum
799 702 884 752 litteris
902 702 1045 766 scriptisque
1063 703 1173 754 ostendet
1192 703 1266 754 lslsos
1284 720 1339 758 esse

624 783 708 818 ornnes
726 767 822 847 iliorum
841 771 908 820 deos.

695 895 834 907 —--—

662 985 829 1038 lnrtctlttls
851 987 870 1035 l.

155 1087 274 1138 Quomodo
293 1087 442 1131 Tertullianus
461 1088 596 1132 demonstret
613 1089 683 1132 lulsos
701 1100 751 1132 osso
770 1089 882 1144 gentilium
901 1088 956 1132 deus
974 1101 1000 1133 ox
1023 1088 1112 1143 litteris,
1139 1091 1218 1146 quibus
1237 1093 1264 1135 ad
1281 1095 1378 1148 prodon-

155 1154 209 1197 tiam
228 1162 249 1197 ot
265 1155 366 1198 liberetis
385 1155 458 1199 oillcia
475 1156 649 1200 lulorrrrubuutur
672 1163 737 1212 atque
755 1157 892 1200 docebantur
910 1155 981 1199 rueris
999 1156 1091 1200 deorum
1109 1159 1166 1202 inter
1182 1171 1207 1202 se
1224 1171 1318 1215 pugnas,
1337 1163 1377 1204 Ve-

155 1234 233 1266 nerem
258 1223 394 1275 sauciatum,
418 1222 508 1266 liarlsm
531 1224 625 1268 uinculis
649 1225 686 1284 diu
710 1225 848 1276 adstrictum,
875 1225 948 1268 loram
967 1233 1094 1270 amonstro
1113 1225 1228 1270 liberatum
1246 1229 1281 1271 rol
1299 1241 1378 1274 cusum

154 1289 291 1345 Sarpedonis
310 1291 398 1333 nantem
416 1290 450 1334 rel
468 1290 583 1334 subantem
601 1293 623 1334 iu
641 1293 724 1336 sororis
749 1303 860 1340 amorem:
888 1291 939 1334 item
957 1292 1063 1347 Apollinis
1088 1301 1110 1336 st
1126 1293 1219 1349 lieptnui
1242 1297 1376 1350 servitutum,

153 1357 276 1401 iudicatum
295 1358 385 1402 lulmlns
402 1357 560 1414 Aesculapium
578 1371 604 1402 ac
622 1359 741 1414 nauoodlis
764 1363 894 1415 potiturum,
918 1361 1046 1404 nominarim
1069 1373 1122 1406 uero
1140 1361 1227 1406 Lentuli
1244 1371 1266 1406 st
1282 1364 1376 1417 llostilii,
1472 1407 1475 1412 .

483 1453 487 1461 ι
514 1425 606 1481 aliisque
629 1429 754 1472 musculum
771 1427 857 1471 bonurn
874 1427 1022 1470 irridentibus.

240 1539 280 1601 Ea
304 1541 482 1602 estanoris
505 1548 626 1614 natura,
649 1548 682 1604 ut
703 1541 753 1602 diu
776 1541 833 1602 sibi
855 1541 919 1620 ipse
941 1559 1001 1602 nou
1024 1550 1140 1604 constet
1162 1561 1253 1622 seque
1277 1529 1377 1625 ipsum

155 1631 219 1685 tum
241 1625 329 1686 etiarn
351 1627 498 1698 destruat,
529 1645 594 1687 cum
616 1625 754 1688 audacius
784 1635 870 1704 caput
891 1626 1006 1690 attollit.
1049 1626 1116 1688 Nou
1137 1628 1244 1690 mirum
1266 1629 1376 1708 itaque,
1437 1673 1442 1693 .

155 1709 183 1770 si
206 1709 313 1771 ethnici
335 1710 431 1772 datam
454 1711 579 1772 mortuis
602 1710 770 1772 bominibus
794 1710 973 1796 diuinitatem
995 1710 1036 1772 ibi
1052 1712 1221 1785 evenerint,
1244 1713 1294 1776 ubi
1310 1734 1376 1776 eant

156 1793 270 1855 firmius
292 1795 421 1856 stabilire
444 1795 597 1856 debebant
626 1793 735 1856 Nullibi
757 1795 835 1856 enirn
858 1795 965 1856 clarius
985 1803 1014 1856 et
1029 1796 1184 1857 enodatius
1201 1801 1375 1876 exponenda

157 1886 223 1938 erat
250 1897 335 1956 quam
365 1879 458 1940 iniis
486 1879 593 1941 litteris
621 1880 727 1958 quibus
757 1879 959 1941 adolescentes
988 1880 1236 1954 informabantur,
1263 1885 1307 1946 uti
1334 1883 1376 1945 ait

157 1961 370 2037 Tertullianus,
407 1964 443 2040 ad
472 1965 667 2044 prudentium
699 1963 882 2038 (Tertulliau.
905 1964 1058 2043 Apologet.
1087 1983 1151 2044 cap.
1177 1970 1256 2042 lb),
1289 1987 1375 2046 quae,

155 2055 232 2108 teste
247 2046 396 2122 Cicerone,
420 2060 541 2111 constet
559 2068 599 2112 en
620 2053 745 2112 edentia
767 2067 872 2111 rernm
894 2050 1040 2112 bonorum
1063 2061 1093 2112 at
1111 2050 1263 2114 malornm
1276 2065 1306 2114 cl
1320 2073 1376 2115 nec

147 2131 303 2210 ,tenuram
330 2153 385 2196 nec
405 2134 566 2206 molarum,
596 2146 626 2196 et
647 2133 786 2198 liberalia
809 2134 913 2213 officio
942 2133 1047 2207 (Cicer.
1068 2133 1119 2194 lib.
1144 2133 1191 2196 tlt.
1215 2136 1251 2198 de
1272 2136 1374 2198 Natur.

153 2214 242 2276 Deor.
266 2235 331 2296 pag.
355 2221 426 2282 245.
449 2219 500 2279 lin.
527 2222 597 2294 lin),
627 2237 700 2297 quae
722 2213 1018 2300 videlicelliberum,
1048 2218 1144 2297 inquit
1166 2218 1322 2282 Terentius
1344 2229 1375 2284 et

153 2300 315 2380 ingenuum
336 2303 487 2364 bominem
510 2303 586 2364 scire
596 2303 728 2364 -omnino
744 2321 869 2381 acquum
885 2311 932 2364 est
953 2303 1085 2376 (Terent.
1101 2303 1234 2365 Eunucb.
1250 2313 1306 2368 acl.
1321 2305 1372 2368 tlt.

153 2403 234 2446 scen.
258 2389 288 2450 2.
311 2407 337 2447 r.
362 2391 436 2460 Tb).
479 2387 515 2448 At
536 2389 567 2458 in
588 2387 636 2448 bis
658 2387 764 2448 litteris
786 2395 903 2466 quanta,
925 2394 959 2448 ut
980 2387 1110 2465 loquitur
1131 2389 1239 2450 Auctor
1261 2397 1374 2462 noster,

153 2465 274 2532 inuenio
297 2471 439 2542 ludibrio,
462 2472 568 2550 quibus
591 2473 743 2534 numinum
765 2489 888 2532 suorum
910 2471 1089 2532 infamabant
1110 2471 1317 2535 divinitatem?

193 2627 196 2640 ¹
241 2554 273 2615 Si
302 2557 368 2633 quis
396 2575 465 2618 vero
494 2555 621 2635 inquirat
650 2575 724 2634 quae
752 2555 813 2617 sint
840 2575 891 2616 eac
913 2556 1026 2618 litterae
1049 2564 1076 2616 et
1100 2557 1373 2631 commentationes,
1472 2615 1478 2626 ,

157 2639 403 2718 respondebimus
436 2661 471 2701 eo
503 2641 623 2702 nomine
656 2647 792 2720 poemata
822 2639 943 2700 Homeri
976 2639 1134 2720 designari.
1185 2640 1267 2713 Quae
1295 2643 1374 2704 enim

153 2723 264 2784 Auctor
293 2741 395 2786 noster
422 2725 530 2786 ibidem
559 2732 673 2797 narrat,
706 2726 778 2785 baec
811 2723 847 2784 ab
875 2723 979 2784 eodem
1006 2729 1094 2802 potita
1121 2724 1266 2786 delibavit.
1311 2725 1374 2786 Sibi
1452 2723 1456 2731 ’

153 2815 252 2870 autem
280 2809 351 2870 illud
381 2809 406 2870 si
435 2809 499 2887 quis
529 2809 650 2870 alicuius
680 2809 850 2870 auctoritate
879 2808 988 2868 firmari
1009 2808 1092 2877 velit,
1126 2826 1163 2868 en
1184 2817 1304 2886 praesto
1327 2817 1373 2870 est

154 2893 300 2954 Minucius
322 2893 418 2967 Felix,
451 2895 500 2973 qui
527 2901 684 2972 postquem
711 2893 789 2954 varia
818 2892 865 2952 illa
893 2893 1015 2953 deorum
1037 2891 1162 2952 ludibria
1185 2910 1219 2952 ex
1241 2893 1373 2966 Homeri,

156 2995 211 3037 suo
233 2979 353 3040 nornine
376 2979 521 3057 appellati,
544 2977 722 3039 carminibus
743 2976 901 3045 recensuit,
924 2976 967 3037 sic
980 2976 1185 3053 prosequitur:
1214 2976 1269 3038 His
1284 2991 1373 3058 utque

156 3061 326 3125 huiusmodi
350 3063 496 3145 pipmenlis
513 3075 554 3125 st
580 3065 741 3126 mendaciis
771 3061 956 3122 dulcioribus
985 3070 1226 3140 corrumpuntur
1253 3066 1373 3140 inponis
1422 3121 1424 3126 ,

153 3163 335 3224 puerorum,
367 3161 395 3209 el
424 3149 526 3210 iisdem
554 3147 669 3226 subulis
691 3146 916 3208 inhaerentibus
939 3145 977 3206 cd
998 3163 1091 3224 usqne
1113 3163 1244 3208 summae
1265 3152 1372 3210 uelutis

157 3227 255 3292 iobnr
276 3233 459 3303 adolescunt,
482 3246 510 3295 el
532 3237 564 3294 in
585 3233 689 3294 iisdem
711 3232 898 3312 opinionibus
919 3233 1025 3291 miseri
1045 3240 1269 3292 consenescunt.
1313 3232 1373 3293 Sed

156 3313 229 3374 baec
256 3315 286 3376 in
315 3317 462 3398 superiori
489 3318 526 3378 de
554 3317 611 3378 b'oc
631 3315 749 3377 Minucii
776 3315 851 3376 libro
878 3313 1083 3376 dissertatione
1111 3314 1204 3376 insius
1228 3314 1372 3394 explicare

155 3401 253 3461 conati
275 3421 375 3463 sumus
398 3402 560 3471 (Disscrlal.
584 3402 615 3463 iu
637 3400 741 3462 Minue.
766 3420 828 3479 cap.
854 3403 902 3462 17.
925 3399 986 3458 Art
1009 3402 1063 3474 4.).
1395 3465 1397 3470 ,

241 3486 308 3559 Quo
342 3493 439 3548 autern
472 3487 561 3547 ruodo
591 3487 663 3547 baec
689 3505 705 3546 a
728 3484 905 3546 Tertulliano
933 3483 1112 3562 probentur,
1144 3481 1201 3544 iarn
1230 3483 1256 3543 si
1278 3484 1374 3562 placet

155 3571 396 3632 consideremus:
440 3572 482 3633 Ab
503 3575 579 3650 ipso,
603 3569 706 3649 inquit,
730 3571 838 3632 enardi
933 3579 1045 3638 vestro,
1069 3571 1133 3628 eius
1155 3570 1234 3629 nnde
1257 3587 1323 3630 orno
1345 3579 1374 3630 at

153 3673 238 3717 omne
261 3675 400 3738 aequore,
424 3661 475 3716 cni
493 3666 639 3736 pucrulum
660 3655 803 3716 bonorem
825 3655 944 3724 additis,
968 3662 1085 3715 tantuna
1107 3653 1169 3712 dcis
1192 3656 1302 3713 vestris
1322 3653 1370 3712 dc-

154 3745 296 3820 ropcstis,
318 3739 536 3820 mupnifirando
559 3743 611 3820 qni
632 3740 665 3799 de
681 3743 721 3799 eis
740 3737 812 3798 lnsr'l
832 3736 966 3810 (Tertull.
981 3735 1033 3796 lib.
1049 3737 1071 3796 l.
1088 3735 1123 3796 ad
1138 3733 1202 3796 Nat.
1219 3753 1281 3812 cap.
1299 3739 1372 3808 lo).
1429 3755 1432 3764 ’

154 3823 193 3883 Et
219 3825 293 3885 baec
323 3823 440 3902 quidem
468 3824 555 3885 rerba
584 3822 628 3884 sic
656 3821 801 3902 descripta
829 3830 899 3884 sunt
926 3821 955 3881 in
982 3820 1129 3900 agobardi
1157 3817 1256 3879 codice
1284 3826 1313 3879 et
1341 3819 1372 3878 in

155 3907 286 3970 editione
309 3907 497 3980 Golbolredi,
528 3907 577 3986 qui
599 3906 694 3967 deleta
716 3905 756 3965 ibi
778 3906 865 3966 rerba
888 3905 931 3966 sic
952 3904 1113 3984 supplenda
1135 3903 1284 3980 opinatur:
1329 3903 1372 3964 Ab

157 3996 223 4072 ipso
252 3995 399 4055 scordion
427 3994 526 4054 studio
555 4003 673 4062 vestro,
701 3991 779 4052 unde
807 3994 902 4052 omisis
931 3995 1057 4050 moterlo
1085 3999 1114 4048 ct
1141 4005 1225 4048 omne
1247 4004 1382 4066 aequor..

157 4073 300 4152 Rigaltius
327 4096 396 4138 vero
425 4065 504 4138 nulla
532 4075 645 4136 reddita
672 4075 786 4135 ratione
814 4092 849 4134 ac
876 4081 1014 4150 tanquam
1040 4073 1076 4134 de
1104 4088 1171 4131 reru
1199 4070 1371 4132 Tertulliani

156 4157 282 4222 lectione
304 4181 425 4224 securus
447 4162 478 4229 iu
500 4161 563 4222 eius
586 4168 666 4222 textu
689 4159 831 4237 scriptum
853 4155 956 4218 voluit:
986 4157 1027 4219 Ab
1050 4161 1116 4235 ipso
1196 4155 1284 4216 rdiur
1306 4155 1372 4218 Ho-

153 4263 239 4308 mero
262 4261 375 4318 oestro,
399 4252 460 4308 edus
481 4247 565 4308 undo
587 4257 615 4308 at
638 4262 720 4307 omne
742 4261 865 4324 sepnor.
1371 4292 1374 4300 ,

241 4331 299 4392 Sed
329 4333 401 4393 haec
428 4331 595 4392 coniectura
625 4329 725 4390 debuit
753 4328 847 4405 aliqua
870 4326 972 4386 saltent
994 4324 1107 4385 ratione
1130 4322 1232 4384 lulciri.
1276 4323 1370 4386 Nobis

154 4423 253 4476 tamen
274 4417 428 4494 probabile
451 4416 523 4477 satis
545 4415 660 4476 videtur
682 4433 697 4474 a
720 4411 916 4481 Tertulliano,
951 4409 1001 4487 qui
1029 4409 1065 4468 de
1092 4407 1242 4486 gentilium
1264 4409 1369 4469 litteris

154 4499 303 4576 loquitur,
337 4501 480 4579 quendam
503 4499 585 4560 citari
607 4497 830 4560 celeberrimum
851 4495 969 4555 illorum
992 4492 1182 4570 scriptorem,
1207 4491 1252 4553 cui
1274 4511 1369 4570 quan-

157 4591 218 4644 turn
240 4585 385 4648 honorem
408 4584 515 4660 etbnid
537 4583 712 4657 tribuebant,
734 4589 846 4650 tautum
869 4579 924 4640 diis
946 4578 1008 4642 suis
1024 4578 1247 4640 conlaudando
1268 4577 1371 4640 detra·

1112 4677 1167 4730 29*
1335 4683 1337 4690 ’
