3122 5250
462 427 597 475 rucrons
618 430 677 476 nro.
700 429 736 476 ca
758 431 885 480 noannr.
1217 421 1279 490 371

39 583 136 660 ipso,
177 576 257 658 qnod
283 587 401 660 poterat
428 579 464 642 ah
493 581 550 644 alio
579 581 736 663 aliquando
764 587 884 664 agnosci
911 593 941 648 et
961 587 1075 667 puniri,
1112 597 1163 652 aut
1190 592 1279 655 testis

40 673 98 725 aut
123 662 215 725 iudex
236 664 337 728 rendit
358 671 409 728 aut
430 666 568 730 canemus
591 670 712 733 redirit
733 668 826 742 (ldem
848 669 899 732 lib.
915 672 938 734 l.
960 671 997 733 ad
1017 672 1135 736 Nation.
1158 693 1183 738 c.
1211 675 1283 755 7.)?

138 747 254 810 Nullius
287 748 385 830 itaquo
417 751 591 814 testimonio
623 750 779 832 probatum
813 773 941 835 unquam
969 757 1065 820 tuerat
1092 757 1278 825 Christianos

42 851 120 895 reos
148 851 216 896 esse
238 832 346 894 horum
369 835 534 898 eriminum.
578 835 686 918 Ecquis
709 839 788 900 enim
810 839 869 914 illa,
897 841 940 903 uti
962 851 1048 921 urget
1068 842 1276 920 Tertullianus,

42 935 186 998 unquam
212 917 418 996 prodidisset?
460 920 526 983 Non
549 921 608 1002 ipsi
636 922 754 1002 quidem
777 923 945 988 Christiani.
989 925 1021 988 Si
1050 927 1130 990 euim
1152 929 1278 993 ethnicis

42 1021 139 1064 sacra
163 1020 217 1065 sua
232 1001 434 1066 Samothracia
456 1015 487 1068 et
505 1005 655 1069 Eleusinia
677 1007 826 1070 declarare
847 1011 930 1072 netas
954 1020 1026 1084 erat,
1049 1021 1159 1092 quanto
1181 1015 1277 1095 magis

41 1086 217 1150 Christiani
239 1087 336 1149 diviua
358 1107 412 1151 sua
440 1091 579 1172 mysteria
600 1093 725 1155 reticere
746 1093 922 1156 tenebantur
943 1093 1128 1170 (Tertullian.
1149 1098 1275 1180 Apolog.
1304 1137 1308 1145 =

41 1174 108 1234 loc.
133 1172 185 1234 cit.
208 1181 238 1234 ct
259 1171 310 1234 lib.
333 1173 355 1235 l.
377 1173 414 1235 ad
436 1175 551 1238 Nation.
575 1195 638 1256 cap.
662 1175 730 1254 'hil
772 1177 803 1240 Si
832 1197 903 1258 erqo
925 1179 961 1245 ab
990 1179 1064 1260 ipsis
1086 1199 1203 1245 summo
1226 1191 1273 1247 te-

40 1257 200 1338 gebantur
214 1256 348 1319 silentio:
374 1258 465 1332 Unde,
488 1260 581 1340 inquit
594 1261 803 1335 Tertullianus,
827 1269 982 1326 entraneia
998 1265 1155 1343 gentilibus
1171 1286 1277 1332 conam

43 1345 181 1414 notitia,
215 1359 281 1403 cam
308 1359 426 1423 semper
446 1349 535 1409 etiarn
552 1349 623 1426 piae
643 1350 829 1410 initiationes
852 1361 976 1412 arceant
992 1351 1148 1432 profanos
1170 1364 1200 1416 et
1220 1373 1275 1416 or-

45 1431 144 1491 hitris
169 1437 303 1499 careant,
324 1432 389 1490 nisi
407 1432 493 1510 r'eapii
510 1435 610 1493 manas
632 1441 768 1494 metuant
788 1431 875 1507 (lhid.
896 1431 953 1495 loc.
975 1433 1064 1512 cit.)‘i
1106 1436 1141 1497 ln
1163 1437 1275 1500 nostris

43 1511 190 1574 melioris
212 1519 299 1573 nome
322 1512 472 1576 codicibus
494 1533 582 1578 manu
605 1516 731 1578 exaratis
761 1525 791 1577 et
811 1516 960 1597 plerisque
981 1519 1109 1599 antiquis
1132 1521 1273 1584 editioni-
1354 1509 1366 1528 '

45 1597 107 1659 bus
131 1596 275 1675 legimus:
297 1602 386 1659 etiarn
407 1603 515 1680 inopiae
536 1603 731 1664 initiationes.
767 1601 829 1663 Nec
849 1602 972 1664 forsitan
994 1603 1080 1665 malo.
1109 1604 1183 1668 Nam
1199 1608 1275 1668 Ter·

47 1682 195 1744 tullianus
217 1699 233 1744 a
254 1680 373 1756 minori,
395 1683 539 1758 etaiam,
562 1684 599 1746 ad
620 1685 716 1746 maius
731 1685 776 1748 sic
794 1687 992 1766 argumentari
1014 1689 1124 1768 potuit:
1159 1691 1191 1752 Si
1214 1691 1272 1754 im·

45 1767 120 1848 piae
143 1765 329 1828 ethnicorum
356 1765 537 1830 initiationes
564 1769 652 1831 celari
681 1770 805 1843 debent,
842 1779 952 1850 quanto
983 1773 1077 1854 magis
1110 1791 1212 1838 sacrae
1245 1785 1275 1839 et

44 1853 120 1932 piae
144 1849 389 1924 Christianorum,
412 1852 470 1915 nisi
491 1853 573 1934 impii
595 1855 718 1934 gentilos
746 1873 797 1918 aas
819 1855 963 1936 nrlqaudo
985 1858 1083 1920 minus
1105 1859 1162 1921 sihi
1185 1879 1273 1942 quam

44 1935 213 1998 Christiani
234 1935 391 1999 metuant?

141 2021 233 2082 Instat
261 2019 356 2083 adhuc
380 2023 490 2085 Auctor
517 2030 620 2084 noster
646 2031 734 2103 atque
761 2023 834 2087 haec
862 2027 1024 2088 execranda
1047 2028 1158 2090 scelera
1179 2049 1196 2090 a
1218 2048 1272 2098 ne-

48 2107 134 2169 mine
156 2124 212 2167 nec
231 2107 396 2186 perpetrari
417 2126 472 2169 nec
493 2107 571 2170 credi
594 2124 684 2188 posse
705 2107 763 2170 hoe
776 2119 948 2190 argumento
962 2111 1162 2176 demonstrat:
1186 2111 1273 2176 Chri-

46 2191 160 2254 stianis
181 2191 231 2271 pie
252 2190 416 2254 viventibus
438 2193 536 2254 lutura
557 2201 626 2272 post
647 2193 722 2254 hanc
742 2193 831 2256 vitam
852 2193 937 2258 beata
964 2197 1123 2260 aeternitas
1144 2199 1272 2278 promit-

49 2277 181 2338 tebatur.
224 2276 262 2335 nt
282 2275 329 2338 cui
351 2294 480 2356 unquam
502 2276 670 2340 Christiano
699 2285 750 2340 aut
777 2277 937 2342 christiana
965 2281 1108 2361 religione
1129 2281 1272 2345 initiando

47 2360 228 2443 persuaderi
249 2359 405 2439 aliquando
427 2362 523 2441 potuit
544 2369 589 2423 tot
603 2363 750 2442 tantisque
773 2364 935 2427 sceleribus
957 2385 1021 2427 eam
1042 2385 1134 2446 posse
1149 2385 1271 2448 compa-

48 2444 137 2508 rari?
180 2445 327 2524 Numquid
350 2445 400 2507 ulli
423 2446 509 2508 etiam
532 2465 664 2509 summae
686 2449 869 2511 auctoritatis
891 2449 955 2511 viro
987 2450 1061 2514 haec
1088 2452 1197 2514 dicenti
1225 2453 1272 2515 val

47 2532 81 2594 si
102 2531 147 2592 ris
170 2529 293 2603 iuranti,
328 2547 365 2592 ne
386 2549 463 2592 unus
486 2531 605 2611 quidem
627 2531 743 2613 gentilis
776 2551 838 2594 non
871 2535 991 2596 omuino
1025 2535 1147 2597 insanus
1183 2537 1273 2600 fidem

47 2613 160 2697 posset
187 2633 314 2694 unquam
342 2615 451 2678 hahere
489 2633 524 2677 ac
550 2623 608 2677 tam
637 2616 712 2678 lacili
734 2617 906 2680 credulitate
933 2625 992 2680 tam
1014 2621 1163 2683 atrociltus
1186 2621 1271 2684 coin-

49 2701 170 2782 quinari
197 2697 339 2779 flagitiis?
382 2701 469 2781 Atqui
491 2701 517 2762 si
540 2701 649 2763 ethuici
670 2701 743 2763 haec
771 2721 827 2764 nae
858 2703 978 2766 credere
1017 2719 1073 2766 noa
1099 2714 1271 2784 perpetrare

50 2794 190 2866 possunt,
212 2785 435 2864 quantomagis
457 2784 627 2859 Christiani,
656 2803 783 2865 quorum
804 2805 865 2848 non
887 2788 1012 2862 aliaest
1037 2807 1124 2868 quam
1152 2797 1270 2851 oetero-

50 2891 120 2932 rum
150 2869 304 2932 hominum
332 2878 435 2931 natura
458 2869 639 2944 (Tertullian.
662 2869 815 2950 dpologet
838 2887 901 2950 cap.
925 2873 955 2936 8.
978 2881 1008 2934 et
1028 2871 1078 2934 lib.
1100 2873 1123 2934 l.
1146 2873 1182 2934 ad
1204 2872 1269 2935 Nat

50 2975 117 3036 cap.
142 2953 209 3031 tit
230 2953 295 3015 Non
317 2955 396 3016 enim
419 2962 489 3016 sunt
511 2954 708 3033 cynopennae
729 2965 782 3017 ant
803 2955 974 3035 Sciapodas,
996 2957 1090 3036 iuquit
1111 2957 1269 3020 Tertullia-

52 3061 110 3103 nus
132 3040 205 3114 sire‚
227 3047 260 3101 ut
279 3040 311 3101 in
332 3039 389 3100 alio
411 3037 498 3111 lihro,
515 3039 691 3118 dipnapenae
710 3039 807 3120 aliqui
826 3039 875 3102 ael
890 3040 1052 3122 sciapodes
1066 3041 1115 3104 oel
1128 3041 1224 3123 aliqui
1236 3043 1272 3106 de

55 3127 259 3188 wlterraoea
274 3125 436 3205 Antipodes
459 3122 551 3195 (ldem
566 3123 622 3184 loc.
639 3123 710 3201 cit).
740 3123 832 3185 Primi
855 3131 962 3199 autem,
985 3125 1011 3186 si
1035 3124 1159 3200 Ctesias,
1182 3143 1271 3206 quem

54 3211 166 3272 Plinius
189 3209 267 3281 citat,
289 3209 361 3270 fides
383 3209 431 3281 sit,
455 3207 615 3280 Monocoli,
638 3207 741 3288 inquit,
764 3210 960 3282 ooaodantor,
983 3211 1111 3291 sinpnlis
1128 3211 1271 3274 orirrilas

56 3301 149 3358 mirae
167 3297 360 3374 pernicitatis
382 3295 422 3354 ad
444 3293 571 3364 saltam,
605 3294 778 3375 eosdemque
799 3292 962 3374 Sciapodes
984 3301 1104 3368 vocari,
1137 3298 1216 3378 qaod
1237 3299 1271 3361 in

57 3384 167 3442 naiori
186 3389 273 3440 aestu
297 3378 380 3440 hami
398 3382 528 3440 iacentes
550 3381 690 3458 resupini
708 3379 817 3441 andro
838 3397 869 3441 se
888 3380 999 3459 pedam
1011 3387 1168 3458 protegant
1182 3380 1269 3454 (Plin.

62 3463 108 3526 lih.
132 3463 192 3524 Vll.
214 3461 315 3524 Natur.
338 3463 414 3524 llist.
438 3480 501 3541 cap.
523 3465 577 3540 2.).
620 3461 663 3524 Da
691 3461 738 3524 his
768 3470 865 3525 autem
887 3463 1006 3525 Solinus
1039 3463 1144 3538 (Solin.
1166 3464 1269 3546 Polyh.

60 3567 119 3629 cap.
142 3549 195 3612 25.
218 3564 284 3628 pag.
308 3549 387 3625 so),
415 3546 594 3626 Augustinus
623 3548 760 3646 (August
779 3547 829 3609 lib.
853 3547 927 3610 XVI.
949 3548 986 3610 de
1008 3546 1091 3610 Cirit
1114 3548 1167 3610 Ilei
1189 3569 1214 3610 o
1237 3551 1267 3614 8.

60 3652 119 3712 paq.
136 3635 232 3709 422),
256 3631 362 3694 Suidas
385 3632 479 3704 (Suid.
503 3632 537 3693 ad
560 3651 587 3692 v.
612 3629 831 3710 Σκιαποδες.),
854 3639 884 3693 et
905 3634 981 3713 apud
996 3633 1133 3695 Taetzem
1146 3631 1268 3711 Apollo-

60 3718 146 3780 dorus
168 3717 282 3793 (Treta.
305 3716 378 3780 Chil.
395 3716 455 3777 Vll.
477 3735 503 3777 v.
520 3719 582 3781 662
606 3725 635 3778 et
657 3721 762 3796 seqq).
801 3717 977 3798 Cynopaene
998 3736 1069 3779 vero
1090 3718 1121 3778 iu
1142 3715 1268 3796 quihus-

61 3803 120 3864 dam
143 3802 229 3865 editis
251 3801 431 3882 appellantur
454 3801 612 3882 Cyclopes,
640 3800 670 3861 in
692 3801 756 3863 aliis
780 3801 983 3882 cynoplranes,
1005 3801 1057 3864 sed
1080 3809 1182 3864 eontra
1202 3817 1268 3861 ma-

63 3889 275 3968 nuscriptorum
302 3894 474 3948 nostrorum
502 3885 635 3947 codicum
662 3885 875 3948 auctoritatem.
919 3886 1043 3948 Vossius
1064 3903 1135 3946 vero
1164 3883 1266 3963 legen-

65 3971 125 4033 dum
145 3981 247 4034 censet
269 3971 461 4051 dpnopanes,
485 3988 588 4048 graece
609 3965 803 4046 κυνοπάνες,
834 3989 920 4032 canes
943 3972 1059 4032 cornuti
1082 3969 1181 4046 (Voss.
1204 3977 1266 4029 not.

68 4055 94 4116 in
112 4057 175 4118 ldel.
199 4055 250 4118 lib.
266 4056 315 4117 lll.
338 4055 375 4117 de
397 4055 462 4116 Situ
485 4055 557 4116 0rh.
580 4073 642 4135 cap.
658 4056 711 4132 9.).
756 4054 899 4116 Salmasio
922 4063 1019 4116 umen
1040 4052 1135 4136 placet
1156 4071 1267 4114 coruu-

67 4139 124 4201 dem
144 4139 279 4203 codicum
300 4148 474 4201 nostrorum
495 4139 583 4201 lectio
607 4141 782 4220 cynopenae
803 4157 820 4200 a
841 4157 945 4218 graeco
959 4137 1050 4200 verbo
1064 4143 1266 4216 κυνοπεῖναι,

68 4226 139 4302 quasi
158 4225 273 4298 canina,
296 4224 398 4305 inquit,
423 4225 498 4286 lame
519 4223 686 4286 laborantes
710 4222 846 4298 (Salmas.
868 4231 930 4285 not.
953 4223 983 4284 iu
1005 4221 1255 4303 Solin.p.1005.)

69 4307 144 4372 llecte
166 4310 284 4390 quidem
307 4309 342 4371 ad
364 4309 551 4390 propositum
574 4307 746 4372 Tertulliani
779 4306 820 4369 ibi
846 4306 993 4388 loqueatis
1026 4306 1063 4368 de
1095 4305 1268 4372 Christianis

70 4395 109 4471 qti
129 4395 217 4458 occisi
248 4394 367 4458 inlantis
395 4393 532 4456 carnibus
561 4393 640 4456 vesci
672 4411 707 4455 ae
732 4391 886 4471 plusquam
914 4391 1017 4454 canina
1037 4393 1113 4453 lame
1133 4390 1276 4454 laborare¹

71 4477 101 4538 ah
118 4479 239 4543 ethnicis
261 4479 335 4541 lalso
357 4477 577 4541 accusabantur.
622 4477 682 4540 Sed
709 4477 829 4557 quinam
855 4475 885 4537 hi
912 4475 1035 4550 luerint,
1067 4476 1143 4540 scira
1162 4494 1268 4557 parum

72 4559 189 4628 interest.
233 4564 307 4626 Nam
328 4564 365 4625 de
386 4561 528 4626 monstris
548 4563 657 4627 Auctor
677 4571 780 4627 noster
801 4560 945 4642 loquitur,
968 4579 1042 4641 quao
1062 4560 1179 4642 penitus
1201 4562 1268 4626 ficta

70 4663 127 4708 esse
143 4669 249 4713 omnes
271 4649 348 4714 ultro
370 4649 507 4713 latentur.

1009 4745 1064 4800 at*
