3126 5250
268 377 331 441 296
363 391 554 438 orsenursrto
569 393 599 436 ue
615 392 662 443 oo.
677 391 761 436 sarr.
775 391 861 436 raon.
876 391 1070 458 rennuentem
1084 391 1312 437 aronoourmmr
1323 393 1411 438 carr.

268 543 393 616 duculo,
416 547 448 602 ut
461 559 549 622 supra
563 541 828 616 animadvertimus,
844 550 874 603 et
888 542 1051 604 sanctitatis
1066 542 1172 623 spiritu
1186 543 1353 607 eoniuueh's
1375 544 1475 608 omnia

267 638 383 709 praeter
401 643 508 688 uxores
530 627 695 690 communia
715 635 798 690 erant
818 627 953 707 nudaque
977 628 1014 690 de
1037 627 1191 709 superiore
1205 629 1297 710 gradu
1310 636 1361 691 aut
1374 627 1459 710 digni

267 725 326 777 tate
347 710 504 775 contentio.

350 795 461 858 Dehinc
479 814 550 858 vero
572 795 599 858 si
620 803 730 875 agatur,
752 795 848 876 inquit
866 795 1061 858 Zertulbaous
1083 795 1168 872 (lbid.
1180 815 1243 877 asp.
1253 800 1328 875 46),
1350 799 1387 861 de
1405 816 1474 862 nto·

269 883 371 954 destia,
393 898 467 961 quae
488 879 518 942 in
540 880 637 942 auimo
659 888 705 941 est
724 881 879 943 muhnens
900 879 1063 943 moderatio
1085 881 1285 962 cupiditatum,
1306 881 1386 944 nnha
1402 901 1474 944 sane

267 966 381 1030 institui
406 971 503 1046 potest
524 963 706 1027 Christianos
734 965 812 1026 inter
838 975 868 1027 st
888 965 1011 1045 gentiles
1033 966 1221 1046 comparatio.
1263 967 1336 1030 Nam
1357 966 1473 1047 Pytha

266 1070 368 1134 ytres,
391 1050 431 1112 uti
451 1049 501 1111 ibe
520 1049 569 1123 ait,
591 1049 672 1129 cpnd
695 1048 831 1121 Thurios,
862 1049 961 1112 Zenon
982 1051 1062 1131 opnd
1082 1051 1260 1114 Prienenses
1281 1054 1474 1130 tyrannidem

268 1138 418 1219 affectant.
448 1134 566 1196 Litteris
588 1133 695 1214 quippe
716 1134 864 1196 aLaertio
886 1134 1035 1214 proditum
1055 1135 1178 1214 legimus
1200 1134 1349 1198 iucensam
1364 1154 1382 1202 a
1396 1136 1472 1200 Cro-

266 1220 386 1283 toniatis
407 1219 522 1281 Milonis
542 1219 672 1292 domum,
694 1218 745 1281 ubi
766 1226 835 1281 tunc
855 1227 918 1280 erat
930 1219 1120 1298 Pythagoras,
1141 1213 1332 1302 τυραννίδος
1353 1215 1474 1286 ἐπίθε-

266 1325 321 1369 σιν
343 1295 588 1386 εὖλαβούμενοιε
619 1321 685 1366 aem
706 1307 769 1365 αιάι
792 1305 983 1382 tyrannidem
1003 1315 1168 1368 eminerent
1195 1304 1302 1377 (Laert
1324 1303 1377 1366 lib.
1399 1305 1473 1370 Vill.

268 1391 298 1452 in
319 1389 382 1450 llita
403 1389 523 1468 Pythay.
545 1392 575 1465 ξ.
598 1389 672 1465 36).
715 1387 837 1449 Excitati
867 1395 963 1450 antem
992 1388 1079 1450 buius
1110 1389 1254 1464 incendii,
1285 1407 1343 1468 quo
1376 1389 1474 1452 virum

266 1474 457 1556 Pythagoram
478 1471 560 1534 exuri
580 1471 725 1545 volebant,
747 1490 781 1533 ac
800 1471 868 1533 belli
889 1473 947 1552 ipsi
959 1472 1167 1552 discipulisque
1182 1473 1245 1536 eius
1259 1473 1328 1535 illati
1343 1475 1473 1536 mentio-

267 1577 336 1621 nem
359 1558 480 1619 'l'zetzes
509 1564 539 1618 et
565 1555 739 1618 lamblichus
761 1557 856 1618 iecere
878 1556 987 1638 l'lzeta.
1010 1556 1130 1618 Chiliad.
1155 1561 1204 1621 11.
1227 1578 1255 1619 ν.
1277 1562 1316 1623 67
1338 1566 1372 1619 et
1391 1577 1473 1639 seqq.

268 1727 419 1800 Quorsum
447 1743 517 1805 erqo
546 1725 615 1788 illud
636 1724 803 1786 incendium
825 1733 856 1786 et
874 1725 992 1799 bobum,
1018 1725 1077 1788 nisi
1098 1726 1166 1806 quia
1186 1744 1236 1788 res
1257 1745 1349 1788 novas
1372 1746 1409 1790 ac
1428 1736 1471 1807 ty-

266 1811 419 1873 rannidem
447 1827 588 1889 usurpare
618 1809 801 1883 moliebatur,
829 1819 888 1883 aut,
915 1819 948 1871 nt
968 1809 1007 1872 ait
1028 1810 1172 1884 Laertius,
1200 1812 1258 1872 boc
1278 1810 1337 1884 alii,
1365 1830 1406 1874 ne
1427 1811 1472 1874 ille

268 1903 525 1966 temereternere
547 1892 710 1956 timebant?
752 1894 813 1956 lam
833 1911 905 1955 vero
927 1893 1144 1957 observavimus
1166 1895 1315 1956 Zenonem
1332 1895 1469 1968 Eleatem,

268 1999 334 2043 cnm
356 1999 373 2042 a
393 1988 515 2059 tyranno
536 1978 672 2058 Demysio
704 1997 758 2040 sen
778 1977 909 2040 Nearcho
932 1979 1127 2042 adoreneum
1148 1979 1265 2059 aliquod
1285 1979 1366 2042 baud
1387 1979 1469 2042 dubie

267 2063 477 2126 coniurationis
492 2063 674 2142 prodendum
689 2063 862 2125 cruciatibus
877 2070 1074 2143 torqueretur,
1097 2063 1225 2144 linguam
1238 2083 1322 2126 suam
1338 2064 1466 2145 expuisse

267 2149 298 2211 in
319 2157 482 2228 tyrannum.
504 2147 595 2208 Nobis
610 2147 727 2226 quidem
742 2165 802 2208 uon
816 2147 885 2209 latet
899 2148 974 2210 haue
987 2148 1076 2209 animi
1090 2149 1288 2210 tortitudinem
1304 2147 1462 2210 Auamma

267 2231 693 2396 sustinuisti
717 2232 1053 2395 ιιιοιυο.
1406 2231 1467 2378 s

268 2401 378 2464 Zenoni
400 2401 491 2462 Elsati
513 2401 689 2462 adscribunt.
719 2401 762 2461 lix
782 2400 819 2463 iis
841 2409 938 2462 autem
959 2421 1035 2464 unus
1057 2410 1104 2463 est
1117 2401 1300 2476 Plutarchus,
1323 2402 1373 2481 qui
1387 2402 1468 2464 testi·

267 2487 369 2548 ticatnr
389 2487 535 2557 Zenonem
556 2485 738 2546 Parmenidis
758 2480 919 2581 γνώριμον
941 2485 1118 2566 discipnlom
1146 2486 1304 2556 (Plutarch.
1326 2486 1377 2550 lib.
1393 2486 1415 2548 1.
1436 2485 1471 2548 ad

269 2571 363 2633 Colot.
387 2589 423 2649 ·p.
448 2572 551 2646 1126.)
584 2569 639 2644 vel,
678 2569 763 2631 sicuti
790 2570 855 2630 alius
888 2577 964 2632 teste
991 2570 1109 2632 Laertio
1138 2571 1256 2650 placuit,
1287 2579 1395 2634 natura
1426 2577 1473 2632 aut

267 2655 425 2735 adoptione
446 2653 548 2727 fllium,
569 2654 656 2716 tantis
677 2654 830 2716 tormentis
852 2653 1020 2734 ailemysio
1041 2663 1163 2755 tyranno
1178 2656 1386 2729 mundatum,
1407 2655 1473 2736 quia

267 2739 391 2802 insidias
412 2737 452 2800 illi
474 2747 634 2818 paraverat.
678 2738 874 2800 Philostratus
896 2757 981 2800 vero:
1016 2743 1130 2824 qumr
1153 2731 1170 2801 ὃ
1192 2735 1345 2824 amima,
1369 2739 1473 2820 inquit,

267 2821 325 2910 τὴν
347 2820 493 2907 Νεάρχου
513 2822 572 2886 τοῦ
594 2819 715 2886 Minoo
736 2818 927 2906 emetienda
946 2817 1122 2907 τυραννίδα
1141 2817 1219 2910 ἥλω,
1241 2823 1295 2888 καὶ
1310 2823 1475 2908 στρεβλω-

267 2909 342 2985 θεὶς
367 2905 444 2984 τοὺς
471 2906 530 2989 μὲν
559 2905 674 2972 ἑαυτοῦ
703 2904 889 2988 ξυνωμότας
918 2899 1169 2993 ἀπεσιώπησεν·
1199 2907 1233 2972 οἳ
1264 2906 1301 2972 dt
1321 2895 1408 2993 ἦσαν
1427 2908 1474 3012 rqi

265 2985 1013 3162 intinniit.‘’titlitttttttlt
1030 2985 1073 3140 t
1095 2985 1326 3160 {iiiiii
1343 2991 1474 3142 atti

267 3155 1475 3329 titt..tint-ttttttittiittntttdttdlttdtti

266 3330 366 3410 pliciis
396 3339 599 3410 torqueretur,
629 3333 725 3394 socios
755 3334 971 3394 munerationis
999 3335 1118 3394 minime
1141 3332 1293 3412 prodidit,
1326 3332 1382 3395 sei
1401 3351 1474 3412 qaas

270 3423 400 3492 tyranno
422 3413 582 3493 fidissimos
604 3426 741 3485 noverat,
764 3415 972 3486 calumniatus,
993 3426 1029 3477 nt
1048 3427 1146 3478 marte
1167 3416 1387 3478 damnarentur
1403 3417 1474 3498 effr-

269 3502 319 3560 cit.
362 3496 432 3578 lpse
458 3508 557 3558 aretem
579 3497 705 3576 Mysiam
730 3499 876 3571 liberabit,
904 3501 1092 3578 tyrannidem
1120 3504 1152 3562 in
1180 3519 1211 3562 se
1237 3504 1336 3581 ipsam
1367 3517 1474 3564 errare

269 3583 384 3662 faciem
418 3579 596 3653 (Philostrat.
617 3581 667 3643 lib.
690 3582 749 3642 Vll.
773 3582 809 3644 de
830 3583 887 3646 vit.
908 3585 1001 3664 hpoll.
1024 3603 1086 3663 cap.
1111 3587 1138 3646 1.
1161 3603 1225 3664 pag.
1248 3587 1344 3662 326).
1390 3584 1472 3647 Cives

270 3666 347 3728 enim
375 3667 449 3728 iacto
475 3665 628 3745 repentino
656 3666 776 3746 impetu,
806 3667 880 3730 sicut
912 3669 952 3730 ait
971 3669 1117 3742 Laertius,
1147 3668 1292 3748 lapidibus
1314 3668 1397 3732 illum
1418 3667 1472 3732 oh-

269 3759 392 3814 ruerunt
412 3749 519 3825 (Laert.
541 3749 591 3812 lib.
613 3749 663 3812 tx.
686 3752 716 3812 in
738 3751 802 3814 Vita
823 3753 949 3815 Zenonis
970 3757 999 3832 y.
1022 3756 1097 3829 27.).
1139 3752 1286 3814 Addamus
1312 3754 1373 3816 boo
1393 3751 1471 3814 latui

269 3835 420 3902 Ciceronis
454 3835 667 3897 testimonium:
704 3835 782 3899 Zeno
811 3837 930 3902 Eleates
960 3855 1123 3919 perpessas
1154 3848 1200 3901 eet
1231 3841 1331 3901 omnin
1359 3842 1470 3920 petias,

270 3941 358 4002 ptam
379 3923 513 3983 consmos
536 3919 673 3983 delendae
694 3923 864 4000 tyrannidis
886 3923 1043 3985 indicaret.
1071 3921 1147 3983 Alibi
1168 3940 1239 3983 vero
1261 3921 1344 3984 ilium
1360 3921 1471 4002 simpli-

270 4005 341 4066 citer
361 4010 394 4068 in
414 4007 570 4068 temnentis
590 4014 728 4068 meconem
747 4006 866 4068 tradidit
886 4005 1063 4080 (dicentib.
1085 4006 1121 4068 ll.
1144 4006 1263 4068 Tuscu.
1284 4025 1315 4086 p.
1330 4009 1402 4072 146.
1422 4006 1470 4068 liu.

270 4091 299 4152 2.
323 4095 353 4150 et
372 4089 421 4150 lib.
444 4089 493 4151 lll.
515 4089 552 4150 de
573 4087 673 4152 Natur.
694 4089 782 4151 θεον.
804 4110 834 4170 p.
856 4093 928 4155 252.
950 4089 999 4152 lin.
1022 4093 1097 4168 at).

353 4172 411 4234 Sed
431 4174 499 4253 quia
520 4173 618 4253 plures
639 4175 767 4236 Zenonis
786 4175 906 4236 nomine
927 4173 1061 4255 appellati
1085 4181 1163 4248 sunt,
1184 4191 1255 4236 non·
1266 4174 1391 4238 minima
1410 4177 1466 4238 ior-

270 4255 344 4318 sitau
366 4257 515 4321 dubitandi
534 4258 608 4321 ratio
630 4267 677 4320 est
696 4267 794 4322 uuum
814 4259 841 4320 is
862 4277 949 4338 quem
970 4259 1166 4322 Tertullianus
1186 4260 1336 4322 Zenonem
1359 4257 1467 4340 siurpli·

271 4338 343 4402 citer
356 4350 512 4422 nuncupat,
532 4343 597 4423 ipss
612 4343 652 4404 sit
664 4342 765 4405 Zenon
779 4343 903 4417 Eleatae,
919 4344 968 4424 qui
982 4344 1100 4424 quidem
1114 4362 1175 4406 non
1189 4344 1296 4406 dicimur
1309 4345 1467 4414 anamma.

270 4421 324 4487 set
343 4423 473 4488 voluisse
498 4427 595 4508 potius
616 4428 785 4490 subvertere
806 4429 997 4508 tyrannidem.
1040 4429 1148 4492 Verum
1168 4428 1344 4509 responderi
1366 4427 1468 4509 poterit

270 4507 351 4572 illam
379 4508 447 4570 dum
474 4511 596 4576 iusidias
624 4521 745 4592 tyranno
773 4513 934 4588 mobeatur,
962 4521 1026 4577 tum
1052 4513 1196 4592 cogitasse
1223 4512 1260 4575 de
1281 4531 1375 4594 regno
1395 4513 1467 4576 illius

267 4593 449 4679 occupando.
477 4593 639 4681 Praeterea,
661 4615 727 4661 cum
748 4616 851 4681 magna
871 4598 959 4663 luerit
979 4599 1017 4662 de
1036 4598 1123 4662 buius
1144 4598 1272 4662 Zenonis
1293 4608 1391 4663 morte
1404 4595 1466 4680 opie

1553 345 1557 398 ι

174 1695 178 1718 ,
267 1642 368 1705 lambi.
390 1642 420 1702 in
442 1641 505 1703 Vita
524 1641 644 1720 Pythay.
667 1659 729 1720 cap.
753 1643 803 1705 35.
827 1648 897 1703 tom.
922 1642 942 1703 l.
964 1642 1099 1720 Apparet.
1120 1659 1187 1722 pay.
1212 1645 1292 1706 1246
1314 1651 1345 1703 ct
1365 1650 1472 1724 seqq).
1560 1681 1561 1715 ,
