3132 5238
457 389 590 434 aucroas
611 389 708 435 esraa
730 391 826 436 saux.
849 391 874 433 v.
897 391 927 434 o.
946 387 976 434 a.
1287 375 1326 441 75

102 537 256 618 persedem
301 539 449 603 Nonnulla
477 549 593 614 tanturn
622 542 726 604 addam
755 542 904 606 coronidis
934 541 996 603 vice
1017 541 1055 604 de
1077 541 1195 624 scriptis
1216 541 1328 623 aliquot

103 623 286 686 Tertulliano
310 625 461 699 subiectis,
483 627 563 706 quod
585 627 672 689 etiam
694 645 755 688 uno
777 628 871 707 capite
892 626 1048 688 absolvam.

626 809 747 874 CAPUT
768 811 805 874 x.

411 929 444 980 [la
462 931 491 981 iis
509 930 587 992 libris,
605 932 646 998 qai
662 932 810 982 Tertulliano
828 933 946 998 suppositi
965 939 1028 982 sunt.

187 1047 254 1107 lam
288 1065 397 1125 supra,
430 1047 517 1110 huius
549 1049 765 1112 dissertationis
799 1051 892 1130 capite
922 1051 1064 1130 septimo,
1096 1049 1323 1112 commemoravi

95 1131 232 1192 libellum
254 1131 292 1192 dc
314 1131 505 1207 Haeresibus,
526 1135 577 1213 qui
597 1135 879 1214 praescriptionibus
900 1135 1039 1198 adversus
1061 1135 1225 1197 haereticos
1247 1134 1324 1197 solet

96 1215 201 1289 adiici,
234 1217 309 1278 lalso
338 1216 427 1278 tribui
449 1218 641 1282 Tertulliano.
686 1220 772 1282 Hunc
798 1220 927 1282 libellum
948 1239 1009 1281 non
1031 1239 1097 1281 esse
1118 1228 1232 1299 partam
1254 1218 1323 1282 libri

96 1301 131 1362 de
141 1301 437 1380 Praescriptionibus
458 1311 648 1382 postremam,
670 1305 744 1366 vidit
764 1305 822 1366 iam
844 1305 940 1384 aliquo
962 1305 1050 1365 modo
1072 1304 1173 1366 lector.
1208 1304 1240 1366 ld
1256 1303 1321 1382 ple·

95 1385 165 1448 nius
195 1386 247 1447 bic
274 1385 493 1450 demonstrabo.
537 1389 669 1450 Primum
697 1389 776 1451 enirn
804 1391 841 1451 de
868 1389 1020 1451 haereticis
1043 1389 1133 1450 multa
1154 1387 1224 1449 dicit
1245 1388 1322 1450 Ter·

95 1471 240 1532 tullianus
268 1471 400 1550 passim,
431 1491 505 1551 quae
532 1473 589 1536 iste
617 1474 763 1553 catalogus
787 1475 865 1536 silet.
909 1475 958 1535 Sic
978 1473 1014 1534 de
1036 1473 1155 1536 ercano
1179 1491 1212 1533 ea
1233 1472 1323 1534 habet

95 1556 131 1616 de
155 1556 394 1618 Resurrectione
416 1556 520 1620 Carnis
543 1577 605 1638 cap.
628 1561 659 1622 2.
682 1577 756 1638 quae
778 1559 809 1620 in
831 1558 961 1637 camlogo
984 1560 1091 1620 trustra
1112 1573 1246 1636 quaeras.
1268 1557 1320 1619 Vi·

95 1641 201 1702 aissina
225 1640 281 1702 iste
309 1642 458 1720 catalogus
481 1661 515 1704 ea
538 1644 574 1704 de
596 1643 752 1704 haereticis
773 1645 901 1722 profert,
924 1661 997 1722 quae
1019 1661 1036 1702 a
1057 1641 1237 1704 Tertulliano
1259 1648 1321 1704 nott
1354 1652 1357 1662 ’

95 1727 189 1789 modo
213 1725 347 1804 ignorata
371 1735 450 1801 sunl,
473 1728 527 1789 sed
542 1747 578 1790 ex
593 1727 764 1790 Tertulliani
779 1728 898 1806 scriptis
912 1727 1046 1788 videntur
1059 1745 1150 1806 posse
1164 1726 1320 1788 contutari.

186 1811 239 1872 Sic
267 1829 343 1890 quae
370 1811 460 1880 babet
486 1821 589 1874 auctor
619 1813 741 1891 catalogi
763 1831 779 1874 a
800 1813 831 1874 S.
854 1811 1008 1892 Epiphanii
1030 1812 1167 1873 Tractatu
1189 1811 1225 1872 de
1246 1811 1320 1872 bae-

97 1895 222 1957 resibus
244 1895 434 1975 deprompta,
465 1897 643 1960 llarcionem
664 1897 775 1960 scilicet
797 1897 928 1978 episcopi
949 1896 1042 1958 luisse
1063 1895 1153 1957 lilium
1175 1903 1206 1957 et
1227 1895 1328 1974 virgi-1

98 1999 171 2041 nem
193 1981 358 2060 quampiam
381 1982 567 2062 corrupisse,
591 1982 819 2055 Tertullianum,
841 1982 890 2061 qui
913 1982 943 2042 id
964 1999 1025 2042 non
1045 1981 1192 2060 potuisset
1213 1989 1320 2054 tacere,

97 2065 216 2143 fugisse
249 2085 382 2128 censeas.
425 2066 504 2128 Haec
535 2086 593 2130 una
624 2067 699 2130 ratio
734 2077 843 2129 tantm
875 2066 936 2127 vim
961 2067 993 2127 in
1020 2085 1055 2127 eo
1078 2065 1196 2143 negotio
1219 2064 1322 2126 babuit

95 2151 175 2229 apud
198 2150 313 2211 clariss.
334 2151 502 2230 Rigaltium,
524 2161 556 2213 ut
579 2171 613 2214 ex
635 2152 714 2214 illius
736 2151 880 2214 sententia
901 2151 970 2212 binc
985 2155 1106 2231 opinari
1121 2150 1217 2220 liceat,
1241 2149 1322 2212 tana

96 2234 270 2314 cataloqmp
292 2235 512 2298 baereticorum
533 2255 595 2299 non
617 2255 680 2300 essa
706 2236 894 2299 Tertulliani.

180 2320 300 2380 atenim
323 2337 384 2382 non
412 2321 500 2382 modo
532 2339 593 2382 non
620 2329 667 2382 est
689 2321 877 2393 Tertulliani,
910 2320 962 2381 sed
984 2337 1022 2381 na
1042 2319 1178 2400 supparis
1201 2319 1319 2397 quidem

98 2403 283 2466 Tertulliano
317 2405 465 2478 auctoris,
499 2407 577 2485 quod
604 2406 739 2486 Philippo
768 2405 886 2468 Labbco
916 2405 1012 2466 visum
1039 2415 1092 2465 est.
1137 2403 1211 2476 Quis
1239 2403 1321 2464 illum

98 2490 228 2550 laudavit
255 2487 413 2552 veterum?
457 2490 530 2563 Quis
553 2489 634 2552 illum
656 2491 829 2570 exscripsit,
851 2489 931 2568 quod
954 2497 1051 2550 tamen
1072 2489 1180 2551 iactum
1201 2489 1320 2561 luisset,
1412 2566 1414 2574 Ι

100 2573 126 2638 si
148 2583 245 2635 tantae
269 2574 374 2636 luisset
394 2573 571 2637 vetustatis?

182 2658 251 2720 Non
284 2677 332 2720 me
362 2659 433 2720 latet
453 2660 678 2739 Hieronymum,
712 2659 738 2721 si
766 2667 795 2722 et
815 2657 940 2738 Rigaltio
969 2665 999 2719 et
1019 2657 1138 2719 Labbco
1161 2657 1318 2731 credimus,

98 2743 183 2805 buius
213 2743 339 2822 catalogi
367 2744 507 2806 nonnulla
533 2745 685 2817 laudasse,
725 2762 791 2805 cum
819 2744 960 2805 adversus
989 2741 1190 2804 Luciierianos
1218 2760 1318 2818 agens,

100 2827 207 2901 Taceo,
232 2828 344 2908 inquit,
368 2830 403 2890 de
425 2828 574 2891 Iudaismi
594 2830 780 2898 haereticis„
794 2832 846 2908 qai
866 2838 935 2889 anta
957 2827 1117 2888 ademtam
1141 2825 1256 2887 Christi
1276 2825 1320 2886 la-

97 2933 158 2990 yem
188 2915 336 2976 traditam
364 2915 569 2994 dissiparant,
598 2915 677 2994 qaod
705 2911 865 2974 Dositlens
894 2911 1157 2974 Samaritanorum
1176 2911 1319 2990 princeps

96 2999 266 3078 propbetas
288 3000 469 3078 repudiauit,
491 2989 547 3060 'etc
593 2997 676 3070 Quae
708 3015 773 3058 cum
806 2994 1008 3074 sequentibus,
1042 2993 1067 3054 si
1088 2991 1210 3073 paucula
1231 2992 1320 3054 verba

100 3083 217 3144 inversa
238 3083 379 3167 excipias,
402 3082 488 3145 basius
511 3081 634 3160 catalogi
655 3081 739 3142 initio
761 3080 906 3159 leguntur.

182 3168 294 3229 Tenum
328 3185 419 3247 super
446 3186 481 3228 eo
510 3174 681 3246 argumento
702 3165 787 3227 aliter
807 3163 994 3226 sentiendum
1016 3179 1084 3224 asse
1105 3161 1225 3241 opinor:
1257 3180 1320 3224 non

105 3251 197 3320 laudat
216 3253 310 3314 uHum
333 3259 483 3314 auctorem
506 3251 693 3314 vetustiorem
709 3251 912 3329 Hieronymus.
941 3247 1032 3327 igitur
1052 3247 1198 3308 iuniorem
1212 3265 1319 3326 quem-

106 3335 179 3415 piam
200 3337 236 3398 ab
259 3337 440 3416 Hieronymo
462 3338 538 3398 banc
557 3337 691 3398 laciniam
713 3343 876 3397 mutuatum
898 3352 964 3394 esse
985 3333 1078 3412 magis
1094 3331 1247 3413 probabile
1262 3341 1317 3407 est,

104 3439 186 3500 quarn
219 3441 236 3483 a
269 3422 423 3484 vetustiori
455 3430 574 3484 auctore
606 3421 815 3500 Hieronymum
852 3419 989 3481 illaudato
1028 3417 1156 3480 auctoris
1188 3417 1317 3483 nomine.

102 3505 246 3585 Quicquid
277 3507 332 3580 sit,
359 3505 428 3567 licet
456 3515 606 3568 auctorem
636 3505 721 3567 huius
750 3505 871 3582 catalogi
893 3511 960 3582 post
979 3502 1189 3583 Hieronymum
1210 3501 1318 3563 vixisse

101 3611 249 3666 censeam,
272 3590 442 3652 nouuuHius
458 3599 504 3652 est
517 3590 615 3671 pretii,
637 3591 817 3668 maiorisque
832 3587 1024 3668 proculdubio
1038 3585 1219 3650 auctoritatis
1231 3603 1319 3663 quam

99 3677 147 3756 qui
178 3676 237 3738 sub
264 3675 475 3738 Praedestinati
504 3675 624 3736 nomine
647 3675 743 3736 editus
764 3673 855 3736 mrrlta
876 3673 965 3736 tradit
985 3690 1059 3751 quae
1081 3669 1185 3733 ceteris
1208 3669 1317 3730 vetari-

101 3761 154 3822 bus
177 3761 299 3841 penitus
320 3761 419 3840 ignota
440 3759 584 3822 videntur.
657 3821 660 3829 ,
1325 3803 1328 3809 ,

184 3846 217 3908 Si
245 3845 407 3908 Pamelium
439 3845 556 3918 audias,
588 3843 783 3906 TertuHianus
804 3860 881 3903 anno
911 3840 1054 3912 CXCVH„
1076 3836 1174 3898 iunior
1195 3834 1316 3909 scilicet,

102 3931 178 3993 varia
200 3931 294 3993 edidit
314 3936 462 4010 poemata,
484 3929 614 3992 Genesin
635 3928 790 4000 nimirum,
814 3939 843 3988 et
864 3926 1038 3996 Sodomam,
1061 3923 1186 3982 Carmen
1208 3919 1244 3982 ad
1266 3939 1316 3982 sa-

107 4025 252 4092 natorem,
285 4016 380 4078 libros
413 4015 540 4094 quinqua
571 4015 713 4076 advorsus
740 4012 917 4074 Marcionem
949 4017 977 4072 et
1008 4007 1116 4069 librum
1148 4005 1186 4067 de
1206 4004 1317 4068 iudicio

110 4097 226 4162 llomini.

187 4185 296 4248 lerum
322 4183 489 4246 immaniter
516 4181 662 4244 aberravit
688 4181 720 4242 in
748 4199 783 4242 eo
815 4185 985 4258 argumento
1017 4175 1173 4236 Pamelius.
1215 4174 1318 4253 Looqe

108 4268 202 4332 sanim
231 4269 386 4350 Rigaltius,
415 4269 465 4348 qui
492 4268 547 4330 bos
575 4267 666 4328 libros
694 4265 725 4326 in
753 4266 891 4344 angulum
912 4260 1013 4324 reiecit
1033 4268 1062 4322 et
1083 4269 1117 4323 ut
1136 4259 1315 4322 Tertulliano

108 4351 237 4435 indignos
260 4359 359 4417 laetus
381 4353 562 4416 abiudicavit

186 4441 281 4516 Certe,
306 4448 339 4502 ut
359 4457 422 4500 non
444 4437 608 4510 observem,
631 4435 769 4506 Genesin,
793 4434 962 4503 Sodomam,
985 4431 1146 4494 etCarmen
1169 4429 1205 4492 ad
1220 4429 1314 4492 Sana.

108 4530 194 4587 torem
221 4527 258 4588 ab
282 4527 351 4606 ipso
372 4522 501 4585 Pamelio
524 4521 666 4602 Cypriano
688 4519 793 4592 tribui,
822 4517 902 4598 quod
930 4534 1032 4578 aarum
1054 4517 1182 4578 incertos
1204 4514 1314 4577 natales

109 4625 161 4672 non
181 4612 276 4693 magis
300 4607 419 4691 probat,
442 4625 529 4688 quam
549 4607 706 4670 mmanem
727 4601 849 4668 Pamelii
870 4609 1034 4698 stuporem,
1057 4619 1094 4666 ex
1114 4599 1161 4662 bis
1182 4597 1316 4661 nonurdli
