3114 5240
234 361 274 426 80
310 378 501 423 nlssnnnanto
518 379 548 422 lN
564 379 610 430 01].
627 379 710 424 SEP'l'.
727 379 812 424 FLOR·
828 379 1022 424 natuturam
1034 377 1261 422 noncon'rlcnu
1277 377 1363 421 cent.

234 537 336 592 contm
357 529 468 592 divinas
490 529 691 609 humanasque
712 531 809 610 leges,
833 530 897 592 sine
918 529 976 597 ulla
999 527 1129 592 criminis
1151 528 1353 601 accusatione,
1383 529 1451 590 sine

235 623 322 688 teste,
345 614 411 676 sine
425 614 545 694 praevio
561 614 647 677 ullius
663 615 905 688 circumstantiae,
927 614 1080 693 temporis,
1102 613 1288 676 consciorum
1305 613 1452 687 examine,
1555 645 1556 674 r

234 699 287 761 sed
316 699 402 760 unico
430 697 548 778 penitus
576 699 705 762 nominis
731 699 910 778 praeiudicio
939 697 1174 761 condemnaturi
1215 698 1327 760 Plinius
1349 697 1452 778 itaque

233 783 289 846 hac
316 783 457 845 iniustitia
485 791 636 862 permotus
666 783 822 847 Traianum
850 784 1057 863 imperatorem
1085 782 1277 863 interrogavit
1306 782 1377 862 quid
1411 782 1452 844 de
1552 813 1556 846 r

234 867 425 942 Christianis,
458 867 566 930 nulhus
593 869 679 948 plane
709 879 825 948 praeter
858 867 1033 930 obstinatam
1061 867 1093 930 in
1113 867 1166 929 nei
1189 876 1218 930 et
1238 865 1349 928 Christi
1370 867 1453 929 cultu
1553 917 1554 920 ,

234 971 345 1033 suaque
367 951 519 1032 disciplina
533 953 740 1032 perseverandi
756 953 933 1016 voluntatem
956 953 1088 1015 criminis
1102 961 1154 1014 aut
1180 951 1278 1014 delicti
1305 951 1452 1014 convictis
1555 1015 1556 1022 ,

233 1038 378 1118 agendum
399 1045 487 1100 esset
531 1037 590 1100 Sed
611 1037 722 1100 nullum
744 1037 822 1100 ahud
842 1037 878 1100 ab
900 1038 950 1099 illo
972 1055 1149 1116 responsum
1171 1036 1292 1116 accepit,
1314 1036 1373 1098 nisi
1396 1055 1453 1098 eos
1555 1079 1556 1104 ,

234 1141 294 1184 non
322 1141 388 1184 esse
416 1121 624 1201 inquirendos,
657 1122 710 1185 sed
738 1123 853 1184 oblatos
881 1121 1025 1185 indicibus
1052 1121 1151 1202 puniri
1177 1129 1325 1200 oportere.
1368 1121 1452 1194 Quid

234 1215 342 1282 autem,
365 1206 550 1287 obsecrate,
571 1207 702 1286 iniquius
725 1226 759 1268 ca
779 1207 853 1286 lege,
875 1225 949 1286 qnae
964 1205 1158 1280 Christianos,
1179 1214 1281 1286 utpote
1302 1205 1452 1268 innocen-

233 1301 288 1366 tes,
310 1299 389 1354 vetat
409 1291 527 1370 inquiri,
551 1301 580 1354 et
601 1301 737 1370 tanquam
759 1299 899 1354 nocentes
922 1290 1110 1354 condemnari
1131 1290 1273 1370 praecipit
1293 1289 1453 1370 (cap-W
1553 1327 1556 1358 a

317 1376 361 1440 Ad
385 1376 457 1440 haec
477 1394 566 1451 vero,
593 1377 699 1440 divinis
721 1376 914 1456 humanisque
935 1375 1049 1454 legibus
1071 1384 1188 1440 cautum
1209 1383 1271 1448 est,
1298 1393 1336 1436 ne
1359 1375 1452 1441 ullius

234 1459 390 1524 cuiuslibet
410 1459 547 1524 criminis
563 1479 641 1536 reus
655 1462 713 1524 ulla
734 1479 862 1540 unquam
882 1469 1069 1540 torqueretur
1090 1469 1141 1524 aut
1161 1477 1257 1540 poena
1277 1468 1328 1522 aut
1354 1477 1452 1539 quae·
1551 1499 1556 1538 ,

233 1547 341 1620 stione,
358 1545 417 1606 nisi
437 1553 470 1607 ut
491 1545 601 1608 scelera
622 1565 675 1607 sua
697 1547 896 1608 confiteretur.
938 1547 975 1606 At
996 1545 1153 1607 Christiani
1175 1564 1191 1606 e
1213 1543 1359 1606 conumio
1382 1545 1452 1608 dis·
1555 1565 1556 1604 r

235 1629 453 1704 cruciabantur,
485 1638 517 1691 ut
539 1649 588 1703 ea,
610 1649 737 1710 quornm
759 1630 889 1694 accusari
911 1629 1062 1702 solebant,
1085 1628 1222 1703 crimina,
1246 1647 1337 1708 seque
1358 1627 1450 1689 Chri·
1552 1673 1556 1712 ,

234 1714 346 1776 stianos
368 1733 435 1775 esse
453 1721 606 1792 negarent.
649 1713 691 1776 lle
712 1715 777 1777 solo
799 1713 1139 1794 itaqneChristianornm
1161 1713 1281 1775 nomine
1302 1711 1449 1792 proelium

235 1808 306 1860 erat
350 1797 386 1860 Et
406 1807 485 1860 certe
507 1816 581 1877 quae
602 1817 618 1859 a
639 1799 784 1862 iudicibus
806 1800 842 1861 de
863 1799 967 1866 tabella
994 1799 1134 1862 adversus
1157 1817 1211 1861 ens
1233 1795 1449 1878 pronuntiaba-
1553 1841 1556 1879 ,

235 1892 283 1944 tur
305 1881 459 1955 sententia,
482 1883 594 1944 omisso
616 1883 745 1946 cuiusvis
766 1883 897 1945 criminis
919 1883 1030 1963 elogio,
1053 1883 1126 1945 nibil
1147 1883 1225 1945 aliud
1245 1881 1366 1956 ferebat,
1387 1883 1464 1944 nisi‘

236 1967 419 2030 Christianos
448 1966 588 2028 damnari.
630 1967 668 2030 ,lt
694 1968 802 2030 ethnici
829 1977 889 2030 tum
917 1968 948 2029 in
976 1968 1150 2030 sacratiores
1171 1967 1251 2047 leges
1273 1987 1309 2028 en
1331 1967 1453 2046 gravius

234 2052 402 2132 peccabant,
424 2069 483 2130 quo
504 2052 622 2132 saepius
644 2052 808 2116 fatebantur
834 2061 931 2114 castos
955 2061 1128 2132 sanctosque
1151 2071 1218 2115 esse
1239 2070 1338 2113 mores
1361 2051 1452 2114 Chri·
1553 2095 1556 2132 ,

235 2137 408 2210 stianorum,
438 2154 549 2215 eosque
576 2136 626 2215 qui
652 2155 687 2198 cx
716 2137 778 2198 suis
800 2136 956 2215 gentilibus
977 2137 1153 2199 christianae
1174 2135 1242 2200 lldei
1263 2155 1372 2198 nornen
1394 2137 1454 2198 da-

234 2222 322 2295 bant,
352 2220 416 2283 lieri
444 2239 562 2300 semper
588 2221 734 2283 meliores.
779 2219 984 2284 Verumtamen
1012 2239 1073 2282 non
1094 2222 1203 2284 minori
1225 2221 1397 2284 crudelitate
1419 2221 1454 2282 in

235 2307 293 2368 llos
324 2306 506 2385 neophytos,
537 2324 624 2386 quam
651 2307 682 2368 in
704 2314 818 2375 ceteros
842 2325 960 2380 omncs,
993 2305 1032 2368 nb
1053 2314 1234 2387 assumptum
1256 2306 1455 2368 christianum

236 2409 344 2453 nomen
367 2389 544 2452 saeviebant

319 2476 356 2538 Aa
388 2474 490 2548 nohis,
523 2473 694 2554 inquiebant
725 2475 852 2549 ethnici,
886 2475 1023 2554 displicet
1048 2475 1177 2537 auctoris
1205 2495 1307 2538 eorum
1328 2493 1452 2536 nomen.

237 2559 314 2634 Quid
348 2578 434 2638 ergo,
465 2560 626 2638 respondet
648 2560 859 2633 'l'ertulhanus‚
891 2559 988 2630 odiosi
1021 2560 1144 2622 subesse
1166 2568 1264 2639 potest
1285 2559 1316 2622 in
1338 2560 1453 2622 Christi

234 2642 379 2706 nominet
421 2641 524 2705 Nonne
547 2661 581 2705 ex
603 2644 742 2706 suavitate
763 2643 1008 2723 relhenignitate
1029 2645 1148 2709 dumtrm
1170 2643 1238 2706 esti
1269 2644 1346 2718 Quid
1361 2645 1454 2707 etiam
1555 2701 1556 2724 ,

236 2730 267 2790 in
288 2729 338 2790 illo
360 2729 451 2809 magis
473 2727 542 2790 odio
564 2727 700 2807 dignum,
722 2747 810 2808 quam
831 2729 950 2808 inipso
972 2729 1233 2809 philosophorum,
1254 2729 1452 2800 medicorum,

236 2833 398 2894 coquorum
420 2813 549 2887 nomine,
581 2813 756 2875 transmisso
778 2813 813 2874 ab
836 2813 1003 2876 auctoribus
1025 2813 1088 2875 suis
1110 2826 1139 2876 et
1160 2812 1196 2875 ab
1218 2813 1282 2875 aliis
1304 2813 1457 2893 accepto?¹

235 2899 349 2961 Nullius
379 2898 505 2977 denique
533 2907 630 2960 sectae
656 2916 766 2960 nomen
793 2899 901 2960 malum
925 2907 974 2961 ant
995 2897 1119 2960 inrisum
1140 2898 1232 2959 videri
1255 2898 1356 2972 debet,
1389 2899 1453 2960 nisi

235 2984 319 3064 prius
340 2983 409 3062 quid
431 2983 460 3044 in
483 2983 545 3062 ipsa
561 2991 639 3044 secta
653 2983 722 3044 mali
736 2983 785 3056 sit,
807 2989 888 3044 certo
903 2981 1093 3062 dignoscatur
1107 2993 1137 3044 et
1150 2982 1294 3064 probetur
1308 2979 1380 3062 (cap.⁴
1393 2985 1452 3056 3.).
1555 3045 1556 3066 1

320 3067 468 3148 Urgebant
489 3066 597 3130 ethnici
618 3087 651 3128 se
672 3067 780 3146 legum,
803 3067 839 3128 ab
861 3067 1088 3148 imperatoribus
1109 3066 1244 3140 latarum,
1266 3065 1450 3147 praescripto
1555 3075 1556 3148 ,

236 3152 273 3215 ad
301 3152 449 3213 vexandos
463 3151 680 3231 ‘tollendosque
703 3151 884 3214 Christianos
913 3151 1016 3213 teneri.
1060 3152 1169 3214 Verum
1194 3171 1319 3230 prorsus
1349 3151 1453 3230 inepta
1555 3153 1556 3164 ¹

238 3245 293 3307 est,
317 3235 412 3313 inquit
434 3235 647 3305 Tertullianus,
669 3237 741 3298 haec
761 3237 898 3316 inceptio.
942 3235 1035 3298 Nemo
1058 3236 1137 3300 enirn
1158 3236 1216 3300 nlla
1238 3237 1348 3300 iniusta
1369 3235 1452 3297 obli-

237 3329 322 3398 gatur
352 3319 432 3398 lege,
466 3337 540 3399 quae
572 3327 622 3382 aut
642 3320 752 3382 bonum
784 3320 923 3400 prohibet
953 3329 1003 3384 aut
1030 3321 1162 3401 iniquum
1184 3321 1293 3400 aliquid
1314 3321 1454 3400 imperat.
1555 3385 1556 3398 ,

236 3405 323 3483 Atqui
345 3404 416 3466 tales
439 3412 522 3466 erant
543 3404 671 3467 sancitae
691 3405 722 3467 in
738 3405 920 3468 Christianos
940 3405 1030 3486 leges.
1073 3406 1188 3468 lnllcias
1209 3414 1359 3484 praeterea
1380 3407 1454 3470 eth-

238 3489 296 3551 nici
313 3488 356 3552 ire
384 3507 444 3551 non
465 3497 611 3568 poterant,
632 3488 732 3568 plures
753 3509 771 3551 a
792 3490 873 3563 suis,
899 3489 1021 3570 aliisque
1041 3488 1275 3569 legislatoribus,
1305 3491 1456 3554 humanae

237 3573 398 3636 infirmitati
420 3571 566 3646 obnoxiis,
589 3573 681 3647 datas,
703 3593 777 3654 quae
798 3575 930 3653 quidem,
949 3575 1016 3654 quia
1037 3575 1117 3638 visae
1129 3585 1199 3638 sunt
1212 3587 1263 3638 aut
1276 3575 1382 3638 noxiae
1400 3587 1455 3638 aut

237 3658 366 3733 inutiles,
389 3657 425 3721 ab
447 3657 511 3720 aliis
533 3659 722 3739 postmodnm
745 3659 924 3733 emendatae,
946 3668 1106 3734 tmncatae,
1128 3660 1285 3740 abrogatae
1305 3659 1454 3723 luerunt?
1555 3663 1556 3670 ’

237 3745 341 3808 Nonne
371 3743 449 3806 enim
477 3743 556 3822 legas
583 3743 708 3823 Lycurgi
729 3763 745 3806 a
767 3744 1021 3818 Lacedaemoniis,
1051 3763 1151 3806 nonne
1182 3745 1262 3824 leges
1283 3743 1393 3825 Papiae
1414 3746 1456 3808 de

238 3829 433 3908 suscipiendis
454 3828 556 3890 liberis
578 3847 595 3888 a
618 3829 728 3890 Severo
750 3828 927 3908 imperatore
960 3838 1010 3892 aut
1036 3837 1186 3892 correctae
1213 3837 1264 3891 aut
1284 3829 1455 3909 antiquatae
1477 3856 1483 3868 ¹

238 3914 330 3976 sunt‘l
373 3913 478 3976 Nonne
504 3913 552 3975 len
580 3913 615 3975 d'e
643 3913 838 3976 creditoribus
868 3914 900 3974 in
927 3921 1025 3992 partes
1047 3913 1182 3979 secandis
1203 3913 1353 3978 immutata
1373 3914 1456 3978 fuist

237 3997 298 4060 Nec
318 3996 426 4060 mirum
446 3998 573 4078 quidem.
617 3997 774 4060 Enimvero
797 4015 893 4076 neque
915 4007 1058 4072 vetustas,
1084 4017 1181 4079 neque
1202 3999 1331 4062 auctoris
1353 3999 1456 4078 digni-

238 4089 302 4153 tas,
325 4082 379 4144 sed
399 4084 530 4162 aequitas
553 4082 616 4144 sola
637 4081 716 4161 leges
739 4082 933 4148 commendat.
976 4083 1060 4146 Nulla
1080 4101 1150 4146 vero
1174 4101 1302 4163 unqumn
1322 4083 1458 4164 iniquior

238 4165 301 4240 luit,
323 4184 410 4245 quarn
431 4167 489 4241 illa,
511 4185 585 4248 qnae
600 4165 793 4241 Christianos,
816 4165 854 4230 ob
876 4185 963 4230 suum
983 4167 1124 4232 duntaxat
1143 4185 1263 4243 nomen,
1284 4187 1340 4231 nec
1353 4169 1458 4232 audita

239 4269 337 4324 causa,
359 4251 547 4314 condemnari
568 4250 687 4314 iubebat
708 4253 782 4332 (cap.
798 4256 852 4329 4.).

324 4335 472 4408 Quantum
501 4337 578 4399 enim
607 4355 667 4398 non
694 4335 784 4399 modo
811 4355 885 4398 nora
914 4345 944 4398 et
964 4334 1089 4411 iniusta,
1116 4337 1170 4401 sad
1193 4339 1280 4402 etiam
1301 4337 1457 4418 tyrannica

238 4419 293 4494 sit,
321 4419 389 4482 inde
412 4419 607 4484 Tertrdlianus
621 4422 825 4495 demonstrat,
853 4420 920 4501 quia
942 4419 1095 4497 Tiberius,
1127 4441 1185 4502 quo
1206 4431 1347 4503 regnante
1369 4422 1454 4486 cbri-

239 4504 368 4568 stianum
399 4521 508 4568 nomen
534 4507 711 4586 pervarias
738 4507 839 4572 mundi
866 4514 966 4586 partes
987 4505 1176 4570 disseminari
1195 4507 1309 4588 coepit,
1342 4507 1455 4570 auditis

239 4589 347 4654 Christi
367 4589 532 4656 miraculis*
551 4610 618 4656 cunr
640 4591 763 4656 deorum
784 4606 907 4658 numero
931 4589 1024 4656 voluit
1044 4591 1180 4656 adscribi.
1225 4593 1313 4666 Quod
1333 4592 1457 4674 quidem
