3036 5230
504 377 638 424 aucronn
659 377 721 424 ron.
733 337 829 424 ¹sarri.
1217 363 1279 429 700

44 537 83 590 et
105 525 328 600 imbecillitatis,
350 527 539 607 stupiditatis,
561 528 785 610 superstitionis
807 529 839 590 in
860 529 963 602 altero.
1007 528 1160 592 Sententia
1179 529 1280 612 iniqua

47 619 104 674 cst
125 619 286 690 propterea
308 612 388 691 quod
409 613 512 674 Patres
535 614 654 682 damnat
674 614 712 675 ob
735 614 819 687 vitia,
847 631 923 693 quae
944 630 1005 674 non
1026 613 1196 687 hominum,
1225 615 1280 678 sed

47 696 163 758 aetatis
185 705 271 758 sunt:
303 695 390 756 Plinii
412 697 533 760 maioris
556 707 586 759 et
606 699 694 760 llarci
714 697 856 760 Antonini
884 716 945 759 non
971 697 1070 758 minus
1093 716 1180 776 quarn
1201 699 1278 762 Ter·

47 777 183 842 tulliani.
227 779 338 842 Dente
359 779 459 859 iniqua
481 791 529 842 est
548 790 706 860 propterea
729 783 808 860 quod
831 781 880 862 qui
902 781 945 843 sic
966 780 1095 844 iudicant
1116 780 1146 840 in
1160 782 1281 846 Patrem

47 882 165 938 causa,
200 863 230 925 in
252 863 317 926 aliis
340 864 440 926 musis
461 866 545 928 aliter
566 866 704 928 iudicant.
750 865 891 938 Quamvis
913 865 991 928 enim
1013 865 1171 927 l'enelenis
1192 864 1279 946 inge·

47 946 141 1010 nium
163 948 244 1020 mite,
267 948 391 1010 amabile
412 967 447 1010 ac
467 949 593 1030 politum
614 967 785 1029 comparare
807 950 899 1012 nolim
921 967 988 1010 cum
999 948 1172 1010 Tertulliani
1193 969 1279 1012 acer·

48 1032 168 1106 bitate,
196 1033 302 1094 ardore
333 1033 562 1111 asperitateque,
584 1042 635 1095 aut
655 1033 782 1096 feminae
805 1033 1014 1096 celeberrimae
1037 1033 1140 1112 Guyon
1163 1034 1280 1096 somnia

12 1171 13 1200 ,
49 1116 240 1178 contendere
261 1135 327 1178 urm
342 1117 473 1178 Monuni
495 1117 618 1197 eiusque
633 1119 889 1199 prophetissarum
903 1116 1159 1190 alucinationibus,
1183 1127 1281 1180 tamen

50 1201 118 1262 hoc
140 1199 198 1262 dici
219 1208 335 1280 potest,
359 1199 516 1263 Teneionis
540 1202 669 1264 studium
691 1221 791 1265 rerum
814 1203 1002 1283 mysticarum
1024 1201 1151 1282 prodere
1172 1203 1280 1264 menda

12 1345 13 1366 ,
50 1283 207 1362 quandam
227 1283 466 1360 imbecillitatem,
488 1285 580 1364 gradu
602 1287 695 1366 magis
717 1305 805 1366 quam
827 1305 935 1364 genere
956 1286 1172 1365 discrepantem
1194 1285 1230 1349 ab
1246 1305 1281 1350 ea

50 1385 135 1446 quae
158 1367 372 1430 Tertullianum
392 1369 507 1431 induxit
527 1370 562 1431 ad
585 1371 813 1434 llontanismum
835 1369 1057 1432 admittendum.
1087 1369 1189 1450 Neque
1209 1389 1280 1432 vero
1397 1423 1399 1430 .

51 1458 184 1532 propter
204 1452 281 1514 banc
299 1451 458 1514 Fenelonis
481 1454 708 1516 imbecillitatem
731 1455 796 1516 eius
819 1455 913 1517 libros
935 1453 1126 1533 repudiamus
1142 1463 1281 1534 unquam

51 1535 230 1614 cognitione
260 1536 381 1598 omnino
409 1537 557 1617 indignos,
587 1547 638 1600 aut
655 1539 713 1601 boc
740 1541 812 1601 satis
840 1557 946 1601 causae
973 1555 1042 1599 esse
1069 1547 1207 1616 putamus
1229 1555 1281 1600 cur

53 1620 125 1681 eius
148 1619 259 1698 ingenii
281 1630 311 1681 et
332 1621 481 1682 scribendi
502 1623 712 1701 praestantiam
740 1624 771 1684 in
800 1623 920 1686 dubium
949 1639 1102 1684 vocemus:
1139 1623 1282 1684 miramur

12 1689 14 1788 ἶ
54 1711 89 1764 et
116 1703 252 1765 dolemus
281 1723 390 1766 novum
420 1707 480 1767 hec
506 1706 683 1769 infirmitatis
713 1707 857 1768 humanae
891 1706 1072 1785 exemplum,
1109 1706 1164 1768 sed
1191 1705 1307 1767 Tele.

56 1788 198 1848 macbum
220 1807 286 1849 cuna
308 1789 403 1850 iruetu
431 1799 461 1850 et
482 1790 677 1853 oblectatione
705 1792 802 1870 legere
824 1791 986 1871 pergimus.
1031 1789 1153 1852 Utamur
1175 1789 1297 1864 eodem,
1351 1829 1356 1842 .

55 1871 153 1933 animi
175 1871 302 1933 caudore
325 1881 354 1934 et
375 1873 475 1936 iudicii
498 1869 621 1936 sanitate
643 1876 674 1936 in
687 1876 809 1938 Patrem
825 1893 927 1937 causa:
950 1891 1124 1952 separemus
1141 1873 1281 1947 triticum,

57 1965 93 2016 ut
116 1955 214 2027 aiunt,
242 1976 259 2017 a
280 1955 379 2035 palea,
408 1975 483 2020 neae
505 1959 610 2022 codem
632 1960 769 2024 incendio
791 1968 949 2038 utrumque
972 1957 1132 2036 deleamus.
1175 1957 1282 2018 lilirum

56 2040 142 2101 dictu
157 2039 250 2100 rideri
271 2048 382 2119 potest,
404 2059 500 2120 neque
522 2051 620 2104 tamen
642 2043 741 2105 minus
764 2052 810 2106 est
824 2061 935 2114 verum,
959 2059 1046 2120 quem
1062 2043 1187 2103 fructum
1204 2041 1280 2102 Ter-

12 2111 15 2148 ³
59 2123 174 2184 tulliani
196 2123 305 2202 scripta
328 2125 493 2204 theologiae
514 2127 650 2188 studioso
673 2128 843 2206 praebeant,
866 2126 930 2188 eius
952 2143 1087 2206 magnam
1109 2134 1223 2204 partem
1246 2141 1282 2184 ex

12 2283 15 2293 ι
57 2207 140 2286 illius
163 2207 315 2269 erroribus
337 2209 428 2271 nasci.
472 2210 526 2272 Ubi
540 2211 719 2274 blontanista
740 2215 832 2274 lamus
856 2218 912 2283 est,
934 2210 993 2271 hoc
1014 2210 1075 2288 egit
1096 2218 1128 2270 ut
1149 2225 1281 2290 expone·

12 2295 15 2321 '
57 2299 105 2352 ret
126 2291 152 2352 si
174 2291 245 2369 quid
265 2292 332 2354 lalsi
355 2293 386 2355 in
407 2295 540 2356 moribus
563 2303 593 2357 et
614 2296 769 2376 disciplina
791 2294 932 2357 ecclesiae
960 2311 1030 2354 esse
1061 2301 1194 2372 putaret:
1231 2290 1281 2364 ita,

59 2375 130 2436 licet
156 2376 243 2454 paulo
272 2376 395 2450 tectius,
430 2379 589 2440 edocemur
610 2381 660 2458 qui
681 2381 792 2442 luerint
814 2379 854 2440 illi
876 2395 995 2450 mores,
1017 2395 1093 2456 quae
1115 2375 1281 2456 disciplina,

58 2467 91 2519 et
114 2477 148 2518 ea
169 2459 387 2537 cognoscimus,
409 2481 494 2539 quae,
516 2463 574 2524 nisi
596 2464 622 2525 is
643 2465 680 2524 eb
703 2463 826 2526 ecclesia
848 2461 1039 2534 secessisset,
1062 2479 1098 2522 ex
1120 2461 1184 2522 eius
1207 2477 1281 2538 epe-

59 2541 144 2602 ribus
166 2541 213 2602 vix
234 2542 483 2621 percepissemus.
529 2546 566 2606 Ut
586 2546 667 2608 brevi
689 2547 872 2627 praecidam,
896 2545 958 2605 sive
982 2543 1185 2604 testimonium
1208 2559 1284 2602 con·

58 2625 226 2688 sideramus
249 2626 362 2687 raritati
390 2635 421 2687 et
440 2628 600 2705 integritati
622 2629 697 2690 Novi
720 2629 901 2692 Testamenti
923 2647 939 2687 a
963 2627 1144 2688 Tertulliano
1171 2625 1284 2686 dictum

13 2719 14 2746 ³
60 2710 126 2770 sire
148 2707 346 2789 cognitionem
370 2710 607 2785 cerimoniarum,
630 2713 813 2791 disciplinae,
837 2709 1039 2772 doctrinarum
1062 2707 1203 2769 ecclesiae
1217 2706 1282 2785 pri-

60 2793 189 2865 mitivae,
212 2793 384 2856 Tertulliani
407 2794 515 2873 scripta
537 2795 698 2875 principem
727 2795 873 2875 que'ndana
902 2794 1000 2853 locum
1028 2791 1213 2854 obtinentin
1234 2789 1284 2850 illa

62 2876 230 2939 traditionis
259 2878 347 2956 quasi
371 2885 490 2951 catenm
523 2889 597 2957 quae
625 2887 750 2942 aetatem
778 2876 970 2960 apostolicam
993 2894 1060 2937 cum
1082 2883 1185 2935 nostra
1207 2891 1282 2935 oon·

62 2961 162 3023 nectit
436 2985 439 2990 ·
498 2983 501 2989 ’

145 3043 277 3106 Fuerunt
298 3045 346 3124 qui
369 3045 541 3106 Tertulliani
565 3064 655 3125 opera
685 3047 789 3108 ordine
812 3043 1023 3122 chronologico
1046 3041 1206 3120 disponere
1228 3057 1282 3100 co-
1363 3111 1368 3120 ,

62 3139 204 3190 narentur
218 3129 247 3202 ⁸3
273 3129 351 3207 qued
374 3148 432 3209 quo
455 3148 598 3196 successe
619 3129 761 3204 iecerint,
784 3128 906 3192 iudicari
927 3133 1028 3207 potest
1050 3145 1087 3187 ex
1109 3123 1285 3203 opinionum

12 3225 13 3258 t
62 3211 241 3285 diversitate,
269 3231 344 3291 quae
367 3213 558 3275 obtinuerunt
579 3213 657 3275 inter
677 3213 758 3276 viros
779 3215 885 3274 doctos
908 3210 944 3272 de
973 3218 1107 3289 tempore
1135 3207 1223 3269 unius
1245 3206 1284 3267 li-

62 3295 120 3368 bri,
141 3295 191 3374 qui
212 3296 384 3358 inscribitur
405 3296 565 3358 de‘Pallio.
609 3297 822 3360 Tertullianum
845 3305 942 3374 togam
964 3293 1127 3354 llomanam
1148 3307 1284 3353 commu-

12 3393 13 3430 t
63 3389 145 3440 tasse
172 3387 295 3458 apparet
327 3398 393 3442 cum
421 3380 525 3458 pallio,
562 3383 652 3461 qnod·
671 3382 843 3461 gestabatur
870 3399 887 3440 a
910 3378 1028 3440 Graecis
1058 3383 1087 3438 et
1114 3374 1150 3436 ab
1173 3375 1210 3437 iis
1233 3371 1285 3452 qui

12 3481 13 3486 ¹
64 3462 310 3545 philosophorum
333 3483 441 3526 nomen
463 3466 645 3528 affectarent.
688 3467 769 3530 llaec
795 3463 887 3528 vesus
915 3459 1104 3526 commutatio
1128 3477 1219 3539 quum
1239 3456 1285 3518 ri-
1373 3509 1378 3516 .
1487 3519 1494 3546 Ι

99 3698 122 3748 k·
139 3698 190 3756 0⁰⁰
210 3697 374 3761 molluscum
392 3699 422 3749 de
432 3699 572 3749 Tertulliani
588 3701 651 3760 aori·
771 3687 774 3696 ’
1173 3689 1200 3738 Α.
1218 3687 1246 3736 l).

65 3765 112 3828 ptis
130 3763 231 3812 dicimus
257 3765 428 3824 intelligantur,
452 3773 560 3828 tempora
579 3781 650 3828 prae-
701 3766 785 3815 Severi
803 3780 816 3815 a
833 3763 899 3812 bello
917 3761 1008 3810 reditus
1044 3793 1050 3808 .
1085 3791 1091 3805 .
1127 3754 1185 3805 20³.

65 3832 189 3892 cipporum
206 3829 253 3878 arab
270 3829 350 3879 Severi
364 3843 438 3890 regno
456 3840 593 3881 eventorum
612 3833 650 3880 in·
701 3831 837 3882 celebratio
861 3829 973 3878 ludorum
1004 3824 1115 3874 uocula-

12 3909 13 3918 ’
65 3897 181 3954 scrinea,
208 3896 241 3945 ita
265 3904 292 3944 ot
311 3895 439 3945 constituta
462 3905 518 3946 aunt
542 3897 649 3948 obena-
735 3900 797 3948 riom
833 3923 1093 3948 .......
1128 3886 1185 3937 204.

66 3961 160 4012 dictinio
178 3961 201 4010 in
220 3976 294 4025 opera
311 3962 467 4012 doctissimo:
485 3963 550 4014 L'art
567 3964 597 4013 da
608 3967 649 4014 ri·
701 3965 838 4014 Plautianus
856 3962 886 4011 ad
904 3967 1006 4009 mortem
1024 3957 1110 4007 doctos
1127 3947 1291 4004 totautto5·

67 4029 131 4078 risser
147 4028 183 4078 lea
200 4027 277 4078 dataa.
701 4030 795 4079 llellurn
812 4027 973 4079 Britannicum
1002 4057 1008 4072 .
1044 4057 1051 4071 .
1086 4057 1093 4070 .
1128 4019 1186 4070 208.

537 4095 564 4146 l.
583 4096 611 4146 ll.
701 4096 794 4146 Volture
812 4111 825 4145 a
843 4096 931 4144 Severo
949 4097 1094 4140 exouuetnm
1129 4085 1187 4136 210.
1220 4091 1225 4098 ’

68 4161 159 4212 Initium
176 4161 243 4224 l'kssill
262 4161 342 4211 sewi
365 4195 373 4211 ι
408 4197 414 4212 .
450 4197 457 4212 .
494 4161 550 4212 193,
702 4163 781 4214 Semi
800 4175 867 4211 mon
915 4191 923 4209 ,
959 4193 966 4206 ,
1002 4189 1051 4236 ,.,
1086 4189 1092 4203 ,
1128 4152 1186 4202 ⁹2¹¹·

68 4225 230 4289 Νι80111008
278 4261 286 4278 ·
321 4233 329 4277 ἑ
363 4262 372 4278 ·
407 4263 414 4278 ·
448 4264 454 4278 ·
492 4227 550 4292 195.
702 4227 825 4280 Caracalla
845 4234 916 4277 natos
959 4258 967 4274 .
1002 4257 1008 4270 .
1045 4257 1051 4270 .
1087 4257 1093 4271 .
1131 4218 1186 4269 188.

68 4295 166 4358 nimbi
185 4295 327 4357 ⁹¹T⁰l⁰⁸ll⁰
364 4329 370 4342 ·
405 4329 412 4342 ·
448 4329 455 4344 ·
492 4295 549 4346 190.
760 4321 773 4332 -
843 4294 933 4344 Ceasar
950 4288 1086 4360 appellatus
1131 4285 1186 4336 106.

67 4361 142 4412 Albini
160 4361 242 4412 eilde!
277 4394 454 4411 .....
492 4362 549 4412 197,
763 4385 775 4398 -
844 4361 964 4420 Ausum
1016 4379 1029 4392 .
1087 4383 1094 4399 ,
1130 4351 1186 4402 198,

69 4427 187 4479 Curculio
197 4427 292 4491 imperii
302 4427 384 4477 occino
393 4441 489 4478 aasnm-
702 4428 761 4478 (tara
777 4436 850 4476 usaue
876 4454 1095 4474 ,,,,,,
1131 4419 1187 4468 189,

25 4485 32 4498 ⁸
102 4503 154 4558 9²⁰⁸
192 4527 454 4546 ·······
492 4493 548 4545 188.
618 4504 628 4522 ·
735 4519 749 4532 -
783 4494 873 4542 casm
889 4488 1050 4554 appellatus.
1086 4523 1093 4537 .
1130 4485 1187 4534 108.

68 4560 138 4611 allon
156 4559 292 4612 Partbicum
346 4597 354 4613 .
388 4549 408 4612 .’
444 4594 452 4613 .
488 4561 545 4612 108.
735 4583 750 4598 ·
782 4559 903 4623 lngaatna
935 4579 950 4596 ·
1002 4587 1016 4606 .
1044 4589 1052 4606 .
1087 4587 1094 4603 .
1129 4549 1190 4602 208.
