3144 5236
488 349 621 394 sacroue
643 349 702 394 mc.
724 351 761 394 ns
783 351 910 396 senaar.
1249 335 1312 400 233

115 499 174 562 tales
201 498 380 572 (Tertullian.
411 499 565 579 Apologet.
599 518 663 578 cap.
686 503 762 578 22.)
805 501 837 562 ln
873 501 1022 580 superiori
1056 509 1154 563 autem
1187 500 1312 563 articulo
1376 535 1380 542 ·

114 583 200 644 boun
226 583 351 645 uelimus
379 583 417 644 de
445 584 553 646 Samos
581 589 821 658 salamantino,
853 593 887 646 ut
908 586 973 664 ipse
995 585 1045 658 ait,
1078 586 1261 665 Angelorum
1283 595 1312 648 et

112 667 282 745 Arciaugsle,
320 666 399 746 quod
428 685 444 728 a
472 668 534 728 ileo
564 667 653 732 labere·
677 668 803 730 arbitrii
829 674 1013 732 constitutus
1042 674 1091 740 stt,
1118 679 1154 732 ut
1181 673 1311 748 spiritus

110 749 185 821 (ldem
205 751 253 811 lib.
275 751 312 812 tt.
340 751 455 813 advers.
477 751 617 813 Marcion.
641 771 705 832 cap.
729 756 782 829 7.).
827 753 939 815 Omnes
966 771 1037 815 vero
1065 753 1204 832 Angelos,
1233 752 1311 814 siout

108 833 147 894 ille
169 833 258 896 adhuc
287 834 391 896 scribit
423 835 508 909 (ibid.
531 835 581 896 lib.
605 836 655 896 lll.
679 855 741 916 cap.
755 838 819 913 .9.),
851 848 912 900 tom
939 857 1010 900 uere
1038 849 1159 900 creetur
1180 839 1310 916 spiritus

105 919 173 994 [ecit
193 939 279 1000 φιαηι
301 923 493 1000 apparitores
515 939 588 982 sues
610 926 706 1000 iguem
720 922 903 1001 flagrantem
925 921 1044 992 (Pselm.
1061 921 1134 982 Glll.
1156 940 1184 981 r.
1200 924 1231 982 4.
1253 921 1308 1000 llp.
1350 993 1358 1000 .

105 1001 134 1061 ad
152 1001 235 1063 liebr.
258 1021 321 1082 cap.
338 1004 361 1064 l.
385 1017 411 1062 r.
429 1007 481 1080 7.).
513 1004 669 1082 Nunquam
691 1005 781 1083 igitur
802 1004 944 1066 dubitarit
963 1005 1092 1084 Angelos
1114 1023 1219 1066 omnes
1241 1021 1309 1068 esse

104 1085 210 1162 spiritus
232 1105 266 1148 ac
287 1086 447 1166 spiritalem
470 1105 539 1150 csse
560 1088 677 1148 illorum
703 1087 908 1156 substantiam.
1010 1121 1020 1140 ·
1072 1153 1076 1166 ,

175 1169 283 1232 Sedis
305 1173 537 1234 corbonensiam
558 1181 680 1234 vocatur
701 1173 770 1250 quid
793 1172 842 1233 illo
865 1177 995 1253 spiritus
1012 1171 1132 1233 nomine
1156 1171 1308 1250 intelligat,

103 1271 133 1312 au
156 1254 344 1316 substantiam
374 1255 410 1316 ab
437 1256 516 1317 omni
545 1275 578 1316 re
606 1275 749 1335 corporea
776 1275 901 1336 prorsus
935 1256 1102 1318 distinctam
1130 1256 1177 1316 rel
1198 1274 1307 1334 eorpus

103 1336 205 1414 aliquod
227 1340 434 1402 tenuissimum
457 1359 491 1401 ac
512 1340 748 1414 subtilissimum,
771 1341 849 1419 quod
871 1357 989 1402 omnem
1012 1339 1142 1400 hominis
1157 1348 1308 1419 aspectum

103 1420 187 1498 lugiet
222 1422 284 1484 Nec
306 1423 424 1484 diffiteri
446 1425 563 1502 quidem
586 1443 749 1503 possumus
771 1425 846 1485 hanc
867 1423 1110 1503 disceptationem
1133 1442 1194 1484 nou
1215 1441 1308 1501 posse

102 1503 173 1566 heile
198 1525 213 1567 a
244 1525 393 1588 quoquam
422 1508 529 1570 dirimi.
574 1508 652 1582 Quid
675 1518 771 1570 tamen
794 1509 831 1570 de
852 1509 907 1570 hae
928 1507 1100 1569 Tertulliani
1123 1507 1217 1568 nostri
1239 1507 1307 1586 opi-

102 1587 177 1650 nione
197 1592 309 1656 certius
331 1593 459 1670 paroierri
481 1592 587 1671 possit,
610 1593 764 1671 explorare
785 1592 973 1654 tentabimus.

171 1673 302 1736 Primum
331 1675 429 1754 itaque
456 1676 665 1738 advertendum
688 1685 742 1749 est,
772 1676 921 1755 quomodo
944 1676 992 1737 ibe
1014 1675 1155 1736 adversus
1177 1674 1307 1736 baereti-

101 1772 152 1830 cos,
171 1758 217 1837 qni
240 1767 427 1839 assumptum
450 1760 599 1821 aChristo
621 1777 723 1821 verum
739 1779 848 1842 corpus
864 1760 1018 1838 negabant,
1041 1759 1172 1838 disputet
1186 1777 1307 1820 eorum-

100 1859 148 1917 que
171 1843 285 1904 relellat
312 1861 456 1906 errorem
500 1845 646 1906 Haeretici
675 1854 774 1906 autem
802 1845 843 1906 illi
873 1844 1005 1923 exemplo
1033 1843 1223 1920 Angelorum,
1256 1843 1306 1921 qui

100 1923 160 1985 olim
184 1945 271 1988 carne
302 1929 431 1990 humana
450 1928 549 1990 vestiti
571 1929 746 2007 patriarchis
769 1929 941 2008 apparuisse
961 1927 1165 2008 perhibentur,
1178 1991 1181 1998 ,
1195 1927 1306 1988 iniere·

98 2007 159 2069 bant
176 2029 230 2072 nec
251 2029 353 2072 veram
376 2030 431 2073 neo
451 2021 547 2074 naum
568 2012 662 2074 luisse
684 2012 794 2074 Christi
816 2031 944 2074 carnem.
986 2014 1024 2072 At
1039 2011 1235 2072 Tertullianus
1244 2011 1306 2072 An-

100 2093 226 2169 gelorum,
248 2113 313 2156 uon
335 2114 405 2157 vero
427 2097 537 2159 Christi
559 2115 677 2158 caruem
699 2107 796 2158 natam
819 2115 888 2158 esse
910 2096 1070 2168 contendit,
1104 2095 1171 2172 quia
1193 2113 1253 2156 non
1276 2094 1308 2156 hi

99 2177 142 2237 sed
162 2179 297 2241 Christus
319 2189 407 2242 natus
430 2189 484 2254 est,
513 2189 546 2241 ut
567 2181 785 2258 crucifigeretur
806 2199 840 2241 ac
861 2189 1042 2242 moreretur:
1079 2180 1157 2240 Nom
1179 2187 1307 2248 canstat,

98 2259 188 2338 inquit,
220 2264 352 2342 Angelos
387 2283 507 2327 carnem
534 2283 595 2326 aaa
620 2271 782 2344 propriam
803 2276 943 2344 gestasse,
976 2275 1080 2343 utpote
1101 2274 1233 2324 acturos
1257 2262 1307 2330 (al.

97 2347 226 2424 saturos)
249 2347 440 2410 substantioe
461 2349 621 2428 spiritalis,
652 2353 709 2411 etsi
737 2345 875 2429 corporis
897 2349 1036 2418 alicuius,
1065 2352 1117 2408 soi
1135 2359 1234 2408 tumea
1254 2366 1307 2425 gs-

97 2435 185 2490 aeris:
206 2436 240 2493 ia
264 2431 509 2494 remanentem
531 2433 796 2512 transfigurabiles
819 2433 859 2493 od
880 2443 1005 2511 ternpus,
1029 2442 1064 2492 ot
1078 2433 1177 2493 videri
1189 2442 1218 2491 et
1235 2448 1307 2492 oon-

95 2515 171 2588 gredt
195 2533 262 2578 osus
293 2516 460 2578 bomriatbas
478 2528 605 2597 possent
627 2515 760 2590 t'lertull.
783 2515 834 2577 lib.
857 2516 894 2576 de
916 2516 1011 2578 Cmne
1033 2513 1143 2575 Christi
1166 2532 1227 2592 cap.
1252 2516 1306 2589 6.).

96 2595 201 2659 latetur
226 2615 302 2678 ergo
321 2601 387 2662 hos
408 2600 538 2679 Angelos
566 2600 768 2679 assumpsisse
796 2600 832 2660 ad
861 2609 977 2679 tempus
998 2599 1156 2660 humanam
1178 2615 1306 2669 carnem,

96 2697 160 2758 quae
179 2683 300 2761 quidem
322 2683 378 2745 etsi
398 2703 477 2757 sera,
500 2701 561 2745 non
582 2683 703 2762 propria
724 2691 822 2744 umen
845 2691 907 2744 erat
928 2683 1045 2744 illorum
1061 2701 1140 2754 caro,
1162 2681 1239 2760 quia,
1263 2680 1306 2742 uti

96 2763 150 2841 lpse
170 2767 247 2828 baud
271 2767 442 2830 dubitanter
462 2769 597 2840 affirmat,
623 2768 764 2846 spiritalis
786 2775 841 2828 est·
854 2784 958 2827 eorum
980 2764 1155 2826 substantia.
1198 2765 1307 2824 ilerum

96 2849 221 2924 quoniam
242 2852 291 2912 vel
313 2851 378 2931 ipse
398 2853 445 2912 rel
466 2852 515 2913 alii
537 2851 664 2914 dubitari
686 2868 776 2929 posse
797 2849 994 2929 opinabantur
1015 2857 1114 2910 utrum
1132 2847 1251 2925 aliquid,
1274 2855 1308 2907 ut

96 2935 221 3010 superius
243 2936 452 2998 annotavimus
474 2935 576 3014 (Supr.
599 2953 662 3012 cap.
680 2939 708 2996 7.
730 2935 792 2994 Art
810 2938 862 3008 3.),
885 2942 966 2994 esset
986 2931 1115 2992 medium
1137 2932 1215 2992 inter
1236 2947 1306 2990 cor-

96 3031 142 3091 pus
160 3028 189 3078 et
209 3019 296 3089 nibil,
319 3020 457 3092 hinoille,
480 3038 518 3080 ne
540 3019 631 3080 ubam
653 3018 805 3080 cavillandi
826 3019 924 3078 locum
945 3015 1111 3094 praeberet,
1134 3014 1175 3074 ibi
1189 3013 1305 3084 adiecit,

95 3105 146 3160 etsi
168 3109 311 3183 corporis
339 3103 478 3174 ab’cetus,
502 3107 553 3164 soi
573 3113 673 3163 tomen
694 3106 823 3180 generis,
851 3101 973 3178 perinde
994 3117 1029 3160 ac
1050 3099 1076 3158 si
1098 3098 1235 3159 dixisset:
1273 3096 1307 3157 Si

95 3185 151 3259 puis
180 3187 364 3264 pertinacius
391 3188 548 3249 contendat
576 3201 697 3246 omnem
724 3186 845 3246 omnino
872 3183 1064 3246 substantiam
1098 3201 1167 3244 esse
1199 3199 1308 3260 corpus

95 3266 209 3346 abqnod,
233 3289 315 3332 nuno
337 3289 396 3332 non
419 3271 548 3350 litigabo,
570 3271 660 3331 modo
682 3269 754 3330 mibi
777 3269 955 3332 concedatur
977 3267 1179 3328 substantiam
1194 3265 1307 3344 angeli·

94 3368 157 3424 cam,
186 3354 213 3414 si
241 3356 322 3416 sorte
349 3355 389 3416 sit
416 3373 535 3434 corpus,
565 3373 628 3414 eam
651 3373 719 3416 esse
742 3371 851 3432 cerpus
874 3353 922 3413 sui
944 3351 1070 3430 generis.
1114 3351 1151 3410 At
1172 3349 1307 3429 corporis

94 3437 202 3499 nomine
235 3457 299 3499 noo
333 3439 422 3510 aliud,
455 3447 488 3500 ut
521 3438 588 3498 alibi
619 3438 746 3498 vidimus
779 3438 847 3511 (loc.
870 3436 943 3510 cit),
977 3435 1130 3514 signiticat,
1164 3433 1221 3495 nisi
1243 3451 1307 3494 rem

95 3522 241 3594 hlamllbet
272 3523 446 3585 existentem
474 3531 504 3582 et
532 3541 607 3601 quae
641 3523 685 3582 rei
717 3539 779 3582 non
811 3521 949 3582 existenti
971 3529 1000 3580 et
1021 3519 1112 3580 nihilo
1135 3517 1306 3596 opponitur.

95 3599 187 3666 Nonne
215 3622 291 3685 ergo
318 3607 415 3686 colligi
443 3607 521 3668 baud
543 3605 671 3667 absurde
693 3606 762 3671 hiuc
783 3613 883 3685 potest
904 3604 985 3665 illurn
1008 3603 1224 3664 existimarisse
1244 3601 1306 3660 An-

95 3685 215 3761 gelorum
242 3699 381 3752 naturam
410 3709 478 3752 esse
506 3709 586 3750 mere
614 3690 786 3768 spiritalem,
815 3706 890 3768 quae
918 3696 1015 3748 tamen
1038 3686 1106 3747 ideo
1129 3701 1237 3761 corpus
1260 3681 1307 3742 sui

95 3774 202 3845 generis
224 3775 326 3835 vocari
349 3783 456 3853 potest,
480 3775 546 3852 quia
568 3791 630 3834 uon
652 3772 793 3834 estnihil
815 3791 850 3834 ae
870 3789 971 3832 resera
994 3767 1116 3831 existit?

167 3857 283 3920 liodem
313 3859 399 3938 plane
426 3867 599 3937 argumento
628 3855 753 3918 eundem
781 3854 938 3917 Marcionis
973 3871 1105 3914 errorem
1129 3851 1305 3927 impugnat:

99 3937 156 4008 0⁸⁰
182 3947 290 4022 mepta,
319 3943 424 4022 inqtrit,
453 3942 561 4022 Aopelt
586 3959 680 4022 neque
709 3941 747 4001 od
767 3941 957 4001 moriendum
975 3955 1036 4016 pro
1059 3937 1145 3996 uobis
1169 3935 1311 4012 dispositi

94 4019 199 4086 breuem
229 4029 335 4087 cornis
364 4037 557 4088 commeatum
584 4043 646 4087 noa
675 4024 843 4085 miserunt
864 4023 1014 4098 marcado
1036 4023 1207 4097 sumpsisse,
1238 4019 1309 4095 poio

94 4121 140 4166 aec
158 4111 319 4171 moricudo
342 4112 512 4190 deposituri
531 4127 595 4170 eom
616 4110 747 4188 [aerest
769 4154 777 4167 .
801 4151 809 4167 .
833 4152 842 4167 .
880 4106 915 4168 St
935 4115 1057 4168 creator
1079 4105 1155 4182 fecit
1176 4099 1307 4179 Angelos

94 4195 213 4268 apr'm'tas
242 4206 275 4256 et
303 4199 497 4274 apparitores
524 4213 596 4256 suos
625 4197 722 4272 ignem
748 4192 940 4270 flagrantem,
974 4199 1035 4248 tom
1066 4203 1138 4248 esre
1167 4189 1306 4264 spiritus,

94 4291 173 4350 lm
193 4289 224 4338 et
247 4282 346 4358 iguem
368 4278 438 4340 illos
461 4295 531 4340 cere
551 4279 627 4356 facit
648 4275 782 4346 t'l'ertull
805 4274 855 4334 lib.
871 4273 922 4334 lll.
944 4271 1060 4334 advers.
1082 4269 1221 4334 ldarcioo.
1243 4287 1307 4347 cap.

92 4356 141 4430 9.).
162 4359 295 4422 Andisne
315 4377 403 4439 quam
425 4370 525 4440 aperte
545 4362 673 4423 declarat
693 4359 832 4436 Angelos,
860 4358 909 4436 qui
932 4357 1057 4416 humana
1079 4357 1174 4414 torma
1195 4352 1231 4413 ab
1253 4370 1308 4430 pa·

94 4439 222 4506 biarchis
245 4445 302 4506 risi
325 4454 404 4517 sunt,
428 4453 487 4506 mm
507 4463 577 4506 rere
599 4444 721 4524 spiritus
743 4441 838 4502 luisse
859 4457 946 4519 quam
968 4457 1068 4500 veram
1083 4437 1139 4516 ipsi
1154 4437 1309 4498 homiuum

93 4538 204 4588 mnam
226 4527 476 4610 assumpserant?
505 4529 571 4592 Non
592 4527 712 4608 propria
735 4535 832 4588 autem
855 4539 959 4586 amum
982 4530 1044 4584 erat
1065 4541 1143 4596 aare,
1167 4521 1220 4582 sed
1236 4519 1310 4599 ipsis
1373 4565 1375 4570 ,
1433 4529 1439 4532 “
