3114 5240
458 399 592 444 suenone
614 399 672 444 ure.
695 399 732 442 ιι
754 398 881 444 noum.
1035 396 1042 410 ·
1235 387 1277 454 85

90 550 225 614 nummus
247 548 300 622 rei,
322 565 360 611 an
382 549 439 628 ipsi
461 549 510 628 qui
533 557 613 611 teuto
634 547 761 612 ludibrio
783 549 857 614 deos
872 569 945 614 suos
959 551 1115 630 habebant,
1137 575 1174 618 ιι
1188 555 1276 620 Chri·

90 637 165 710 rtiani,
185 633 232 715 qui
253 634 308 697 hos
330 635 477 713 negabant
497 653 564 696 esse
587 633 661 696 deos
683 635 790 714 quique
815 635 926 700 ideirco
941 656 1044 704 eorum
1059 641 1166 721 templa
1182 643 1277 704 iuter-

88 722 123 784 liu
140 737 196 782 nou
214 726 358 781 noverant
380 727 409 781 et
430 737 473 792 ea,
497 719 523 780 si
544 719 608 780 lieri
629 729 744 798 posset,
764 720 884 799 penitus
907 721 1086 801 spoliassent
1100 728 1174 805 (cap.
1191 725 1277 804 tuh?

151 805 253 866 lerum
283 811 386 866 contra
418 803 595 870 obiiciebaut
626 803 734 866 ethnici
767 814 853 884 eaput
885 807 1033 870 asininum
1066 810 1278 876 aChristiauis

87 901 198 969 uuquam
219 889 307 951 deum
328 888 456 950 adorari.
500 888 559 950 Sed
580 905 710 962 merum,
743 888 784 950 alt
805 890 1017 966 Tertullianus,
1049 903 1096 956 est
1117 897 1277 970 somnium,

86 976 119 1035 mi
137 973 285 1035 Cornelius
307 973 426 1034 Tacitus
455 973 535 1034 dedit
563 972 763 1047 occasionem,
791 973 841 1036 nbi
870 976 1031 1042 memoriae
1051 979 1126 1040 salso
1147 981 1279 1059 prodidit

84 1059 186 1120 ludaeos
207 1058 392 1120 consimilem
415 1056 503 1120 buius
525 1055 638 1120 bestiae
660 1058 847 1138 superficiem
861 1061 971 1124 idcirco
986 1081 1188 1137 consecrasse,
1210 1066 1278 1145 quia

84 1143 139 1222 ipsis
168 1143 197 1204 iu
217 1143 349 1222 Aegypto
382 1141 430 1203 siti
450 1141 652 1204 laborantibus
679 1141 797 1222 quidam
819 1145 921 1224 onagri
941 1148 1056 1210 iontem
1075 1149 1276 1212 ostenderant.

85 1229 128 1289 Sed
146 1228 227 1290 huius
255 1227 476 1290 mendacissimi
497 1227 650 1306 seripturis
673 1228 815 1292 ιιιιιιιίι
838 1230 1058 1294 evidentissime
1079 1235 1188 1313 patuit,
1211 1253 1279 1298 cuns

83 1312 216 1392 Pompeius
251 1313 431 1374 ludaeorum
465 1312 603 1391 templum
636 1312 792 1392 ingressus
826 1313 938 1376 nullum
959 1314 1001 1377 ibi
1021 1317 1132 1380 invenit
1153 1319 1276 1380 simula-

84 1415 156 1460 crum.
193 1397 229 1458 ht
249 1405 331 1460 certe
353 1415 411 1476 quo
434 1396 463 1458 id
485 1397 598 1470 salsius,
621 1415 656 1458 eo
679 1399 776 1460 verius
800 1407 863 1460 erat
883 1398 1014 1462 iumenta
1034 1402 1134 1464 omnia
1155 1411 1185 1466 et
1206 1421 1277 1465 eau-

84 1483 174 1542 tberios
194 1501 257 1544 cum
283 1501 338 1542 sua
359 1480 495 1561 Hippone
517 1481 553 1541 ab
576 1481 702 1544 ethnicis
725 1482 780 1545 coli
804 1491 834 1544 et
853 1482 1004 1546 honorari.

146 1567 202 1628 Nee
220 1566 334 1646 potiori
356 1567 470 1628 ratione
485 1565 659 1628 Christianis
682 1566 898 1645 exprobrabant
919 1569 1014 1631 crucis
1030 1570 1141 1634 Christi
1157 1572 1276 1634 cultum.

83 1651 144 1722 uuit
163 1652 235 1714 enim
256 1651 291 1713 in
314 1650 365 1712 illo
387 1669 510 1730 arguere
531 1648 691 1730 poterant?
720 1651 824 1714 Nonne
846 1653 923 1732 apud
945 1673 998 1716 eos
1016 1655 1168 1734 prestabat
1182 1656 1276 1718 Pallas

82 1735 157 1797 tttica
181 1755 211 1798 ac
241 1736 336 1798 Ceres
362 1735 483 1810 Pharia,
510 1753 585 1814 quae
612 1735 679 1800 rudi
700 1736 767 1816 palo
789 1742 819 1798 et
838 1737 918 1817 liguo
940 1759 958 1800 ι
979 1738 1074 1802 erucis
1096 1740 1195 1820 stipite
1216 1759 1277 1804 uon

82 1819 317 1898 distinguebatur?
360 1819 394 1880 ln
416 1839 538 1882 suorum
559 1827 712 1900 praeterea
733 1821 857 1883 deorum
879 1822 1060 1898 simulacris,
1083 1824 1113 1886 in
1134 1825 1276 1901 victoriis,

83 1906 208 1982 tropaeis,
233 1905 331 1985 signis
363 1903 554 1978 militaribus,
589 1904 759 1968 vexillorum
783 1914 812 1968 et
833 1907 1039 1970 cantabrorum
1062 1909 1205 1989 sipbaris,
1228 1918 1279 1973 aut

86 2006 172 2050 eorum
190 1989 348 2063 intestinis,
371 1988 529 2050 monihbus
551 1995 581 2050 et
602 1989 687 2050 stolis
708 2009 811 2052 cruces
834 1991 996 2056 adorabant
1016 1993 1074 2056 iilis
1097 1996 1277 2075 suppositas.

150 2073 198 2135 Alii
216 2075 306 2154 paulo
330 2074 447 2153 quidem
468 2074 657 2136 verisimilius
668 2075 892 2154 suspicabantur
903 2077 1148 2152 Christianorum,
1171 2098 1276 2158 quem

83 2157 213 2220 admodum
232 2160 415 2230 Persarum,
442 2159 529 2221 deum
552 2177 618 2220 esse
639 2159 743 2222 solem.
788 2161 846 2224 Sed
868 2162 941 2224 baec
959 2163 1035 2226 laisa
1057 2163 1187 2243 suspicio
1208 2165 1277 2226 inde

83 2242 180 2304 suborta
200 2252 259 2318 est,
293 2243 372 2322 qnod
394 2243 482 2304 iidem
506 2243 664 2305 Christiani
697 2245 734 2306 ad
767 2244 861 2308 solem
893 2247 1028 2309 conversi
1056 2247 1149 2310 Deum
1170 2268 1276 2329 prcca-

83 2324 181 2402 bautur,
207 2349 240 2390 ac
266 2329 321 2390 die
349 2327 422 2389 solis
452 2328 513 2390 sire
543 2328 690 2390 dominico
716 2329 844 2392 laetitiae
872 2331 1065 2412 indulgerent.
1110 2333 1168 2395 Sed
1196 2333 1277 2396 istud

85 2413 207 2486 gentilium
228 2412 466 2494 reprehensione
489 2432 524 2474 eo
547 2422 627 2474 certe
648 2413 745 2476 miuus
767 2414 887 2494 dignum
915 2425 993 2492 erat,
1022 2417 1102 2496 quod
1130 2417 1170 2478 illi
1199 2419 1277 2480 diem

86 2495 178 2558 Summi
199 2499 257 2560 otio
282 2506 312 2560 et
334 2497 425 2559 victui
447 2497 670 2559 destinaverant.

150 2582 298 2646 Postremo
327 2581 438 2643 huetur
463 2589 568 2643 noster
594 2582 733 2644 iudaeum
762 2584 921 2663 pendam,
956 2585 1113 2648 maximum
1143 2589 1276 2666 proiecto

85 2664 244 2742 nebulonem,
267 2666 420 2737 exsibilat,
443 2665 492 2746 qui
515 2685 580 2728 carm
601 2667 759 2728 bestiarius
781 2677 878 2742 esset,
908 2669 987 2731 iuter
1007 2669 1276 2746 ludoscircensss,

86 2747 108 2808 in
132 2749 191 2826 ista,
219 2752 332 2833 inquit,
363 2750 476 2813 civitate
498 2751 659 2813 novissime
681 2751 794 2822 editos,
818 2752 953 2814 tabellam
973 2753 1147 2832 proposuit,
1169 2755 1199 2815 in
1221 2775 1277 2834 qua

85 2833 159 2909 pictus
178 2837 437 2900 circumferebatur
457 2835 536 2898 Deus
552 2835 784 2898 Christianorum
805 2835 925 2898 auribus
940 2836 1074 2909 asininis,
1096 2837 1188 2899 altero
1202 2839 1278 2918 pede

86 2919 229 2997 lugulatus,
261 2922 371 2984 librum
394 2929 512 2998 gestans
542 2927 572 2980 et
599 2927 733 2998 togatus,
761 2939 826 2982 cum
849 2921 904 2982 hac
924 2921 1047 2982 ridicula
1069 2921 1276 3000 inscriptione:

86 3001 147 3065 leus
181 3007 427 3071 Christianorum
458 3005 654 3068 Onochoetes.
698 3004 756 3066 Sed
787 3021 874 3083 quam
908 3005 981 3066 salsa
1014 3005 1195 3084 mendaxque
1223 3008 1278 3068 suit

86 3085 140 3148 haec
156 3091 273 3170 pictura,
308 3099 367 3152 tarn
389 3107 491 3150 verum
514 3096 578 3150 erat
598 3087 634 3150 ab
657 3087 780 3150 ethnicis
803 3088 876 3150 deos
898 3088 1014 3151 adorari
1036 3088 1188 3153 hominum
1210 3091 1275 3153 bel-

86 3169 228 3256 ltanuuque
250 3175 395 3238 membris
418 3173 599 3253 compositos
622 3175 697 3251 (cap.
723 3175 795 3250 tu).

152 3257 186 3321 Ne
207 3269 307 3323 autem
329 3258 436 3322 ethnici
457 3277 557 3320 veram
572 3257 805 3320 Christianorum
826 3257 992 3320 doctrinam
1012 3258 1174 3322 voluntaria
1189 3259 1277 3339 igno-

88 3339 175 3404 ratione
194 3354 222 3407 et
243 3343 466 3426 impudentibus
492 3361 575 3404 more
590 3342 676 3404 solito
692 3341 850 3406 mendaciis
865 3343 1006 3422 deinceps
1021 3343 1277 3421 calumniarentur,

89 3421 147 3486 ileu
164 3427 360 3493 Tertullianus
393 3447 507 3490 summa
539 3446 604 3490 com
625 3427 777 3501 brevitate,
810 3435 873 3489 tum
895 3427 1061 3490 sinceritate
1084 3428 1127 3490 sic
1147 3430 1276 3509 exponit.

87 3505 155 3584 Deos,
174 3513 276 3594 inquit,
300 3533 389 3594 quem
411 3513 544 3587 colimus,
566 3531 643 3574 uuus
659 3520 714 3586 est,
737 3512 942 3590 guimundum
957 3513 1128 3575 universum
1149 3513 1180 3575 in
1206 3533 1277 3576 suae

87 3593 222 3659 naiastatis
253 3605 461 3660 ornamentum
490 3615 526 3658 ex
557 3596 648 3658 nihilo
671 3596 789 3659 creavit.
833 3596 973 3670 Quamvis
996 3607 1093 3659 autem
1114 3615 1277 3676 cognosca-

87 3684 130 3750 tur,
150 3680 297 3746 invisibilis
320 3692 418 3745 tarneu
441 3690 496 3754 est,
519 3681 749 3756 inaestimabilis,
772 3681 943 3756 immensus,
968 3701 1002 3744 ac
1023 3682 1079 3746 sibi
1101 3680 1157 3744 soli
1180 3689 1277 3744 tantus

86 3771 189 3836 tuctus
221 3776 268 3830 est
297 3767 442 3846 cognitus.
483 3767 568 3828 Hunc
589 3785 659 3827 vero
682 3785 773 3828 unum
793 3785 953 3846 verumque
974 3767 1068 3828 Deum
1088 3783 1190 3827 revera
1212 3765 1277 3826 exi·

87 3853 147 3909 abre
166 3851 367 3914 demonstrant
388 3860 419 3913 et
439 3852 565 3914 mtrndus
588 3858 618 3912 et
639 3858 734 3912 cetera
756 3851 863 3926 omnia,
885 3871 959 3930 quae
984 3850 1072 3912 verbo
1094 3849 1158 3908 fieri
1180 3846 1276 3924 iussit,

86 3931 177 3996 ratium
201 3937 371 4018 composuit
398 3955 433 3998 ao
457 3936 563 3998 uirtute
598 3953 651 3996 sua
672 3934 810 3997 condidit.
855 3935 933 4008 Quin
955 3935 1041 3996 etiam
1063 3932 1133 3993 illud
1155 3931 1276 3994 eviden-

86 4011 179 4082 tissima
197 4023 409 4102 comprobatur
430 4021 599 4082 testimonio
621 4020 734 4082 animae
755 4028 884 4092 nostrae,
908 4017 1077 4082 naturaliter
1091 4016 1276 4092 christianae,

89 4113 149 4172 tuse
166 4104 191 4166 in
211 4124 389 4187 proauoque
420 4106 483 4167 sive
514 4104 691 4167 infirmitatis
714 4103 777 4166 sive
799 4105 911 4166 erroris
933 4101 995 4166 sive
1020 4117 1126 4181 pravae
1147 4101 1276 4164 libidinis

87 4187 151 4246 sum
168 4189 214 4264 sil,
243 4191 296 4253 uhi
317 4190 484 4269 resipiscit,
514 4197 564 4251 aut
583 4187 660 4252 redit
680 4189 717 4252 ad
738 4207 770 4250 se
792 4189 896 4269 ipsam,
916 4205 977 4248 non
999 4186 1087 4261 deos,
1110 4187 1163 4248 sed
1184 4205 1276 4250 uuum

87 4269 223 4336 medanae
243 4277 340 4340 Deum
363 4293 486 4354 eumque
507 4274 634 4338 indicem
655 4281 837 4336 contestatur
858 4277 933 4352 (cap.
959 4273 1030 4349 lh).

153 4355 208 4420 Nec
234 4361 335 4422 miuus
359 4359 478 4422 evidens
499 4359 613 4422 divinae
635 4357 807 4421 existentiae
828 4362 1033 4436 argumentum
1054 4355 1219 4418 desumitur
1241 4374 1277 4417 ex

87 4439 296 4506 constemus
317 4445 481 4506 Tetameuti
501 4444 602 4518 libris,
634 4443 684 4522 qui
707 4441 809 4521 scripti
830 4449 900 4504 sunt
920 4447 943 4502 ι“
958 4440 1028 4502 viris
1051 4440 1148 4502 divino
1171 4439 1276 4518 spiritu

88 4516 224 4602 inundatis,
256 4536 287 4590 et
319 4529 368 4608 qui
400 4527 506 4609 scripta
535 4549 589 4592 sua
615 4527 703 4590 uariis
731 4525 867 4604 reamque
888 4524 1035 4588 miraculis
1057 4527 1275 4588 confirmavere.

87 4601 215 4676 Λήιιιιιι
247 4621 345 4676 autem
374 4613 547 4678 testificatur
573 4614 665 4676 hosce
685 4611 796 4687 libros,
829 4609 967 4674 hebraico
988 4610 1117 4696 primum
1138 4625 1276 4672 sermone
