3036 5230
502 379 637 424 sucrcns
658 378 719 424 ros.
741 379 828 424 sarr.
1214 365 1278 430 tos

57 537 90 590 et
111 527 327 602 imbecillitatis,
349 528 537 607 sbapiditatis,
560 529 784 610 superstitionis
806 529 838 592 in
859 529 962 604 altero.
1006 527 1158 592 Sententia
1178 529 1279 612 bique

59 621 108 674 est
127 621 285 691 propterea
307 612 386 691 quod
407 613 512 675 Patres
534 613 652 682 damnat
673 615 711 677 ob
733 614 818 690 ritis,
846 633 922 693 quae
942 631 1004 674 non
1025 613 1195 687 bominum,
1224 616 1279 678 sed

58 696 162 758 aeuus
184 705 271 758 sunt:
301 696 389 758 Plinii
411 696 532 758 maioris
555 707 584 759 et
604 699 693 760 ldarci
712 698 854 760 Antonini
882 715 944 758 non
970 695 1069 758 minus
1091 715 1179 775 quam
1200 699 1277 761 Ter·

12 859 13 862 ¹
57 777 183 842 tulliani.
225 780 337 842 Deinde
358 781 458 860 iniqua
480 791 527 843 est
547 790 706 862 propterca
728 782 806 861 quod
829 781 878 862 qui
900 781 944 844 sic
964 779 1094 844 iudicant
1114 779 1145 840 in
1160 782 1279 844 Petrum

56 883 164 938 causa,
197 864 229 926 in
250 863 316 925 aliis
339 864 439 926 causis
460 866 544 948 aliter
565 867 703 928 iudicant
749 866 890 939 Quamvis
911 865 990 928 enim
1012 864 1169 926 Tenelunis
1192 865 1278 944 inge·

12 1003 13 1018 ,
56 948 142 1010 nium
162 948 244 1020 mite,
266 948 390 1010 amabile
412 969 445 1012 uc
466 949 590 1029 politum
612 969 784 1030 comparare
805 951 898 1012 nolim
920 967 986 1010 oum
998 948 1170 1010 Tertulliani
1192 968 1278 1012 acer·

58 1033 168 1106 bitate,
195 1031 301 1094 ardore
332 1033 560 1112 asperitateque,
583 1043 633 1096 aut
655 1034 781 1096 inminse
804 1034 1013 1096 celeberrimae
1036 1032 1139 1112 Guyon
1162 1033 1279 1096 somnia

12 1171 14 1208 Ι
57 1116 239 1178 contendere
260 1134 327 1180 mm
341 1117 472 1179 Monuni
494 1118 617 1198 eiusque
631 1119 887 1198 prophetissarum
901 1117 1158 1190 ducinationibns,
1181 1127 1280 1180 tamen

13 1259 14 1264 ,
58 1201 120 1262 boc
140 1200 197 1264 dici
217 1209 334 1279 potest,
358 1201 515 1264 Teneionis
538 1203 668 1264 studium
689 1222 790 1266 rerum
812 1203 1001 1283 mysticarum
1023 1202 1149 1282 prodere
1171 1202 1278 1264 mentis

12 1271 15 1382 ζ
58 1283 206 1363 quandam
227 1283 464 1361 imbecillitatem,
487 1286 578 1365 modu
600 1287 693 1366 magis
716 1306 804 1367 quam
825 1305 933 1366 genere
955 1285 1171 1364 discrepantem
1193 1285 1229 1346 ab
1245 1305 1280 1349 eu

12 1429 15 1466 Ι
57 1387 136 1447 quse
157 1367 370 1432 Tertullianum
391 1369 505 1432 induxit
525 1371 561 1431 ad
584 1371 812 1433 blontanismum
834 1369 1055 1432 admittendum.
1086 1369 1187 1449 Neque
1208 1389 1279 1432 vero

12 1517 13 1526 χ
58 1459 183 1531 propter
203 1452 280 1514 banc
298 1453 457 1516 Teneionis
480 1455 707 1518 imbecillitatem
729 1456 794 1517 eius
818 1456 912 1516 libros
934 1453 1125 1534 repudiamus
1141 1463 1280 1534 unquam

12 1599 15 1640 Ι
57 1535 228 1614 cognitione
259 1537 381 1599 omnino
408 1537 555 1617 indignos,
586 1548 637 1601 aut
654 1540 712 1600 boc
739 1541 811 1601 satis
839 1557 945 1600 causae
972 1556 1041 1599 esse
1068 1547 1205 1616 putamus
1228 1555 1280 1600 mr

59 1621 125 1682 cius
146 1619 258 1698 ingenii
280 1631 309 1682 et
331 1621 480 1684 scribendi
501 1624 710 1701 praestantiam
739 1625 770 1685 in
799 1622 919 1685 dubium
948 1639 1101 1684 vocemus:
1138 1622 1281 1683 miramur

12 1689 16 1794 f
60 1712 91 1766 et
117 1703 251 1767 dolemus
279 1722 389 1768 novum
419 1707 478 1768 boc
504 1707 682 1769 infirmitatis
710 1708 856 1769 humanae
890 1705 1070 1784 exemplum,
1109 1706 1162 1767 sed
1190 1705 1306 1766 Tele-‚

12 1795 14 1808 ’
60 1789 196 1850 mochum
218 1806 284 1849 cum
306 1790 402 1851 tractu
431 1799 461 1851 et
482 1791 676 1854 oblectatione
703 1792 801 1871 legere
823 1791 985 1871 pergimus.
1029 1789 1152 1850 Utamur
1174 1789 1297 1864 eodem,
1350 1829 1355 1842 .

12 1857 16 1896 ¹
59 1872 152 1934 enimi
173 1872 301 1934 candore
323 1881 354 1934 et
374 1873 474 1936 iudicii
497 1869 620 1938 sanitate
642 1877 673 1937 in
686 1876 808 1938 Patrum
824 1893 926 1936 causa:
949 1891 1123 1951 separemus
1141 1873 1280 1946 triticum,

60 1965 94 2018 ut
114 1956 213 2028 aiunt,
241 1956 379 2036 apulea,
408 1977 482 2020 nere
504 1959 609 2022 eodem
632 1961 768 2024 incendio
791 1967 949 2038 rubumque
971 1956 1131 2036 deleamus.
1174 1957 1281 2018 blirum

12 2027 16 2070 ¹
59 2039 142 2102 dictu
155 2039 249 2101 videri
270 2049 381 2119 potest,
403 2060 500 2120 neque
522 2053 619 2105 umen
642 2043 740 2105 minus
763 2052 809 2106 cst
823 2061 935 2112 verum,
958 2059 1046 2119 quem
1062 2044 1186 2102 iructum
1202 2041 1280 2102 Ter·

12 2113 17 2154 ¹
59 2123 174 2184 tulliani
194 2123 304 2204 scripta
327 2125 492 2205 theologiae
514 2127 649 2190 studioso
672 2128 842 2207 praebeant,
865 2126 929 2187 eius
952 2143 1087 2207 magnam
1108 2133 1222 2203 partem
1245 2141 1281 2184 ex

12 2199 18 2274 Ρ
57 2207 139 2287 illius
161 2207 314 2269 erroribus
336 2209 426 2271 nasci.
472 2211 525 2272 Ubi
539 2211 718 2273 Montanista
739 2214 831 2273 iactus
855 2217 911 2282 est,
934 2209 993 2269 boc
1014 2209 1073 2287 egit
1095 2216 1127 2269 ut
1148 2224 1280 2288 expone-

12 2285 18 2326 *
56 2299 105 2352 ret
124 2291 150 2352 si
173 2290 243 2370 quid
264 2291 331 2354 falsi
353 2293 384 2354 in
405 2293 538 2354 moribus
562 2303 592 2356 et
613 2296 767 2374 disciplina
790 2293 931 2356 ecclesiae
960 2310 1029 2353 esse
1059 2299 1192 2372 putaret:
1230 2289 1280 2364 ita,

57 2375 129 2436 licet
154 2375 242 2455 paulo
271 2375 394 2450 tectius,
429 2378 588 2440 edocemur
609 2379 658 2456 qui
680 2379 790 2440 luerint
812 2378 853 2438 illi
874 2394 993 2448 mores,
1016 2394 1091 2454 quae
1114 2375 1280 2453 disciplina,

12 2457 15 2496 ¹
56 2467 90 2520 et
112 2477 147 2520 ea
167 2459 384 2538 cognoscimus,
407 2479 492 2540 quae,
515 2463 572 2524 nisi
594 2463 621 2524 is
642 2464 679 2524 ab
702 2463 825 2524 ecclesia
847 2459 1037 2533 secessisset,
1061 2478 1096 2521 ex
1119 2460 1183 2520 eius
1206 2476 1281 2537 ope·

12 2561 13 2568 ¹
56 2542 142 2604 ribus
164 2542 211 2602 vix
233 2543 482 2622 percepissemus.
527 2546 564 2606 Ut
584 2546 666 2607 brevi
688 2545 871 2626 praecidam,
895 2543 957 2605 sive
981 2543 1184 2604 testimonium
1206 2559 1282 2602 con·

12 2629 17 2668 i
54 2626 224 2688 sideramus
246 2627 360 2688 veritati
389 2635 419 2688 et
439 2629 599 2706 integritati
620 2629 696 2690 Nori
718 2629 900 2691 Testamenti
922 2645 938 2686 a
962 2627 1143 2688 Tertulliano
1170 2625 1282 2685 dictum

13 2719 16 2746 t
56 2711 124 2770 sive
146 2709 345 2790 cognitionem
368 2711 606 2784 cerimoniarum,
628 2713 812 2793 disciplinae,
836 2710 1038 2772 doctrinarum
1061 2707 1202 2768 ecclesiae
1216 2707 1281 2784 pri·

12 2799 16 2836 l
55 2793 187 2866 mitione,
210 2793 383 2856 Tertulliani
405 2795 514 2874 scripta
535 2796 697 2875 prinoipem
725 2796 871 2875 quendam
901 2793 998 2854 locum
1027 2791 1213 2853 obtinentin
1234 2789 1283 2851 ills

12 2883 16 2920 ¹
57 2877 229 2940 traditionis
257 2879 346 2956 quasi
370 2885 488 2952 catena,
521 2889 596 2957 quae
623 2888 749 2942 asmtem
777 2877 969 2958 apostolicam
992 2893 1058 2936 cum
1080 2883 1183 2935 nostra
1206 2891 1280 2934 cou-

12 2971 15 3008 ¹
56 2962 161 3024 nectit.

12 3055 15 3092 t
144 3044 276 3107 Fuerunt
297 3045 344 3124 qui
368 3045 540 3106 Tertulliani
563 3063 654 3124 opera
684 3047 788 3108 ordine
810 3043 1022 3122 chronologico
1045 3041 1205 3121 disponere
1227 3057 1281 3100 co-
1362 3111 1366 3118 .

56 3139 203 3191 narentur
217 3129 246 3202 ις
272 3129 350 3208 quod
372 3148 430 3208 quo
454 3147 597 3196 successu
618 3130 760 3203 iecerint,
782 3128 905 3193 iudicari
926 3134 1027 3206 potest
1049 3144 1085 3186 ex
1108 3123 1284 3203 opinionum

12 3223 14 3262 ¹
57 3212 239 3286 diuersitate,
268 3231 343 3291 quse
365 3212 557 3275 obtinuerunt
578 3213 656 3274 inter
676 3213 756 3276 viros
779 3213 884 3274 doctos
907 3210 943 3272 de
971 3218 1106 3288 tempore
1134 3207 1222 3269 unius
1244 3205 1283 3266 li·

56 3295 117 3368 bri,
139 3296 190 3375 qui
211 3295 383 3358 inscribitur
405 3295 564 3357 de‘Pallio.
608 3298 821 3359 Tertullianum
844 3305 942 3374 togam
963 3293 1126 3354 Romanam
1147 3307 1283 3352 commu-

12 3395 15 3434 t
57 3390 143 3441 tasse
171 3389 294 3458 apparet
326 3399 392 3442 cum
420 3381 524 3459 pallio,
561 3382 641 3460 quod
670 3382 842 3460 gestabatur
869 3399 885 3440 a
909 3377 1027 3440 Graecis
1056 3384 1087 3436 et
1113 3375 1150 3436 ab
1171 3375 1209 3437 iis
1233 3371 1284 3468 qui

13 3481 14 3512 t
58 3463 308 3546 pbilosophorum
331 3483 440 3526 nomen
462 3467 644 3528 affectarent.
688 3467 768 3528 llaec
794 3464 886 3528 vesus
914 3459 1103 3524 commutatio
1127 3477 1218 3538 quum
1239 3473 1284 3518 rr-
1372 3507 1377 3516 ,
1487 3519 1492 3546 Ι

12 3655 15 3690 t
95 3699 118 3748 lt.
137 3698 189 3756 Quo
209 3697 373 3761 meiiusgnse
392 3699 421 3748 de
431 3699 571 3748 Tertulliani
587 3701 650 3760 acri·
1172 3687 1189 3736 Α
1217 3687 1245 3736 li·

58 3766 109 3828 ptis
128 3763 231 3812 dicimur
257 3765 427 3823 intelligantur,
451 3773 559 3827 tempora
577 3779 649 3828 prse-
700 3765 784 3815 Seueri
802 3777 815 3812 e
833 3763 898 3812 bello
916 3760 1008 3810 reditus
1042 3793 1049 3806 .
1084 3791 1090 3804 .
1126 3753 1184 3804 203.

58 3833 188 3892 cipueruur
206 3829 252 3878 sub
269 3829 437 3889 Senomagos
456 3840 593 3880 eventorum
611 3833 649 3880 iu·
700 3831 836 3882 celebratio
860 3829 972 3878 ludorum
1004 3823 1114 3874 succulu-

12 3911 15 3950 t
59 3898 181 3954 serimus,
208 3896 240 3945 its
264 3903 290 3944 ut
311 3895 439 3944 constituta
461 3905 518 3946 sunt
542 3897 648 3948 sitens-
734 3899 796 3946 riunt
832 3923 1092 3946 .......
1127 3886 1184 3936 2⁰4·

59 3963 159 4013 dictinio
178 3961 201 4010 in
219 3975 294 4024 opere
310 3962 466 4012 doctissimo:
484 3963 549 4014 L'urt
566 3964 648 4014 dari·
700 3963 837 4013 Plautianus
855 3961 886 4010 sd
903 3967 1005 4009 mortem
1023 3957 1109 4006 ductos
1127 3947 1290 4004 totsuttbt.

12 3995 276 4122 :¹³⁰⁶'¹‘⁸‘¹'‘“·
536 4095 601 4146 tn
700 4019 1223 4145 11911·’”ῑ“ε·;..;..ι...·19Ι

556 4131 563 4146 .
603 4132 610 4145 .
719 4109 825 4145 sumu
861 4107 931 4144 evera
1179 4119 1186 4134 .

12 4155 14 4204 i
61 4161 159 4214 Initium
176 4162 243 4224 regui
261 4161 372 4212 Seueri.
408 4197 414 4211 .
449 4197 456 4211 .
493 4161 549 4212 199.
701 4163 781 4212 Seueri
800 4175 866 4210 mors
915 4192 923 4209 .
958 4193 965 4206 .
1085 4189 1091 4202 ·
1127 4152 1186 4203 2¹1·

12 4251 14 4290 t
60 4229 128 4290 Nigri
147 4227 229 4280 eludes
277 4261 454 4278 .....
491 4228 549 4291 195.
702 4228 825 4279 Caracalla
844 4234 915 4276 uatus
957 4258 966 4273 .
1001 4258 1007 4270 .
1044 4258 1051 4270 .
1086 4257 1092 4271 .
1129 4218 1185 4269 188.

12 4337 13 4368 ,
60 4296 165 4359 Byzantii
185 4295 326 4358 expugnatio
363 4329 369 4343 .
404 4329 411 4342 .
448 4328 454 4344 .
492 4295 548 4346 196.
759 4321 773 4332 -
842 4293 932 4343 Caesar
949 4288 1085 4360 gppelistus
1129 4285 1185 4336 198.

58 4361 141 4414 stetui
159 4361 241 4411 clades
277 4395 454 4411 .....
492 4361 548 4411 197.
762 4385 775 4396 -
843 4361 964 4418 Angustus
1015 4379 1028 4392 -
1086 4383 1093 4399 ·
1129 4351 1186 4402 198.

60 4428 187 4481 Caracalla
197 4428 292 4492 imperii
302 4427 383 4478 socius
392 4441 488 4477 ussum·
702 4427 760 4478 (ieta
777 4435 849 4475 uatus
876 4454 1094 4473 ......
1130 4418 1187 4468 189.

95 4503 153 4559 ptus
192 4528 454 4545 .......
490 4494 548 4545 198.
618 4505 625 4522 ·
734 4519 748 4532 -
783 4492 872 4543 Caesar
888 4489 1049 4554 appellatus.
1085 4523 1092 4537 .
1129 4485 1186 4534 198.

59 4562 136 4612 ellum
154 4561 292 4612 Parthicum
345 4596 353 4612 .
388 4549 409 4610 .’
443 4594 452 4611 .
488 4561 545 4612 198.
735 4583 750 4598 -
782 4558 902 4622 lugentur
935 4579 950 4594 ·
1001 4588 1015 4606 a
1043 4589 1052 4606 .
1086 4587 1093 4603 .
1128 4549 1189 4602 298.
