3144 5236
245 261 315 328 &ab
345 278 538 324 nrssaartrro
552 277 584 322 nt
599 277 650 329 ou.
660 274 746 322 mr.
759 273 847 320 rnen.
861 273 1057 320 rauracusrtr
1068 277 1294 322 aroaoaarrcma
1309 278 1395 322 asra.

251 429 315 493 sire
342 437 443 492 ructus
472 429 630 509 vermeque
660 427 807 490 anhelitus
842 427 967 490 mado
1001 437 1153 490 canantur
1185 428 1307 490 madere
1341 429 1474 502 oranda,

251 533 344 594 eaque
365 522 497 576 eructare
520 513 687 575 etmittere
708 522 789 576 extra
810 525 912 593 pem
934 531 1031 576 suum.
1062 513 1099 574 tt
1119 513 1149 574 in
1171 513 1387 592 exemplaribus
1409 533 1471 576 no-

252 598 324 661 stris
352 598 561 678 manuscriptis
587 605 619 661 et
644 597 731 659 editis
757 598 971 677 antiquioribus
1000 613 1055 677 pro
1084 609 1234 660 conantem
1255 597 1399 677 scriptum
1421 607 1472 661 est

258 696 410 747 curantur
434 683 570 758 t'lertarll.
591 683 658 745 loeo
680 683 755 760 cit).
797 683 888 744 Cuius
912 699 1020 744 sensus
1042 701 1111 743 esse
1132 690 1247 761 potest,
1270 685 1420 748 ructando
1443 692 1474 745 et

249 769 402 834 araoumm
424 767 584 830 emittendo
605 770 741 830 ferantur
761 766 862 830 labora
883 785 939 828 sua
963 776 991 830 ct
1012 769 1141 829 cruciatu
1162 767 1279 828 liberari
1302 787 1337 828 aa
1361 769 1466 830 aerari.

251 853 311 916 Sed
337 853 437 932 patior
462 853 578 914 ridetur
605 853 695 914 altera
721 853 819 914 lectio.
861 853 903 914 lle
932 852 979 914 his
1007 853 1085 920 eninr
1108 851 1203 913 adbuc
1223 851 1311 912 tortis
1333 859 1363 914 et
1381 853 1464 914 laba·
1491 909 1501 920 ,

249 937 383 1000 rantibus
404 938 513 998 Auctor
533 943 638 998 noster
657 937 739 1016 loqui
760 937 884 1011 videtur,
907 937 956 1016 qui
978 938 1163 998 conduentes
1184 937 1303 998 adiecit:
1328 938 1389 1010 Qui
1403 955 1464 999 as—

246 1023 377 1085 belando
389 1024 561 1102 profantur
574 1021 690 1098 (thiar,
706 1022 898 1102 manuscripti
919 1030 950 1083 et
970 1022 1017 1083 alii
1040 1032 1106 1082 ante
1122 1020 1236 1100 Rigaltii
1260 1029 1371 1101 tempos
1391 1022 1462 1084 editi

248 1108 454 1188 praefamur,
489 1107 542 1168 setl
568 1106 647 1168 haud
668 1107 791 1168 multam
813 1107 941 1168 absimili
962 1105 1135 1185 significata.
1179 1106 1226 1168 lit
1246 1106 1326 1168 enim
1345 1116 1406 1168 tum
1426 1123 1465 1167 ex

250 1191 320 1265 illis,
343 1191 420 1252 sicut
441 1211 476 1253 ex
498 1191 616 1270 Virgilio
639 1200 668 1252 et
689 1191 755 1253 aliis
777 1191 949 1260 audivimus,
983 1191 1077 1252 excuti
1099 1191 1186 1252 deum
1208 1209 1321 1270 eosque
1341 1191 1389 1252 dei
1410 1191 1466 1252 ali·

252 1275 336 1338 cuius
369 1276 511 1338 instinctu
542 1277 665 1338 lundene
697 1276 825 1338 oracula.
867 1277 903 1336 At
932 1275 1086 1344 ille0baec
1114 1274 1210 1336 omnia
1242 1293 1303 1336 non
1329 1276 1393 1337 reri
1415 1275 1469 1337 Dei

250 1379 353 1440 opera,
376 1361 429 1422 sed
450 1361 611 1433 fallacibus,
634 1361 710 1422 sicut
730 1360 839 1422 dictum
861 1370 917 1434 est,
940 1363 1116 1422 daemonum
1137 1358 1305 1440 praestigiis
1325 1362 1389 1422 lieri
1405 1361 1471 1422 esi-

243 1445 426 1514 ·dentissime
447 1445 640 1508 demonstrat.
684 1443 768 1507 Tana
789 1446 866 1507 etaim
888 1445 1093 1507 aChristianis
1116 1445 1238 1506 adiurati
1261 1445 1298 1506 ad
1319 1446 1472 1508 anunm

253 1547 287 1591 se
308 1531 468 1594 daemones
490 1549 558 1592 esse
580 1529 839 1610 compellebantur,
862 1539 894 1592 ut
915 1539 1015 1609 postea
1037 1529 1132 1592 adhuc
1153 1529 1294 1592 dicemus.

337 1615 487 1694 Explicatu
508 1633 579 1676 roro
601 1615 689 1693 longe
710 1615 871 1676 difficiliora
895 1624 974 1688 suut
996 1633 1071 1693 quae
1092 1615 1140 1676 his
1156 1615 1362 1676 subiiciuatur.
1393 1615 1474 1688 Quis

250 1698 333 1760 enim
353 1699 437 1760 lacile
458 1698 565 1760 dixerit
585 1717 727 1778 quaenam
748 1699 796 1762 illa
819 1701 859 1761 sit
883 1699 970 1780 Virpo
999 1699 1140 1763 Caelestis
1171 1717 1245 1778 quae
1266 1699 1303 1760 ab
1326 1699 1377 1760 illo
1397 1700 1475 1780 pluss

246 1789 373 1846 aionem
391 1785 596 1863 pollicitatoris
615 1783 778 1863 appellatur
799 1783 921 1860 libide?
957 1785 1095 1845 Nonnulli
1116 1783 1259 1862 siquidem
1281 1785 1359 1846 banc
1378 1785 1475 1846 luno·

251 1883 331 1942 uem,
354 1868 402 1929 alii
417 1869 586 1944 Fortunam,
609 1869 658 1930 alii
673 1869 821 1943 Cererem,
837 1869 884 1930 alii
900 1869 1047 1941 Uraniam,
1061 1868 1109 1930 alii
1124 1870 1267 1930 Venerem
1282 1887 1351 1931 esse
1365 1871 1475 1931 existi·

251 1961 343 2025 mant,
366 1954 433 2031 quia
455 1953 575 2014 Veneris
597 1953 721 2016 Uraniae
750 1954 813 2015 sire
837 1955 977 2016 Caelestis
1011 1954 1133 2032 eiusque
1161 1953 1260 2033 templi
1288 1955 1474 2016 munnam

252 2037 433 2109 Herodotus,
453 2037 613 2099 Pausanias
636 2047 666 2100 et
678 2037 826 2102 Larianus
848 2039 982 2100 lecenrnt
1002 2039 1154 2108 (llercdot
1176 2037 1225 2098 lib.
1247 2037 1269 2098 l.
1285 2055 1349 2118 cap.
1366 2041 1419 2103 31.
1443 2049 1475 2100 et

255 2125 326 2186 105.
368 2122 494 2184 Pausau.
523 2122 573 2183 lib.
596 2123 618 2183 1.
647 2139 712 2203 pag.
738 2127 786 2186 ll.
810 2132 839 2185 et
862 2127 910 2186 17.
960 2123 1079 2184 anian.
1109 2123 1180 2184 llial.
1208 2124 1275 2184 ilat
1304 2132 1333 2184 et
1360 2124 1473 2186 liusar.

251 2224 318 2288 pag.
334 2208 431 2283 ets).
464 2205 556 2268 Nobis
577 2214 674 2268 autem
697 2207 809 2269 lucilius
830 2207 1004 2287 probabitur
1026 2208 1066 2270 ibi
1087 2208 1306 2290 aVertulliano
1320 2209 1470 2288 designari

250 2291 403 2370 propriam
423 2309 458 2352 aa
479 2291 683 2371 municipalem
697 2293 810 2354 anime
831 2293 926 2363 deam,
948 2311 1035 2372 quam
1057 2292 1143 2372 paulo
1165 2301 1235 2372 post
1255 2294 1286 2353 in
1301 2293 1400 2355 Airica
1417 2295 1471 2355 coli

252 2375 425 2438 testificatur
461 2375 644 2450 (Vertarllian.
684 2377 836 2456 apologet
869 2395 932 2456 cap.
970 2381 1045 2452 24.).
1108 2377 1286 2456 Augustinus
1324 2379 1473 2456 siquidem

250 2459 337 2520 testis
359 2459 458 2539 utique
480 2461 612 2523 canaan
634 2461 672 2522 de
691 2461 739 2523 illa
761 2461 815 2522 dea
837 2463 909 2523 baec
930 2462 1089 2522 memoriae
1110 2462 1252 2540 prodidit:
1280 2461 1474 2526 Veniebamus

252 2562 310 2606 nos
337 2544 496 2624 aliquando
528 2545 730 2622 adolescentes
759 2548 799 2608 ad
827 2547 998 2627 spectacula
1027 2547 1213 2626 ludibriaque
1241 2547 1472 2632 spcrr'leqoruae

252 2627 466 2708 Spectabamus
488 2633 674 2712 arreptitios,
697 2631 887 2693 audiebamus
911 2633 1154 2711 symphoniacum
1180 2632 1259 2693 ludis
1275 2637 1472 2712 turpissimis,

244 2717 307 2794 'qui
332 2715 387 2776 diis
417 2713 581 2794 deabusque
608 2715 837 2786 exhibebantur,
872 2716 1106 2788 oblectabamur,
1140 2717 1268 2778 Caelesti
1298 2716 1415 2795 Virqisi
1443 2729 1475 2779 et

251 2797 466 2878 Berecyntbiae
494 2798 591 2861 Matri
620 2804 750 2862 omnnem
782 2800 914 2878 (August.
942 2801 992 2862 lib.
1020 2801 1055 2861 ll.
1084 2801 1122 2861 de
1149 2801 1231 2864 Cirit.
1254 2800 1307 2862 [lei
1328 2819 1390 2880 cap.
1414 2806 1471 2876 4.).

251 2882 369 2944 Rursus
391 2893 488 2945 autem
509 2892 628 2962 postea:
665 2883 721 2946 Ubi
740 2897 769 2949 et
790 2885 907 2964 quando
931 2889 1047 2948 sacrati
1068 2883 1208 2949 Caelestis
1236 2887 1391 2948 audiebant
1414 2905 1469 2946 ca-

253 2972 367 3029 stitatis
386 2979 548 3048 praerepta
569 2973 728 3031 nexuras.
772 2974 847 3031 Ante
869 2975 969 3050 ipsum
991 2981 1087 3032 tamen
1110 2971 1280 3042 delubrum
1301 2971 1353 3032 abi
1372 2973 1469 3031 arma-

253 3051 373 3113 laarurn
394 3052 471 3114 illud
493 3053 621 3114 tecuam
642 3054 903 3134 cantitabamus,
925 3060 1067 3117 uniuersi
1084 3057 1212 3136 undique
1235 3057 1418 3133 confluentes
1442 3066 1474 3117 et

252 3135 308 3196 ubi
323 3138 446 3226 quisque
463 3145 587 3214 poterat
607 3148 731 3209 stantes,
756 3138 842 3202 ludas
865 3143 918 3218 qni
937 3140 1111 3218 aqebantur,
1138 3144 1332 3202 intentissimi
1352 3151 1475 3220 speeta-

255 3219 374 3290 barnus,
407 3224 556 3282 intuentes
589 3220 767 3286 alternante·
789 3235 948 3302 conspectu
982 3225 1049 3285 binc
1083 3229 1283 3286 meretriciam
1317 3243 1472 3305 pompam.

253 3302 340 3364 illisa
362 3306 507 3383 oirqinern
528 3307 611 3366 deam
632 3305 716 3367 illurn
738 3306 914 3387 suppliciter
935 3309 1071 3378 adorari
1099 3322 1168 3372 ante
1189 3309 1273 3370 illam
1295 3314 1400 3390 turpia
1425 3329 1472 3372 ee·

255 3385 386 3448 lebrari:
420 3406 483 3450 non
508 3390 552 3450 ibi
573 3390 765 3470 pudibundos
791 3397 911 3463 menos,
944 3393 1060 3454 nullam
1087 3395 1329 3456 oerenandiorena
1352 3413 1474 3456 scenam

253 3472 399 3546 vidimus‚·
423 3483 529 3534 nauata
551 3475 761 3536 obscaenitatis
782 3477 983 3556 implebantur
1005 3479 1118 3558 efficia.
1149 3479 1306 3541 Sciebatnr
1326 3479 1477 3560 uirqinali

253 3559 373 3619 numini
392 3553 462 3639 qnid
478 3557 614 3636 placeret
634 3569 663 3620 et
685 3559 879 3622 ecbibebotur
899 3563 978 3641 quod
1006 3565 1039 3625 de
1060 3563 1168 3641 tenrplo
1191 3565 1309 3625 domurn
1328 3577 1473 3627 matrona

255 3642 373 3704 doctior
395 3653 568 3722 reportaret
589 3643 675 3718 (lbitl.
698 3661 760 3724 cap.
776 3647 850 3722 lin).
893 3645 980 3708 Plura
1002 3647 1097 3709 adbuc
1116 3647 1153 3708 do
1174 3666 1208 3709 ea
1229 3647 1277 3709 ille
1299 3648 1378 3710 alibi.
1412 3648 1471 3710 Sed

245 3727 328 3789 ‘baec
348 3725 424 3788 satis
443 3743 590 3805 superque
609 3728 737 3806 probant
757 3730 833 3808 apud
860 3731 946 3792 Afros
968 3732 1061 3794 inisse
1083 3732 1223 3811 templum
1246 3732 1373 3811 Virginis
1396 3734 1470 3795 Cae-

255 3811 355 3884 luna,
383 3826 458 3890 quae
478 3825 540 3873 non
560 3813 657 3874 solum
677 3813 714 3874 ‘ab
734 3813 793 3876 illis
815 3814 979 3888 colebatur,
1007 3817 1060 3878 sed
1080 3833 1154 3894 qnae
1176 3817 1315 3879 siccitatis
1334 3827 1472 3898 tenspore

253 3895 292 3957 ab
314 3892 419 3956 iisdem
441 3897 588 3970 invocata,
620 3897 731 3976 pluvias
752 3899 943 3978 pollicebatur
979 3919 1106 3980 moxque
1135 3903 1246 3964 laturas
1273 3903 1472 3981 praedicebat

247 3979 299 4040 nb
320 3979 444 4042 allorum
466 3989 563 4042 autem
585 3981 773 4062 opinionibus
794 3985 876 4058 baec,
897 4003 984 4063 quam
1005 3985 1210 4064 proponimus.
1232 4005 1293 4048 non
1312 3987 1389 4048 *adeo
1406 3987 1469 4049 dis·

248 4063 313 4124 'sita
336 4072 390 4137 at,
412 4065 483 4144 quin
504 4065 578 4145 ipsis
599 4081 661 4127 nan
680 4069 779 4146 possit
798 4069 990 4130 reconciliari.
1020 4070 1092 4131 Nam
1115 4072 1169 4134 dea
1189 4071 1236 4132 illa
1249 4087 1314 4152 pro
1335 4072 1469 4134 locomm

247 4145 423 4214 aliremitate
443 4150 567 4212 diversis
593 4151 750 4214 recabatur
776 4153 954 4216 nominibus.
999 4155 1118 4218 Testem
1147 4156 1173 4216 si
1200 4155 1368 4228 desider-os,
1403 4175 1470 4219 mcc

254 4231 444 4295 Ambrosium
466 4234 495 4296 id
517 4245 717 4298 asserentem:
756 4235 854 4311 maai
875 4239 1048 4312 Caelestenn
1080 4240 1188 4320 inquit,
1216 4244 1302 4321 Asai,
1326 4241 1471 4304 nesam

248 4307 407 4389 ἤνυσε)
414 4317 548 4399 plerique
571 4320 709 4384 Veterem
732 4323 847 4394 munt,
877 4342 938 4405 pro
960 4326 1133 4387 diuersitate
1154 4329 1298 4398 nominis,
1326 4345 1391 4390 nan
1410 4343 1470 4407 pro

247 4405 390 4566 guwetpnts
423 4407 569 4467 uarietate
602 4407 748 4480 (imbros.
782 4406 875 4487 Epist
907 4411 955 4473 l8.
983 4410 1047 4472 adr.
1077 4410 1240 4490 symmach.
1270 4414 1299 4489 5.
1328 4413 1380 4478 30.
1403 4420 1468 4491 pat·
