3126 5250
257 369 321 434 ²86
355 384 546 430 nrssanaarro
561 385 591 430 ru
606 385 656 437 on.
671 383 754 430 eser.
767 384 854 430 mon.
869 383 1063 430 amusement
1076 383 1297 428 aronocsrrcnu
1310 385 1383 430 carr.

257 555 372 610 aarum,
394 555 468 616 quae
488 554 557 598 mox
577 536 687 599 ductor
706 545 810 599 noster
830 537 961 598 nicusus
982 545 1028 598 est
1041 535 1302 616 ·antinipatioaem.
1339 533 1389 595 Sed
1406 531 1436 594 da

257 623 305 684 his
337 622 395 684 iam
426 621 531 700 aliquid
563 621 595 684 in
626 620 770 702 superiori
803 621 1012 684 dissertatione
1043 620 1233 683 delibavimus
1267 617 1436 697 (dissertio

257 707 388 770 Laetam.
409 723 471 785 cap.
494 707 545 771 39.
565 707 628 768 hrt.
649 709 704 784 tt).

340 790 513 870 Philosophi
540 789 630 870 igitur
655 789 836 858 lraudnlenta
856 787 988 852 scutatis
1010 790 1204 852 ostentatione
1225 788 1318 870 pravis
1338 786 1436 868 opinio-
1523 809 1524 814 ¹

256 877 344 938 nibus
365 875 442 937 illam
464 875 673 949 adulterabant,
695 891 734 937 ne
754 877 894 956 patefacta
914 875 1017 954 vulgus
1038 874 1174 937 insanum
1196 873 1352 936 offenderet
1369 878 1396 932 et
1412 877 1438 932 ut

256 961 315 1041 ipsi
336 959 438 1022 lalsam
459 979 550 1021 ranan
571 960 743 1022 cruditionis
765 960 887 1041 gloriam
908 959 966 1021 sihi
987 967 1124 1040 parerent
1143 977 1177 1022 ac
1196 964 1371 1021 venarentur.
1390 955 1436 1016 lle-
1524 1029 1525 1034 ἵ

256 1044 481 1118 rumonimsero,
503 1050 535 1107 ia
556 1055 708 1126 wantum,
730 1045 771 1106 ait
792 1043 1001 1118 Tertullianus,
1026 1045 1125 1106 odram
1145 1047 1261 1124 flagrat
1279 1045 1392 1117 ventas,
1413 1043 1439 1099 la

256 1142 374 1196 tantum
395 1134 447 1210 qut
466 1148 529 1190 eam
549 1147 589 1192 ea
608 1131 668 1211 fide
685 1141 834 1211 praestat,
857 1131 991 1212 offendit.
1024 1127 1087 1202 Qui
1104 1141 1205 1192 cutem
1225 1124 1439 1198 adulterantes

254 1217 384 1278 manime
403 1217 523 1278 omnim
542 1219 672 1294 matiam
690 1219 798 1298 pangit
816 1216 897 1294 apud
910 1219 1108 1276 insectatores
1123 1217 1261 1276 veritatis
1281 1209 1441 1286 (Tertudlian.

255 1300 406 1378 llpologet.
429 1316 491 1377 cap.
514 1301 588 1374 411).
630 1297 667 1361 llt
687 1297 760 1360 banc
781 1297 908 1378 quidem,
934 1316 990 1359 nen
1010 1297 1094 1377 plura
1115 1297 1146 1358 in
1167 1297 1283 1377 lligaltii
1303 1304 1331 1356 et
1350 1293 1440 1355 subse·

256 1385 330 1447 cotis
353 1383 418 1446 aliis
440 1383 626 1446 editionibus.
669 1384 703 1444 ln
724 1382 939 1462 antiquioribus
971 1401 1041 1443 vero
1067 1399 1122 1444 nnn
1142 1400 1203 1444 non
1225 1381 1257 1443 in
1277 1379 1380 1442 nostris
1399 1397 1440 1438 rc·

255 1468 369 1530 dinibus
397 1468 606 1548 manuscriptis
641 1475 709 1548 post
735 1468 856 1529 verbum
883 1468 1037 1530 adulterat
1064 1467 1193 1528 additum
1226 1475 1275 1528 est
1295 1476 1321 1528 et
1340 1463 1441 1546 affectat

255 1571 289 1616 an
309 1561 380 1634 post
399 1571 507 1614 nomen
528 1556 668 1616 veritatis
689 1552 794 1632 legitur
815 1571 903 1634 quam
916 1553 999 1628 (editi
1012 1551 1084 1633 quo)
1100 1551 1243 1614 illusores
1259 1562 1287 1614 et
1301 1557 1442 1630 corrupta-

255 1657 306 1702 rer
334 1642 451 1700 inimice
477 1637 559 1710 (editi
586 1635 714 1718 umine)
733 1637 909 1718 philosopha·
929 1639 1081 1720 affectant.
1125 1635 1184 1698 Cur
1205 1644 1301 1698 autem
1321 1632 1441 1711 Rigaltius

255 1721 354 1784 omnia
374 1723 447 1784 haec
467 1721 653 1795 insonaverit,
674 1723 819 1784 rationem
841 1722 867 1784 si
888 1739 1022 1801 quaeras,
1049 1719 1158 1782 nullam
1180 1721 1216 1782 ah
1239 1739 1275 1782 eo
1297 1720 1384 1781 daona
1402 1717 1440 1776 in·

253 1806 367 1868 venies.
411 1805 490 1878 Quid
523 1804 619 1886 crgo?
661 1807 818 1886 Numquid.
839 1807 1010 1869 obscuriora
1044 1823 1078 1868 ea
1106 1824 1175 1868 esse
1201 1805 1313 1886 putarit
1339 1811 1365 1864 et
1388 1801 1441 1862 ideo

253 1888 404 1952 tollenda?
447 1891 536 1952 Recte
557 1890 684 1970 quidem,
714 1891 740 1952 si
761 1891 855 1972 ipsius
876 1909 935 1952 non
958 1891 1068 1971 antiqui
1089 1890 1223 1952 Ancora
1247 1889 1333 1952 verba
1352 1893 1440 1956 noant,

254 1995 329 2055 qnae
351 1975 552 2056 supprimendi
573 1976 670 2037 nullus
691 1975 795 2049 editor,
822 1976 879 2038 nisi
906 1976 1019 2038 reddita
1041 1975 1163 2049 ratione,
1191 1975 1238 2037 ius
1261 1982 1380 2054 unquam
1397 1971 1440 2032 ha-

253 2059 327 2121 buil.
369 2060 406 2120 ht
433 2078 531 2122 nonne
558 2077 679 2122 sensum
708 2059 787 2121 hanc
814 2061 955 2140 optimum
983 2059 1134 2122 officiunt?
1178 2060 1327 2132 Quantum
1352 2055 1437 2118 reritu
1526 2075 1527 2116 l

254 2145 323 2206 odio
351 2143 483 2218 habetur,
512 2153 624 2208 tantum
651 2145 701 2224 qui
729 2163 793 2206 eam
821 2146 936 2208 sincere
957 2146 1061 2218 docet,
1082 2145 1108 2206 is
1131 2143 1207 2206 alios
1230 2142 1357 2206 aliendit.
1393 2135 1435 2211 Oui
1526 2157 1527 2162 ’

254 2235 352 2290 autem
373 2247 438 2290 eam
459 2229 620 2291 enecando
642 2229 795 2302 adulterat,
816 2230 870 2292 bon
892 2235 956 2310 apso
978 2234 1097 2292 nomine
1114 2229 1237 2290 eandem
1252 2219 1435 2308 graumapul

253 2313 331 2375 illius
345 2313 538 2375 insectatores
553 2313 617 2386 init,
633 2331 720 2394 quam
734 2314 871 2396 illusores
885 2323 915 2375 et
928 2323 1127 2394 corruptores.
1151 2313 1348 2386 Quamobrem
1363 2305 1436 2390 geni

253 2399 296 2460 les
307 2398 476 2478 philosophi
487 2398 613 2477 agnitam
626 2399 774 2460 varintem
790 2407 926 2478 tanquam
937 2400 1019 2460 mimi
1032 2399 1156 2460 aliorum
1168 2399 1255 2472 dien,
1268 2401 1339 2460 lacta
1351 2407 1439 2474 otper-

254 2501 344 2544 sonas
357 2483 492 2544 affectant
512 2501 546 2544 an
566 2493 766 2563 corrumpunt.
795 2483 910 2545 Dixisse
932 2493 1029 2545 nutam
1041 2483 1368 2554 Terudliannsvidetur,
1387 2475 1441 2559 phi·

250 2567 398 2646 losophos
420 2569 571 2628 affectasse
591 2568 652 2629 reri
675 2576 762 2630 tatem
784 2587 844 2630 non
858 2569 976 2648 quidem
990 2573 1116 2641 s'nr'mlae,
1139 2577 1173 2630 ut
1186 2569 1217 2630 in
1233 2567 1378 2631 codicibus
1391 2579 1443 2624 ma·

252 2651 413 2732 suscriptis
436 2652 577 2731 scriptum
600 2661 647 2714 est
661 2651 822 2714 scribarum
836 2653 999 2726 oscitantia,
1014 2654 1064 2732 qui
1078 2672 1113 2714 ex
1127 2653 1223 2732 prima
1238 2654 1332 2715 littera
1345 2669 1372 2711 ro
1384 2649 1443 2709 duas

251 2741 284 2799 ia
305 2738 474 2810 euenerunt,
498 2737 550 2798 sed
572 2737 671 2817 polius
691 2743 811 2810 momine,
834 2739 1077 2817 quemadmodum
1098 2738 1128 2798 in
1143 2737 1200 2798 alio
1212 2739 1290 2800 libro
1305 2735 1380 2808 dixit,
1400 2729 1444 2793 lli·

252 2822 335 2882 thrae
357 2821 477 2883 militnm
500 2839 568 2883 esse
589 2823 672 2902 quasi
692 2827 814 2884 mimum
833 2827 979 2903 martyrii
987 2822 1080 2897 (ldem
1094 2821 1144 2885 lib.
1161 2823 1197 2884 da
1214 2824 1331 2886 Corona
1344 2820 1372 2880 in
1385 2817 1445 2888 lin.)-

334 2907 452 2968 Fatetur
473 2905 570 2985 itaque
591 2907 628 2968 ab
649 2905 754 2969 iisdem
775 2906 962 2988 philosophis
985 2907 1104 2988 saepius
1127 2908 1276 2987 cognitam
1296 2904 1445 2986 vannum:

254 2990 330 3064 Quis
353 2995 438 3064 eaba,
461 2991 565 3070 inquit,
590 2997 759 3072 poetarum,
788 2997 853 3073 quis
877 2993 1091 3074 sophistarum,
1119 2998 1172 3073 qai
1190 3011 1255 3054 aoso
1277 2993 1311 3054 de
1329 2985 1447 3070 proplt-

252 3087 353 3138 torum
379 3077 465 3154 [onte
489 3074 670 3156 potaverit?
713 3075 786 3138 lude
812 3081 906 3156 r'pr'tur
934 3088 962 3138 et
986 3077 1162 3157 pba'loaoplo'
1181 3083 1264 3140 altalo
1284 3077 1392 3155 ingenii
1408 3069 1449 3132 sui

251 3165 429 3240 monuerant
450 3159 631 3232 (Tertullian.
652 3160 803 3239 apologet.
826 3179 888 3241 cap.
904 3165 978 3236 tl).
1021 3161 1168 3224 llactenus
1190 3161 1282 3222 editio
1304 3155 1448 3236 Rigaltiana

250 3261 318 3304 cum
339 3243 404 3305 allis
426 3251 512 3322 atque
535 3243 621 3306 etiam
643 3243 850 3324 manuscriptis
867 3247 978 3308 nostris
993 3245 1161 3307 codicibus:
1184 3247 1238 3307 sod
1254 3247 1285 3308 in
1301 3245 1364 3305 istis
1378 3241 1447 3308 haec,

250 3335 397 3406 amputata
424 3346 440 3388 a
469 3326 604 3406 Rigaltio,
636 3328 748 3390 adiecta
774 3338 861 3391 sunt:
902 3329 939 3392 Ut
966 3349 1042 3412 quas
1068 3332 1104 3394 de
1130 3336 1249 3395 nostris
1279 3330 1391 3400 babeat,
1420 3337 1449 3383 tt

251 3425 425 3492 comparent
451 3411 524 3474 illis.
567 3413 676 3474 Verum
704 3414 730 3474 si
757 3414 830 3476 hacc
860 3414 983 3494 Rigaltio
1012 3424 1062 3477 aut
1083 3415 1251 3477 errantibus
1274 3405 1448 3494 typographis

250 3495 431 3569 exnidcmnt,
458 3495 524 3575 quis
555 3497 698 3560 maiorem
725 3498 789 3559 eius
812 3499 989 3579 diligentiam
1010 3517 1070 3561 non
1092 3498 1298 3562 desiderabit?
1339 3497 1448 3560 sivero

125 3616 129 3624 ,
249 3583 276 3644 is
299 3580 381 3642 solus
404 3581 525 3660 proprio
547 3581 638 3644 Marte
660 3601 693 3644 ea
715 3583 843 3656 abstulit,
875 3583 941 3663 quis
969 3584 1118 3646 audaciam
1140 3584 1218 3647 illius
1240 3583 1351 3666 poterit
1370 3595 1447 3640 ercu-

248 3665 337 3730 sare?
379 3665 452 3728 Nam
474 3667 547 3728 haec
566 3666 603 3728 ad
625 3667 796 3730 Tertulliani
816 3668 983 3730 institutum
1014 3669 1139 3732 mamare
1162 3669 1283 3731 lauant.
1327 3665 1457 3728 Proban·'

248 3751 317 3814 dom
340 3751 484 3832 siquidem
507 3761 679 3832 susceperat
699 3751 822 3832 gentiles
844 3752 1040 3834 philosophos
1055 3753 1227 3816 Christianis
1249 3751 1370 3816 scientia
1390 3763 1447 3834 om·

247 3837 319 3901 nino
345 3843 537 3916 praepostere
566 3837 731 3916 adaequari.
775 3837 812 3898 ht
825 3837 894 3900 illud
924 3847 1003 3900 recte
1032 3857 1068 3899 eo
1096 3838 1290 3903 demonstrat
1319 3835 1403 3916 quod,
1422 3835 1449 3890 ¹¹²

249 3939 333 3983 suern
355 3940 421 3984 num
445 3929 547 3982 nostra
569 3920 733 3983 doctrinam
754 3932 968 4003 compararent,
991 3941 1027 3984 ex
1048 3941 1133 3984 sacro
1153 3924 1365 4003 prophatarum
1379 3919 1449 3978 tonte

247 4005 383 4068 hortulos
405 4025 487 4080 suos,
511 4013 543 4068 ut
564 4003 715 4069 Ciceronis
737 4007 834 4068 verbis
857 4015 983 4080 utamur,
1005 4007 1196 4087 irrigaverant
1216 4008 1311 4082 (ldem
1333 4005 1386 4068 loc.
1407 3999 1448 4062 o't

249 4107 331 4168 supr.
353 4109 416 4169 cap.
438 4095 468 4155 4.
491 4091 552 4152 Art.
575 4094 629 4166 4.).
657 4090 758 4170 Neque
779 4091 809 4152 id
830 4091 912 4154 valde
927 4092 1043 4154 difficile
1057 4093 1130 4172 ipsis
1146 4101 1218 4154 erat.
1249 4093 1338 4155 Sacra
1352 4087 1449 4170 quippe

248 4173 361 4235 Veteris
390 4175 572 4255 Testamenti
592 4175 742 4255 Scriptura
770 4175 907 4240 omnihus
937 4177 1121 4239 ethnicorum
1148 4171 1448 4240 commentationibus,

247 4257 291 4319 uti
313 4257 377 4336 ipsc
398 4259 439 4320 ait
460 4269 490 4322 ct
509 4278 566 4321 nos
588 4260 666 4322 haud
688 4261 780 4322 semel
802 4261 994 4336 ostendimus,
1018 4270 1064 4323 est
1083 4263 1171 4342 longe
1186 4261 1345 4341 antiquior.
1372 4257 1449 4318 Plura

248 4341 345 4421 itaque
367 4343 541 4407 documenta
563 4363 598 4408 ex
620 4345 714 4408 sacris
735 4346 848 4408 nostris
869 4345 962 4420 libris,
985 4346 1062 4409 sicut
1081 4347 1149 4410 alibi
1170 4345 1291 4409 anobis
1305 4341 1450 4424 probatum

247 4435 302 4502 est,
325 4427 412 4490 iurati
434 4437 510 4504 sunt,
534 4438 567 4491 ut
581 4429 753 4493 Christianis
774 4449 862 4511 pares
885 4431 1006 4494 scientia
1029 4433 1218 4495 crederentur
1240 4425 1451 4510 (Supr.nap.d·

246 4511 307 4575 llrt.
330 4516 350 4577 4
373 4519 403 4574 ct
423 4531 505 4593 seqq.
528 4521 599 4576 tom.
622 4515 644 4578 l.
666 4516 805 4597 Apparet.
826 4534 857 4596 p.
880 4519 952 4581 384.
974 4517 1046 4582 531.
1068 4520 1131 4584 909
1153 4526 1183 4579 et
1206 4519 1290 4579 1112
1309 4521 1339 4576 et
1352 4512 1449 4591 seqq)-

329 4598 383 4662 nst
402 4596 572 4681 philosophi
593 4599 635 4662 illi
656 4601 780 4682 gloriae,
809 4601 850 4664 ait
871 4599 1078 4678 Tertullianus,
1107 4595 1451 4684 reconsecratores
