3020 5230
194 391 202 402 ¹
320 387 382 452 882
467 402 660 447 ntsettttrtrto
676 403 714 445 DE
727 401 812 447 mil
825 403 864 445 ET
879 401 938 446 11111.
954 401 1064 448 tttnout
1078 401 1198 446 amon.
1213 403 1381 447 turtulam

403 551 454 616 llla
482 551 587 631 igittrr,
615 559 878 631 quae'sequuntur
898 551 930 613 in
952 549 1124 614 Tertulliani
1145 551 1244 614 libello
1265 551 1300 612 de
1317 551 1449 631 1111111·-

318 637 407 699 nibus
429 655 492 716 cap.
515 640 566 700 45.
595 644 664 715 post
691 635 739 696 illa
768 635 873 696 verba:
901 639 990 698 etiam
1018 635 1191 715 specialiter
1219 637 1449 716 respondebitur

319 721 420 783 codice
451 719 658 798 Hirsaugiensi
689 718 906 799 praecedebant
937 720 1017 782 bunc
1051 720 1149 798 ipsum
1181 720 1219 781 de
1252 719 1449 798 Praesotiptionlo

314 805 424 866 librum
447 804 476 865 in
499 804 600 866 codice
624 803 839 867 Paternaciensi
861 813 925 864 erat
945 803 1060 866 libellus
1081 812 1253 884 seperatus,
1276 804 1334 864 sine
1351 805 1449 882 epigram

314 887 349 951 in
371 888 427 950 alio
450 906 520 949 vero
543 887 644 950 codice
666 888 769 950 titulus
791 905 886 950 novus
909 895 973 948 erat
992 889 1148 952 Aduersus
1167 887 1276 956 Omnes
1290 887 1449 950 Hoeroub

319 991 376 1054 que
398 981 428 1034 et
448 972 478 1032 in
502 971 634 1034 llbenani
657 971 787 1033 editione
808 972 882 1033 baec
902 971 1059 1051 separatim
1082 991 1190 1036 excusa
1213 981 1293 1046 sunt,
1314 972 1383 1050 quasi
1396 971 1449 1030 bu

317 1075 425 1120 novus.
468 1056 502 1116 ln
525 1055 642 1136 Rigaltii
665 1056 793 1117 editione
816 1055 951 1118 similiter
972 1054 1022 1119 bic
1040 1055 1156 1118 libellus
1178 1056 1238 1118 boc
1257 1056 1288 1117 in
1308 1055 1363 1116 loon
1381 1055 1449 1114 siole

318 1141 412 1202 ditur:
438 1173 476 1184 -
499 1141 757 1222 respondebimus.
800 1139 881 1204 Haec
902 1144 935 1201 ia
955 1141 1015 1222 fide
1037 1143 1174 1202 ueritatis
1190 1144 1220 1202 ci
1408 1138 1449 1215 lun

319 1227 399 1288 tibus
423 1243 487 1304 pon
515 1237 544 1288 et
571 1229 673 1304 pretio
701 1225 817 1287 domini
841 1229 945 1287 nostri
970 1224 1041 1286 lesu
1065 1225 1180 1288 Cbra'sti
1200 1228 1236 1286 iu
1257 1236 1397 1287 oeteraun
1422 1221 1449 1294 tlt

319 1307 499 1388 subscriptio
527 1307 694 1387 pergebatz)
726 1307 841 1370 Contra
867 1307 1032 1372 bocruicos
1060 1308 1193 1392 explicit.
1244 1307 1327 1370 Nunc
1345 1325 1410 1386 pono
1422 1323 1449 1382 pt

320 1393 529 1473 sequebantur,
553 1393 674 1454 deerant
695 1392 727 1453 in
748 1389 850 1454 codice
870 1391 1029 1471 Apobardi.

403 1476 483 1538 llaec
511 1477 567 1537 etsi
596 1474 722 1538 obscura
743 1475 866 1549 iudicia,
898 1475 987 1544 nobis
1007 1494 1069 1536 non
1091 1483 1162 1537 sunt
1182 1473 1365 1554 negligenda
1385 1487 1449 1550 supet¹

319 1560 398 1623 enim
425 1577 481 1639 per
507 1559 581 1622 baec
602 1559 707 1621 indicia
729 1567 760 1622 et
780 1559 903 1640 vestigia
924 1559 973 1620 illa
994 1559 1161 1639 suspicandi
1183 1559 1279 1633 ratio,
1304 1559 1373 1618 bunc
1391 1557 1449 1616 ibn

317 1644 398 1706 varie
420 1643 608 1723 compilatum
630 1643 733 1720 luisse,
755 1662 817 1704 non
838 1663 909 1704 vero
931 1661 990 1704 nna
1012 1645 1091 1706 serie
1113 1644 1150 1706 ab
1171 1652 1295 1712 auctore
1316 1641 1411 1720 moden
1422 1655 1449 1696 u

317 1735 446 1802 textum,
476 1747 491 1790 a
513 1728 618 1790 scribis
639 1728 740 1806 potius
763 1727 869 1788 latinas
891 1735 992 1808 partes
1013 1735 1145 1790 vetustas
1167 1727 1357 1804 undecunque
1375 1725 1449 1810 deors

317 1812 398 1873 varie
418 1811 546 1904 adiectas
569 1812 673 1874 luisse.
716 1810 783 1872 Non
806 1830 881 1890 opus
904 1821 959 1885 est,
982 1819 1014 1874 ut
1035 1811 1239 1874 exscribamus
1257 1811 1305 1872 illa
1320 1809 1449 1870 contnu-

315 1895 398 1969 lime,
421 1895 448 1958 si
470 1895 536 1974 quis
559 1901 721 1973 comparet,
743 1895 898 1985 invenitur,
922 1895 1134 1958 Tertullianum
1156 1914 1192 1956 ex
1211 1895 1272 1956 isto
1287 1893 1449 1960 moncons

318 1979 385 2042 culo
408 1979 602 2052 desumsisse,
626 1979 704 2040 sicut
724 1979 772 2040 ille
794 1979 926 2042 lustinus
948 1980 985 2041 de
1008 1979 1130 2040 Simone
1147 1979 1234 2058 blago
1257 1987 1352 2050 narrat
1369 1977 1438 2036 idrus

317 2064 397 2143 quod
425 2082 529 2126 omnes
557 2063 628 2124 boni
650 2071 738 2141 atque
760 2063 879 2142 ingenui
900 2064 1062 2145 scriptores
1084 2063 1239 2144 ignorant,
1272 2063 1403 2124 Simonem
1415 2068 1449 2117 stt

317 2147 495 2208 honoratum
523 2147 616 2208 lusisse
646 2166 662 2209 a
691 2147 811 2208 Claudio
835 2147 977 2221 Caesare,
1004 2157 1127 2227 propter
1153 2148 1300 2226 magicam
1326 2141 1438 2228 artent

316 2229 477 2292 infitiamur
498 2231 596 2306 omnia
618 2229 665 2290 illa
687 2229 793 2292 lustini
814 2233 924 2312 scripta
945 2231 1032 2292 nobis
1056 2249 1124 2293 esse
1146 2232 1276 2294 maxime
1294 2237 1412 2308 suspecta
1432 2231 1449 2280 l*

318 2320 416 2374 mrum
442 2313 491 2374 bic
511 2314 551 2374 ibi
574 2313 770 2376 Tertullianus
794 2315 900 2376 seriem
924 2323 1011 2394 atque
1032 2316 1166 2377 ordinem
1188 2315 1281 2376 simul
1302 2312 1411 2374 mutarit.
1425 2317 1449 2365 s‘

316 2395 493 2458 brevissime
515 2398 643 2478 scripsit.
686 2397 745 2460 Sed
766 2397 825 2460 iam
846 2418 908 2461 non
929 2399 997 2461 licet
1016 2398 1152 2478 pluribus
1173 2415 1354 2478 componere
1370 2391 1449 2456 stota

316 2479 389 2542 istas
418 2481 596 2556 sententias,
625 2501 690 2544 cum
717 2481 874 2544 haereticis
903 2501 964 2543 non
992 2483 1202 2563 disputandum
1230 2501 1301 2544 esse
1322 2501 1354 2543 ex
1372 2477 1449 2553 smpttl

318 2583 371 2626 eos
392 2565 544 2644 Apostolis
566 2564 673 2645 partim
695 2584 802 2646 negare
825 2566 978 2630 scientiam
999 2568 1176 2646 perlectam,
1206 2567 1317 2645 partim
1338 2563 1449 2625 imbuens

206 2644 211 2652 '
315 2647 447 2728 piantem
470 2650 674 2711 oeconomiam
696 2658 751 2710 etc.
796 2649 993 2712 Tertullianus
1016 2653 1144 2729 capitit.
1165 2651 1202 2710 de
1228 2638 1449 2711 Homerocentcdt

314 2731 463 2811 loquitur,
491 2733 631 2796 lrenaeus
653 2751 688 2796 ex
709 2733 831 2796 llomeri
853 2733 988 2796 versibus
1008 2741 1100 2797 totam
1123 2735 1281 2812 componit
1302 2727 1449 2806 testum

320 2835 382 2896 cap·
402 2820 516 2962 gdfficit
544 2907 647 2961 nostro
677 2899 818 2972 oonsilio,
853 2898 933 2978 quod
959 2901 1016 2962 iam
1045 2899 1197 2962 ellecimus
1225 2899 1288 2962 ista
1314 2891 1449 2980 componitl

295 2983 490 3045 Tertulliani
511 2983 558 3045 bis
581 2983 792 3064 scriptionibus
814 2983 919 3063 parum
942 2984 1065 3046 anobis
1087 2983 1178 3045 tribui
1199 3002 1295 3072 posse
1316 2981 1444 3044 suetonios

860 3203 890 3278 a.
913 3199 987 3262 xiv.

400 3315 502 3395 Neque
523 3335 595 3378 vero
619 3315 814 3378 omittendum
835 3316 884 3378 bic
906 3325 953 3378 est
966 3316 1039 3378 illud
1054 3315 1217 3396 problema,
1241 3315 1318 3378 satis
1333 3311 1449 3378 norunt'l

315 3398 416 3460 minus
444 3409 523 3461 certe
546 3408 746 3478 expectatum,
774 3401 854 3478 quod
875 3401 993 3478 longam
1016 3399 1161 3462 orationis
1182 3408 1304 3479 partem
1326 3419 1390 3478 quae
1405 3397 1449 3454 mu

314 3483 440 3556 mentis,
468 3483 654 3545 Alexandrini
683 3483 760 3545 illius
789 3485 938 3558 doctoris,
968 3483 1107 3546 Stromat.
1130 3483 1191 3546 vlt.
1213 3483 1273 3544 sub
1296 3485 1379 3546 mem
1396 3477 1449 3539 helel

277 3605 280 3620 ·
316 3566 404 3629 etiam
431 3567 463 3627 in
491 3567 549 3628 isto
571 3567 686 3628 lrenaei
714 3567 889 3646 corpusculo
917 3568 1102 3642 invenimus,
1129 3575 1222 3629 totam
1251 3577 1343 3648 atque
1362 3565 1449 3628 unitttd

313 3649 392 3714 libro
415 3651 448 3712 V.
479 3661 581 3712 contra
601 3650 747 3713 Haereses
776 3671 840 3730 cap.
863 3653 893 3715 8.
920 3651 1033 3730 Agebat
1058 3652 1213 3722 Irenaeus,
1241 3662 1278 3713 ut
1300 3651 1392 3714 scribit
1406 3647 1449 3704 toa

314 3735 400 3798 initio
415 3735 505 3797 buius
520 3732 598 3808 libri,
614 3735 650 3796 de
666 3735 822 3796 eversione
836 3735 894 3817 τῆς
908 3731 1127 3816 ψευδωνύμου
1142 3731 1344 3818 γνώσεως-
1357 3753 1386 3794 eo
1396 3733 1449 3813 aaut

313 3828 348 3882 ut
362 3819 577 3898 neophytorum
589 3837 708 3898 quoque
720 3838 843 3880 sensum
854 3821 1051 3892 consumaret,
1062 3829 1095 3880 ut
1107 3819 1242 3882 stabilem
1259 3811 1449 3883 emendantia

315 3901 501 3984 quambene
524 3903 700 3964 custoditam
723 3903 760 3964 ab
782 3903 905 3964 ecclesia
926 3913 1113 3983 acceperunt.
1157 3903 1226 3982 Cap.
1243 3903 1266 3964 1.
1293 3903 1364 3964 Vani
1383 3895 1449 3974 sunl

139 3989 148 3996 '
248 3985 251 3990 ’
316 3987 466 4048 Christum
495 3985 594 4048 dicunt
620 3985 751 4066 putative
773 3987 957 4066 apparuisse.
1002 3987 1071 4067 Cap.
1093 3987 1131 4049 ll.
1164 3985 1305 4050 Christus
1327 4005 1381 4048 non
1398 3975 1449 4061 secl

313 4069 418 4132 aliena
463 4071 534 4149 Cap.
556 4069 607 4132 111.
644 4071 678 4132 ln
711 4067 881 4132 infirmitate
911 4071 1008 4134 carnis
1042 4069 1137 4133 elucet
1168 4071 1262 4132 virtus
1298 4079 1330 4132 et
1355 4064 1424 4148 gum
1437 4065 1449 4112 u

314 4153 383 4233 Cap.
405 4155 452 4215 tv.
482 4155 634 4216 Falluntur
656 4153 705 4233 qui
726 4163 845 4234 praeter
868 4153 968 4216 mundi
989 4153 1197 4216 fabricatorem
1219 4154 1350 4216 alterum
1368 4151 1449 4212 usus

314 4244 390 4297 trem
406 4239 599 4317 contingunt.
651 4235 721 4316 Cap.
743 4235 775 4297 V.
812 4235 984 4298 Priscorum
1012 4237 1071 4298 rita
1090 4237 1247 4316 longaeva,
1283 4237 1364 4298 Elias
1382 4211 1449 4292 ubl

233 4385 235 4390 ,
314 4336 381 4379 mum
402 4321 532 4399 propriis
555 4321 731 4401 corporibus
753 4321 917 4394 translatio,
939 4321 1041 4394 lonae,
1063 4321 1208 4393 Ananiae,
1229 4310 1449 4400 agnoscetis

166 4401 177 4412 ‘
312 4400 351 4462 lis
374 4405 559 4465 mnservatio
582 4405 742 4466 ostendunt
751 4404 849 4466 *Deum
871 4401 998 4466 excitare
1019 4423 1111 4485 posse
1132 4423 1259 4484 corpora
1281 4413 1380 4466 nostra
1393 4395 1449 4454 ,trs

313 4492 474 4546 aeternam.
518 4485 587 4566 Cap.
610 4489 657 4549 Vl.
680 4489 828 4566 integrum
846 4499 876 4548 et
889 4489 1052 4568 perlectum
1068 4487 1230 4559 bominem,
1255 4477 1449 4567 corporetlssd

313 4577 514 4642 constantem,
544 4571 657 4632 salvum
684 4573 770 4634 laciet
791 4572 880 4634 Deus.
929 4572 999 4652 Cap.
1022 4573 1083 4634 Vll.
1121 4573 1198 4645 Quia
1225 4569 1364 4633 Christus
1388 4563 1449 4624 'tull
