3166 5250
242 379 306 440 472
338 392 530 436 nlsssnmto
546 391 577 434 lli
593 390 641 442 Qll.
657 389 743 432 SBP'l'.
759 389 843 433 FLOR·
862 389 1057 434 annullabunt
1071 388 1298 432 APOLOGE'l'lCll!
1313 389 1399 432 curu.

242 544 341 606 dicere
369 559 497 620 unquam
526 540 623 620 potuit
649 539 714 620 quis
742 539 816 601 alius
845 539 918 602 deus
946 557 1070 618 regnum
1097 537 1138 600 illi
1161 539 1283 600 dederit.
1327 539 1364 601 At
1384 539 1470 602 nulla

240 628 341 708 potior
363 635 407 688 est
428 613 503 688 ratio
526 644 579 686 our
600 624 636 686 ab
659 623 756 704 aliquo
778 624 835 686 deo
857 624 1200 692 Romanisconoessum
1223 624 1346 687 dicatur.

325 711 437 773 Deinde
468 729 537 772 vero
566 709 719 788 fundatum
746 717 807 770 erat
833 709 989 788 imperium
1017 709 1133 776 illorum
1161 717 1317 788 antequam
1338 709 1470 776 deorum

242 797 337 858 cultus
359 795 470 856 liomae
490 794 643 856 institutus
666 794 781 856 luisset.
802 793 941 863 Etenim
970 793 1125 870 ιιΝιιιιιιι,
1147 793 1243 872 inquit
1264 793 1468 858 Tertullianus

241 881 357 956 (lbidq)
393 889 600 961 conceptatur
622 883 784 942 curiomtos
807 882 1038 960 superstitioso,
1061 878 1090 939 id
1111 885 1158 940 ιιι
1179 877 1282 958 religio
1303 885 1333 940 et
1355 898 1468 960 super-

241 965 323 1028 stitio
351 983 425 1045 quae
452 983 542 1044 praua
568 981 767 1044 perversaque
788 981 857 1024 cura
879 963 959 1026 salsis
983 963 1041 1024 diis
1063 961 1250 1042 impenditur.
1285 963 1353 1025 Sed
1376 983 1470 1044 quam

239 1059 326 1130 putas
358 1049 396 1110 ob
426 1067 544 1110 causam
571 1047 607 1109 ab
629 1048 680 1109 illo
703 1047 862 1110 constituta
884 1047 953 1110 est?
988 1047 1115 1110 Consule
1135 1046 1251 1109 Livium
1274 1047 1350 1120 (biv.
1372 1049 1427 1110 lib.
1442 1050 1471 1110 l.

241 1155 304 1214 cap.
329 1137 367 1198 19
390 1142 420 1194 ιι
441 1143 547 1213 ιιιιιι.,)
570 1131 744 1212 Eutropium
766 1131 900 1213 (Eutrop.
922 1132 973 1194 lib.
994 1132 1017 1193 l.
1041 1131 1169 1194 Breviar.
1191 1149 1258 1211 pag.
1281 1135 1345 1210 64)
1369 1133 1468 1195 alios-

241 1239 298 1299 que
321 1219 471 1280 Romanae
498 1217 640 1279 historiae
667 1217 829 1295 scriptores
858 1217 968 1296 tibiquo
998 1215 1236 1296 respondebunt:
1267 1226 1301 1279 ut
1322 1218 1469 1280 efferatos
1539 1271 1540 1302 ι

241 1323 276 1365 ιι
297 1303 438 1364 militares
460 1303 662 1364 Romanorum
684 1303 798 1364 animos
820 1310 900 1363 metu
923 1301 1074 1381 religionis
1097 1301 1275 1364 acdeorum
1297 1302 1471 1365 contineret
1539 1341 1540 1372 r

240 1387 470 1469 perpoliretque.
515 1387 641 1461 Quinam
663 1406 750 1460 vero,
773 1387 877 1448 amabo
899 1394 940 1460 te,
963 1395 1047 1448 erant
1068 1385 1154 1465 primi
1176 1385 1216 1446 illi
1239 1386 1390 1449 Romanae
1414 1407 1467 1450 re-

239 1473 358 1551 ligionis
380 1471 479 1534 ritus?
522 1472 678 1547 Nondum,
702 1471 742 1532 ait
762 1472 873 1532 Auctor
894 1478 1013 1544 noster,
1042 1481 1096 1532 aot
1118 1471 1289 1534 sincalooris
1312 1483 1369 1534 out
1390 1484 1470 1536 ιιιιι-
1540 1536 1541 1543 ,

237 1557 299 1638 plis
330 1577 379 1620 ιιι
403 1559 506 1621 divino
526 1559 607 1637 opud
628 1556 779 1618 Romanos
803 1557 973 1628 constabat,
1008 1555 1254 1634 quemadmodum
1276 1554 1344 1616 abbi
1367 1558 1468 1636 expli·
1540 1602 1541 1613 ,

240 1642 381 1716 cavimus,
404 1641 455 1704 ubi
473 1640 647 1721 templorum
663 1641 945 1719 simulacrorumque
959 1640 1197 1719 investigavimus
1213 1639 1356 1718 originem
1372 1641 1469 1714 (Ter-
1539 1707 1540 1710 ι

240 1726 351 1787 tullian.
373 1725 530 1806 Apologet.
551 1745 613 1804 cap.
626 1729 666 1790 25
683 1733 712 1787 et
727 1744 809 1805 seqq
833 1731 863 1786 et
882 1725 971 1786 lib.l.
995 1725 1031 1786 ad
1046 1723 1161 1786 Notion
1185 1743 1247 1804 cap.
1262 1729 1312 1790 17.
1335 1725 1467 1788 Τοιιι..1
1539 1715 1540 1754 ¹

240 1811 377 1890 Apparet.
400 1808 450 1871 lib.
470 1811 520 1872 lll.
543 1811 695 1872 Dissertat.
718 1809 741 1870 l.
765 1829 827 1888 cap.
851 1812 972 1874 7ιι8.
995 1827 1060 1888 pag.
1086 1813 1146 1874 747
1169 1817 1200 1870 ιι
1220 1814 1327 1890 seqq..)

326 1895 401 1955 Tum
423 1893 509 1956 ctiam
531 1895 633 1968 nollo,
665 1895 741 1956 sicut
762 1893 810 1956 ille
831 1895 929 1974 pergi,
961 1893 1109 1972 Capitolio
1131 1899 1280 1958 certantia
1301 1895 1400 1967 coelo,
1440 1897 1470 1958 id

203 1975 209 1990 ⁸
242 1987 288 2058 ιιι
310 1979 441 2041 nondum
463 1989 663 2042 constnrctum
684 1981 779 2040 luerat
800 1980 940 2058 templum
963 1977 1168 2058 Capitolinum,
1191 1978 1264 2039 aden
1288 1963 1469 2058 superbum,

241 2072 274 2124 ut
297 2083 393 2126 suum
421 2063 457 2124 ad
486 2065 584 2127 caelos
615 2083 708 2142 usque
736 2063 852 2124 culmen
874 2062 1007 2124 attollere
1028 2063 1187 2125 videretur.
1231 2063 1332 2143 Neque
1353 2073 1469 2145 putare

240 2147 283 2208 ris
306 2150 381 2210 banc
402 2167 470 2210 osse
492 2149 580 2210 animi
604 2149 633 2208 in
657 2147 790 2210 ethnicos
815 2149 939 2210 nimium
955 2147 1062 2210 inleusi
1078 2147 1341 2227 exaggerationem.
1388 2149 1469 2212 Nam
1540 2140 1541 2159 ¹

154 2265 157 2276 ·
239 2231 390 2306 Martialis,
414 2234 529 2312 etipse
552 2233 702 2302 ethnicus.
725 2233 825 2294 eadem
851 2232 898 2293 his
922 2233 1057 2294 versibus
1080 2233 1199 2294 cecinit:

394 2317 454 2380 Neo
478 2317 642 2399 Capitolini
663 2336 810 2378 sommum
827 2317 986 2398 penetrale
1010 2317 1162 2389 Tonantis,
1233 2311 1234 2316 ¹

448 2403 589 2484 Quaeque
609 2405 707 2464 niteat
730 2401 810 2464 caclo
830 2406 976 2481 proclino
999 2401 1107 2482 templo
1128 2421 1193 2464 suo.
1320 2431 1323 2438 ·

874 2485 1007 2562 (blartial.
1029 2485 1079 2547 lib.
1102 2486 1138 2548 11.
1160 2485 1308 2566 Epigram.
1331 2491 1399 2564 51.)

242 2569 332 2632 Silius
355 2588 472 2650 quoqne
494 2569 627 2632 Italicus:

392 2655 453 2717 llln
473 2660 563 2717 otiam
583 2673 642 2736 quo
659 2658 765 2734 prisco
786 2655 860 2735 fidos
883 2664 945 2716 stot
967 2649 1050 2735 regio
1076 2654 1171 2726 nobis

395 2739 497 2801 Aurea
522 2739 648 2820 Tarpeio
665 2749 759 2820 ponet
783 2737 930 2820 Capitolio
952 2758 1039 2820 rope,

386 2821 426 2884 llt
446 2834 549 2904 toaqet
569 2834 676 2885 nostro
699 2823 880 2904 templorum
903 2824 1033 2886 culmino
1056 2823 1148 2886 coelo.

812 2913 823 2927 '
1030 2908 1094 2980 (Sil.
1116 2907 1167 2968 lib.
1189 2908 1240 2970 lll.
1261 2927 1289 2968 v.
1312 2909 1401 2984 620.)

238 2993 328 3055 Plura
350 2993 381 3054 in
402 2991 557 3054 Alexandri
579 2991 683 3054 Donati
706 2992 888 3070 aliorumque
911 2992 948 3053 de
969 2992 1043 3054 urbo
1064 2992 1156 3054 Roma
1178 2992 1263 3054 libris
1285 2991 1413 3066 tradita,
1441 2993 1467 3054 si

240 3076 324 3150 velis,
347 3075 430 3139 facile
452 3076 584 3138 invenies
608 3077 723 3151 (Donat.
745 3077 795 3138 lib.
818 3076 855 3137 ll.
879 3077 915 3138 de
936 3076 1015 3138 Urbe
1037 3077 1130 3138 Roma
1151 3097 1216 3158 cap.
1238 3082 1259 3141 4
1282 3085 1311 3138 ιι
1332 3083 1437 3156 seqq.)

166 3180 170 3187 ·
325 3161 381 3222 Ubi
403 3179 484 3240 ergo,
506 3161 623 3240 rogabit
643 3161 765 3240 aliquis,
789 3179 838 3222 res
861 3161 958 3223 divina
979 3170 1048 3224 tunc
1069 3161 1232 3241 agebatur?
1279 3160 1466 3234 Temeraria,

240 3244 336 3324 inquit
357 3245 571 3318 Tertullianus,
601 3247 635 3308 de
665 3250 773 3326 cespite
795 3247 909 3308 altorio
940 3246 1124 3320 (tertullian.
1145 3247 1298 3326 Apologet.
1321 3264 1387 3324 cap.
1412 3250 1466 3310 25.

242 3338 273 3390 ιι
292 3329 343 3392 lib.
366 3329 402 3389 ll.
425 3330 461 3390 ad
482 3328 599 3390 Notion.
622 3347 685 3408 cap.
710 3333 789 3406 17.),
823 3331 885 3392 ι1ιι
906 3339 1046 3408 repente,
1068 3331 1168 3393 subito
1190 3350 1225 3393 ιι
1244 3329 1367 3394 lortuito
1390 3350 1466 3394 casu

209 3433 217 3452 ·
243 3421 400 3485 exstructa,
425 3413 501 3473 sicut
522 3431 557 3474 ex
580 3413 720 3474 Cicerone
742 3414 846 3487 (Cicer.
869 3414 920 3475 lib.
942 3415 980 3476 ΙΙ.
1003 3416 1040 3477 de
1061 3415 1162 3476 Natur.
1185 3416 1274 3478 lleor.
1296 3433 1362 3494 pag.
1386 3419 1464 3481 228.

241 3497 292 3559 lin.
317 3499 380 3574 12.)
404 3505 433 3557 ιι
454 3496 575 3575 Apuleio
599 3495 694 3577 (Apul.
717 3497 767 3559 lib.
790 3498 826 3558 de
841 3499 902 3559 lleo
918 3499 1031 3562 Socrat.
1055 3501 1131 3576 init.)
1155 3500 1269 3562 discere
1293 3508 1348 3561 est.
1386 3501 1466 3564 Vasa

240 3601 311 3644 vero
334 3581 440 3661 quibus
461 3579 683 3643 ministrabatur
703 3583 828 3644 sordida
851 3592 948 3656 erant,
977 3585 1018 3644 ait
1037 3585 1147 3646 Auctor
1168 3594 1288 3658 noster,
1312 3593 1341 3646 et
1362 3586 1467 3649 adbuc

241 3666 353 3737 Samio,
377 3685 431 3728 seu
453 3665 513 3727 luto
537 3675 673 3744 cretaque
695 3665 777 3727 molli
799 3674 861 3728 tum
883 3668 1029 3742 fabricata,
1053 3669 1218 3748 dequibus
1241 3668 1309 3731 alibi
1332 3669 1465 3733 dixiuurs

241 3751 408 3831 (Dissertat.
431 3751 461 3811 in
483 3749 613 3812 Lactant.
637 3769 699 3830 cap.
723 3753 774 3815 30.
795 3753 856 3813 Art.
880 3756 923 3829 2.)

325 3837 439 3898 Adiecit
460 3835 657 3896 Tertullianus
680 3833 863 3910 (Tertullian.
885 3837 942 3900 loo.
965 3837 1042 3913 citt:
1081 3838 1120 3900 Bt
1141 3841 1233 3902 nidor
1254 3858 1294 3901 ιι
1314 3837 1394 3910 illis,
1419 3842 1466 3902 uti

241 3920 272 3983 in
300 3930 427 4001 utroque
455 3915 533 3982 illiu's
556 3938 623 3981 cum
645 3920 834 4000 Apologetico
857 3929 919 3983 tum
941 3921 977 3983 ad
997 3922 1138 3985 Nationes
1160 3924 1291 3986 secundo
1312 3922 1392 3986 libro
1415 3925 1465 3986 le-

241 4005 352 4084 gimus:
387 4007 416 4067 in
438 4004 552 4068 nostris
574 4013 670 4067 autem
693 4005 843 4068 codicibus
866 4006 1073 4086 manuscriptis
1096 4026 1132 4068 ox
1154 4007 1270 4072 duobus
1292 4009 1339 4070 his
1360 4009 1467 4072 verbis

239 4109 342 4164 unum,
366 4091 452 4153 sicuti
474 4090 593 4170 saepius
616 4092 721 4151 lactum
745 4098 791 4152 est
813 4091 1011 4171 scriptumque
1033 4091 1144 4156 catillis.
1187 4093 1281 4172 Atque
1301 4093 1373 4154 inde
1395 4094 1466 4156 lor·

241 4192 295 4235 san
323 4175 464 4255 Rigaltius
495 4175 604 4254 corrigi
631 4174 722 4236 voluit
748 4175 852 4248 emilis,
886 4176 963 4237 baud
991 4193 1116 4255 prorsus
1144 4178 1252 4239 infelici
1265 4177 1467 4254 coniectum,

242 4257 327 4320 cuius
361 4265 459 4322 tamen
491 4261 617 4342 aliquam
644 4259 748 4322 saltem
775 4260 918 4323 rationem
948 4261 1071 4324 reddere
1100 4261 1234 4324 debebat.
1284 4263 1468 4326 Condrmari

241 4349 348 4404 autem
362 4343 430 4404 inde
452 4353 560 4423 potest,
584 4345 650 4424 quia
673 4345 782 4407 ibidem
805 4345 1002 4408 Tertrrllianus
1032 4356 1199 4422 asseverat,
1226 4365 1374 4426 pauperes
1397 4357 1467 4410 tum

241 4425 336 4490 luisse
357 4427 506 4490 Romanae
527 4429 678 4509 religionis
698 4430 785 4492 ritus.
830 4430 889 4492 Sed
910 4431 968 4492 duo
990 4429 1064 4492 baec
1082 4431 1172 4494 verba
1192 4451 1231 4495 ιι
1245 4433 1308 4494 illis
1330 4432 1367 4493 ad
1384 4453 1467 4496 ooso

242 4509 361 4584 Samio,
395 4511 502 4590 quibus
530 4513 759 4590 subnectuntur,
787 4515 835 4576 ret
833 4514 892 4577 erri
913 4533 1029 4597 quoque
1049 4525 1185 4597 possunt
1228 4515 1313 4580 Ν11ι11
1328 4531 1400 4598 ergo
1425 4519 1467 4581 de

242 4593 298 4660 bac
317 4596 398 4660 varia
418 4595 544 4660 lectione
566 4599 688 4663 definire
709 4599 862 4664 audemus.
