3166 5250
504 382 637 427 AUCTORE
660 383 717 427 Nic.
742 383 778 426 ta
800 383 925 427 dobner.

586 651 704 714 CAPUT
728 651 840 714 xxvii.

156 773 328 838 Erpenduntor
345 771 390 820 alia
410 771 550 821 Tertulliani
569 773 821 835 argumentantibus
840 773 915 821 laisas
934 771 1061 836 nullosque
1080 785 1133 822 esse
1152 773 1273 836 gentilium

597 841 655 890 aleos
678 841 834 890 demonstrat.

635 965 789 976 Ἣ

614 1059 781 1110 auritulus
800 1059 818 1110 l.

103 1163 176 1213 Qumn
196 1161 279 1204 notoria
299 1161 363 1204 haerit
379 1161 555 1216 provinciarum,
580 1163 690 1206 civitatum
708 1175 734 1206 ac
752 1165 881 1218 praesertim
898 1163 1051 1218 Aegyptiorum
1069 1163 1194 1218 peculiares
1213 1164 1266 1206 deus
1283 1163 1324 1206 sibi

103 1227 224 1284 adoptandi
248 1229 349 1271 lieentia:
373 1239 439 1283 quarn
463 1241 542 1284 parum
565 1229 691 1274 verisimilia
715 1231 758 1273 sint
776 1242 802 1273 ea
821 1243 878 1286 quae
897 1243 909 1274 a
925 1231 1061 1274 Tertulliano
1080 1231 1157 1272 traditu
1174 1238 1224 1273 sunt
1243 1231 1269 1273 de
1288 1231 1322 1273 la-

103 1297 175 1352 sephe
194 1295 326 1352 patriarcba,
351 1301 372 1339 et
393 1303 467 1339 utrum
484 1297 581 1352 Aegyptii
599 1309 650 1340 eum
668 1297 779 1354 Serapidis
798 1298 885 1342 nomine
903 1299 969 1342 deum
987 1297 1078 1341 dixerint
1096 1305 1117 1339 et
1135 1297 1254 1341 celaverint:
1279 1308 1323 1353 quo

163 1365 210 1407 iore
229 1364 256 1408 ab
276 1364 313 1408 illo
332 1363 417 1407 dicatur
435 1364 490 1408 daus
508 1363 583 1420 Spri'na
601 1366 706 1418 detortas,
723 1365 816 1409 Arabiae
835 1367 933 1419 linares,
951 1365 1036 1410 Noricis
1054 1366 1157 1418 Bolanus,
1174 1367 1260 1410 Africae
1315 1387 1318 1392 ι

470 1432 576 1478 Caelestis
595 1440 617 1476 et
634 1434 664 1476 dii
677 1433 819 1478 Mauritaniae
837 1433 908 1488 reguli
926 1434 969 1477 sui.

192 1545 275 1607 diiud
305 1545 558 1609 evidentissimum
585 1551 717 1627 prolecto
744 1547 834 1610 salsae
865 1549 1015 1627 religionis
1045 1558 1246 1626 argumentum
1278 1556 1324 1610 esi

105 1633 172 1694 data
195 1629 361 1692 civilatibus
384 1637 413 1692 et
434 1633 551 1711 populis
574 1632 688 1694 licentia
711 1633 870 1712 quemlihet
892 1634 989 1705 deum,
1013 1633 1118 1694 ceteris
1142 1634 1258 1712 saepius
1274 1635 1345 1694 in-.

106 1717 266 1796 cognitum,
297 1715 352 1776 sihi
382 1717 538 1796 adoptandi
567 1737 601 1778 ac
628 1719 752 1780 colendi.
796 1721 832 1778 At
853 1719 961 1779 multae
984 1717 1134 1796 gentilium
1155 1717 1322 1798 provinciae
1425 1759 1428 1772 ·

106 1809 136 1862 et
158 1801 286 1862 civitates
310 1811 445 1880 sumptos
465 1819 525 1885 pro
548 1801 679 1878 libidine,
703 1803 743 1863 ait
753 1801 950 1864 Tertullianus
972 1810 1085 1876 noster,
1109 1821 1170 1864 nora
1190 1821 1249 1883 pro
1266 1821 1335 1886 no-⁸

106 1889 175 1948 titio
202 1889 337 1948 veritatis
367 1888 434 1947 deos
464 1893 513 1946 aut
540 1885 575 1948 ab
604 1887 668 1949 aliis
696 1888 822 1950 reiectos
850 1896 899 1948 aut
931 1887 987 1948 iliis
1010 1887 1174 1966 incognitos
1197 1905 1321 1948 venera-

107 1971 216 2030 bantur
246 1969 427 2044 (Terlullian.
449 1971 601 2051 Apologct.
628 1991 690 2050 cap.
713 1975 764 2036 24.
795 1981 824 2032 el
852 1971 902 2032 lib.
925 1971 960 2032 Π.
984 1973 1020 2032 ad
1042 1971 1157 2032 Naliou.
1182 1989 1243 2050 cap.
1269 1975 1320 2047 8.).

105 2055 260 2134 Aegyptios
283 2061 379 2116 aulem
401 2053 440 2114 ihi
463 2058 619 2136 praecipue
641 2056 798 2136 redarguit,
820 2057 869 2136 qui
893 2058 970 2118 sieut
990 2057 1020 2117 in
1043 2055 1106 2117 aliis
1129 2058 1241 2117 nostris
1257 2057 1320 2116 dis-

105 2139 313 2201 sertationibus
337 2139 519 2201 ostendimus
548 2139 681 2215 (Dissert.
704 2141 733 2201 in
757 2141 886 2202 Laelanl.
910 2160 972 2220 cap.
996 2143 1046 2206 34.
1070 2141 1129 2202 hrt.
1154 2143 1182 2204 2.
1207 2149 1236 2202 et
1256 2141 1322 2202 loco

103 2225 143 2286 ihi
166 2224 237 2300 cit),
263 2235 319 2285 tam
342 2225 430 2303 impia
453 2243 539 2304 quam
562 2225 687 2286 absurda
710 2225 922 2306 superstitione
945 2245 1005 2286 non
1028 2224 1122 2286 selum
1146 2243 1215 2287 oves
1231 2225 1320 2286 alias-

104 2329 159 2388 que
187 2308 297 2370 bestias
326 2309 545 2382 consecrabant,
575 2309 627 2370 scd
656 2310 722 2371 ilios
752 2311 838 2372 etiam
861 2311 954 2390 capite
987 2309 1162 2371 damnabant
1194 2311 1243 2390 qui
1266 2309 1321 2370 ali-

104 2413 189 2473 quem
213 2393 383 2454 buiusmodi
405 2393 492 2455 deum
515 2395 700 2456 occidissent.
734 2398 858 2474 Accepta
881 2402 978 2456 autern
999 2395 1054 2456 hac
1076 2395 1148 2456 deos
1165 2393 1322 2474 adoptandi

106 2480 237 2540 libertale
259 2477 399 2562 Aegyptii,
422 2478 517 2556 inquit
532 2479 737 2552 Tertullianus,
762 2481 804 2541 sic
826 2479 911 2540 ahusi
933 2488 1012 2553 sunt,
1035 2487 1067 2540 ut
1088 2477 1245 2559 losepbum
1266 2497 1320 2560 pn-

1 2641 2 2646 *
107 2564 260 2626 triorchem
283 2561 432 2642 Serapidis
454 2563 574 2626 nomine
596 2565 682 2625 deum
704 2565 826 2624 iecerint
854 2563 1036 2636 (Tertullian.
1060 2563 1124 2625 loco
1148 2564 1218 2639 cit).
1257 2563 1322 2624 seu

105 2647 194 2710 multa
223 2647 263 2708 ihi
291 2647 338 2708 iile
366 2647 464 2708 turbat
491 2657 578 2727 atque
601 2647 639 2708 ita
662 2665 742 2722 saue,
771 2656 804 2708 ut
826 2647 931 2708 mirum
954 2647 1086 2709 videatur
1107 2649 1256 2727 quomodo
1278 2649 1322 2708 vir

1 2723 2 2734 ¹
104 2734 134 2794 in
158 2731 255 2795 Sacris
279 2732 438 2811 Scripturis
468 2732 598 2812 apprime
628 2739 758 2793 versatus
787 2731 870 2812 plura
899 2731 956 2793 iilis
984 2751 1054 2810 sane
1077 2734 1214 2810 opposita
1236 2731 1322 2791 nobis

105 2819 320 2964 vend'lt’erimum
342 2901 420 2962 enim
443 2900 597 2980 losephus,
620 2899 714 2979 inquit
734 2891 786 2961 itta
811 2899 992 2976 (Tertullian.
1015 2897 1065 2960 tib.
1088 2899 1123 2959 ll.
1147 2899 1183 2960 ad
1205 2899 1320 2960 Naliun.

108 3007 169 3066 cap.
193 2989 252 3062 8.),
286 2985 391 3047 ceteris
424 2985 562 3046 iratribus
595 2985 806 3060 (beniaminum
836 2985 969 3062 excipere
997 2983 1133 3060 debehat)
1167 2983 1265 3044 irmior
1291 2984 1321 3044 in

39 3060 43 3072 '
106 3075 235 3150 Aegypto
257 3069 448 3132 venumdatus
470 3071 501 3132 in
524 3069 685 3130 Pharaonis
706 3070 912 3150 Aegyptiorum
935 3067 1013 3146 regis
1036 3067 1320 3142 familiaserviehal.

106 3155 143 3216 tt
164 3155 194 3216 in
221 3155 295 3215 libro
318 3155 469 3216 Genesecs
500 3153 618 3228 (Genes.
642 3171 704 3234 cap.
728 3157 778 3218 37.
802 3173 829 3213 v.
855 3157 892 3218 18
915 3164 943 3214 et
965 3155 1015 3216 36.
1039 3162 1068 3214 el
1090 3171 1152 3232 cap.
1177 3156 1226 3218 39.
1251 3173 1277 3214 v.
1303 3158 1317 3217 1

108 3245 241 3320 etseqqp
262 3239 385 3319 legimus
407 3239 488 3300 illurn
510 3239 659 3300 venditum
681 3238 774 3299 fuisse
795 3237 957 3299 hladiauilis
981 3247 1010 3298 et
1031 3237 1067 3296 ab
1091 3238 1143 3306 hisx
1160 3237 1320 3317 Putiphari,

107 3325 241 3386 eunucho
263 3323 423 3386 Pharaonis
448 3333 477 3384 et
498 3324 623 3384 militum
644 3324 795 3403 magistro,
819 3323 865 3384 cui
887 3341 989 3384 revera
1012 3323 1141 3395 servivit,
1176 3323 1270 3384 donec
1290 3324 1320 3384 'm

106 3427 251 3470 carcerem
284 3409 457 3472 mitteretur.
511 3407 574 3469 Nisi
608 3427 677 3488 ergo
709 3408 788 3470 hunc
817 3408 1022 3488 Putipbarem‚
1060 3407 1109 3486 qui
1143 3428 1159 3468 a
1191 3407 1320 3488 losepho

104 3487 277 3579 Πετεφρὴς
304 3501 424 3555 vocatur
452 3494 581 3574 (ioseph.
605 3493 654 3554 lih.
678 3492 714 3554 tr.
739 3493 879 3572 Auliquil.
902 3493 1008 3554 ludaic.
1037 3511 1099 3572 cap.
1124 3495 1153 3556 3.
1176 3513 1205 3574 p.
1229 3495 1268 3555 39
1292 3503 1321 3553 et

105 3587 210 3658 sequ),
240 3580 338 3658 regiae
371 3577 532 3640 Pharaonis
564 3578 688 3640 familiae
721 3578 899 3656 adscriptum
921 3577 1012 3648 luisse
1034 3577 1215 3656 probaveris,
1248 3579 1319 3637 laisa

103 3665 217 3725 videtur
244 3663 318 3724 haec
339 3661 508 3724 Tertulliani
536 3662 646 3742 opinio.
690 3661 750 3723 Nec
771 3664 869 3723 verius
893 3661 1038 3740 estquod
1061 3662 1220 3733 subiunxit,
1255 3679 1320 3721 aum

105 3753 248 3829 arepa'no
269 3751 369 3810 minus
389 3749 500 3828 pudico
528 3749 728 3810 desideratum
756 3753 840 3826 alque
869 3747 897 3806 in
928 3765 1074 3806 carcerem
1104 3746 1212 3807 idcirco
1242 3744 1319 3822 regis

106 3834 189 3894 iussu
212 3839 392 3894 contrusam.
435 3832 502 3892 Non
525 3832 603 3892 enim
626 3849 643 3890 a
664 3832 775 3908 regina,
799 3832 852 3892 sed
873 3849 888 3891 a
912 3830 1077 3909 Putipbaris
1101 3847 1201 3901 uxore,
1224 3829 1267 3889 uti
1290 3829 1319 3888 iu

106 3915 210 3976 eodem
234 3933 318 3976 sacro
339 3917 414 3978 libro
437 3923 584 3989 narratur,
618 3915 653 3976 ad
676 3921 809 3992 stuprum
838 3913 1010 3976 sollicitatus
1032 3913 1086 3974 suit
1108 3921 1136 3974 el
1158 3931 1174 3973 a
1196 3911 1318 3990 decepto

107 3999 264 4078 Putiphare
292 4001 441 4063 coniectus
469 4001 501 4061 in
528 3999 650 4060 uncula.
695 3999 851 4060 Asseverat
872 3999 994 4079 insuper
1016 3994 1318 4088 fertuilianusllose-

106 4084 195 4164 phum
224 4086 371 4164 accepisse
394 4086 424 4146 in
446 4084 664 4148 matrimonium
685 4081 774 4144 filiam
796 4083 874 4162 regis
896 4081 1069 4154 Pharaonis,
1099 4081 1181 4142 cuius
1205 4081 1320 4142 somnia

107 4167 306 4249 explicaverat.
350 4169 438 4232 Sacra
465 4188 534 4230 vero
564 4169 714 4266 Scriptura
743 4165 863 4242 (Genea.
886 4185 948 4247 cap.
971 4171 1021 4230 41.
1043 4177 1070 4226 v.
1093 4169 1157 4240 50.)
1185 4165 1301 4227 otiose

103 4253 180 4335 phus
202 4253 363 4317 historicus
387 4253 592 4333 (iosephloco
606 4257 667 4330 ert.)
690 4252 830 4314 certiores
851 4271 908 4312 nos
931 4251 1041 4314 iaciunt
1062 4247 1097 4310 ah
1120 4249 1169 4310 illo
1191 4250 1317 4330 losepho

101 4339 266 4420 patriarcha
289 4339 404 4402 ductam
425 4339 563 4412 haenelh,
586 4338 674 4399 liliam
695 4335 861 4414 Putipharis
883 4333 1089 4415 Heliopoiilaui
1113 4334 1285 4396 sacerdotis.

185 4425 320 4504 Denique
342 4423 473 4486 nonnulli
495 4423 608 4484 veritati
630 4423 660 4483 in
683 4421 789 4482 iisdem
801 4419 962 4482 Geneseos'
975 4427 1004 4480 et
1017 4417 1134 4499 Iosephi
1156 4419 1239 4482 libris
1255 4427 1317 4481 lra-

105 4507 179 4570 ditae
201 4507 272 4570 illud
292 4527 457 4589 repugnare
480 4517 610 4580 censent,
634 4507 712 4587 qued
735 4507 843 4566 dvlcior
864 4513 966 4565 noster
987 4503 1106 4565 adiecit:
1133 4505 1241 4584 loseph
1263 4525 1317 4567 am-

99 4593 269 4674 prdimeato
299 4595 333 4657 de
356 4609 475 4656 carcere
498 4593 622 4684 edocuit,
651 4596 798 4654 somnium
820 4595 886 4667 repa·
906 4593 1004 4670 operit
1036 4587 1177 4666 (Tertull.
1191 4589 1256 4650 Lib.
1278 4589 1316 4652 tt.
