3144 5236
250 307 314 372 2¹2
349 321 542 366 ntsssnt's'rto
557 319 588 363 ili
603 319 652 371 nu.
666 318 753 366 flm-
768 317 853 364 '1⁴01-
869 317 1065 366 fflwlablssil
1078 317 1307 362 nannenten!
1321 319 1408 363 ΒΗΤ.

252 471 407 537 &monia
436 488 566 552 eomas,
601 468 631 532 id
664 475 711 532 est
743 467 925 536 substsntia.
955 477 1002 532 eet
1035 471 1175 548 spiritua.
1230 467 1349 532 Tatetur
1375 477 1474 538 autem

251 565 420 636 annumque,
443 555 499 618 etsi
520 571 611 616 unum
633 551 772 632 idemque
792 551 862 627 sint,
882 571 976 632 posse
988 552 1095 631 aliquo
1118 551 1208 615 modo
1224 552 1366 632 datingui
1387 553 1474 626 (lbid.

253 659 317 721 oap.
339 644 420 716 ibt:
456 638 533 702 Naro
560 642 699 718 spiritua,
727 637 769 701 ait
796 635 855 710 ille,
884 635 1055 700 substantio
1081 648 1127 698 eet
1152 642 1303 700 semonia
1326 647 1354 702 et
1374 656 1474 702 serata

254 730 391 806 operatio
417 727 546 804 spiritus
576 733 605 786 et
632 723 691 785 deo
719 739 816 784 ennae
842 731 924 784 sent.
968 721 1023 782 llio
1044 729 1143 782 autem
1164 719 1269 782 Sermo
1293 721 1346 784 Dei
1365 722 1472 795 Patris,

253 811 316 874 sire
343 810 409 888 ipsa
436 808 503 869 eins
531 806 654 886 spiritus
683 806 829 885 operatio,
858 805 1001 870 creaturis
1030 823 1091 866 noo
1119 805 1203 884 prius
1230 805 1360 868 innotrdt
1384 825 1472 885 qaam

253 893 383 958 nundus
410 891 598 954 conderetur.
640 891 678 952 At
704 891 795 952 buius
822 889 1004 969 operationis
1027 889 1091 950 sire
1111 889 1313 968 generationis
1334 889 1399 952 Filii
1419 891 1474 954 bet

255 977 384 1056 oopnitio
411 995 428 1038 a
456 975 637 1038 Tertulliano
665 973 829 1054 appellatur
857 974 987 1052 perlaeta
1015 973 1161 1047 nativitas,
1190 972 1258 1053 qatia
1286 993 1362 1054 quae
1390 984 1476 1038 antea

254 1060 312 1124 soli
325 1061 388 1122 boo
401 1059 480 1122 Patri
494 1059 610 1138 oognita
624 1067 697 1133 erat,
715 1067 786 1122 tuno
802 1057 945 1122 omatuds
963 1057 1078 1120 ratione
1097 1056 1239 1138 praeditis
1258 1061 1402 1137 patelaotsi
1418 1067 1474 1120 est.

339 1145 434 1208 Nobis
461 1151 559 1208 tamen
582 1143 719 1208 Petaraios
740 1151 770 1218 et
792 1143 839 1206 alii
862 1141 958 1204 adhue
979 1142 1127 1204 obiectant
1149 1143 1222 1204 baso
1243 1143 1418 1206 Tertulliani
1440 1144 1477 1206 ds

255 1229 358 1294 Mem
385 1229 449 1292 Tilii
478 1228 530 1292 liei
558 1227 741 1308 apparitione
766 1227 855 1290 verba
888 1228 997 1296 (Petav.
1021 1235 1092 1290 tom.
1116 1227 1150 1288 ll.
1174 1227 1317 1306 Theolog.
1340 1228 1475 1307 llogmat

255 1313 305 1376 lib.
328 1313 351 1374 l.
374 1319 479 1394 oapi.
503 1316 596 1393 pao.
621 1312 743 1376 Tertull.
765 1311 816 1374 lib.
839 1311 903 1376 adr.
925 1311 1010 1374 Pras.
1032 1314 1147 1387 olidi
1170 1311 1280 1375 Sedet
1301 1317 1335 1374 ia
1356 1323 1477 1376 anime-

255 1400 394 1462 dsntr'bsta
422 1399 565 1479 operibas
590 1399 698 1460 mundi
723 1398 869 1478 quomado
904 1401 1053 1477 seriptum
1080 1394 1150 1458 est?
1193 1396 1330 1460 Primores
1360 1399 1478 1478 quidest

254 1484 390 1546 miani
412 1482 489 1546 arto
512 1491 700 1564 apparente:
722 1481 762 1544 tr
784 1483 862 1544 dimit
883 1480 977 1556 nens,
1001 1480 1067 1544 Fiat
1091 1480 1155 1552 too,
1177 1493 1207 1544 et
1228 1482 1312 1559 [oete
1333 1494 1388 1553 est,
1411 1485 1478 1562 ipss

255 1571 360 1630 rtatim
380 1566 489 1630 Seruio
515 1565 572 1630 luo
601 1585 684 1638 aare,
716 1585 791 1647 paee
812 1565 967 1631 illronr'not
989 1565 1136 1627 dominere
1157 1569 1322 1628 venientem
1344 1571 1376 1628 ris
1396 1566 1479 1628 isne

254 1652 410 1723 meatus,
433 1663 463 1714 et
484 1669 541 1732 per
563 1651 650 1712 illam
669 1650 832 1714 mundialis
855 1667 969 1729 queque
992 1649 1057 1712 lum
1102 1649 1219 1712 Barsda
1241 1655 1386 1712 ostensis
1401 1649 1479 1712 Ser-

254 1753 342 1797 mone
365 1735 486 1798 Cbrr‘ato
508 1739 667 1798 asistente
690 1743 719 1798 et
740 1737 973 1799 odmmistronte
994 1734 1075 1796 Deua
1097 1734 1230 1796 noluerit
1250 1733 1323 1814 fissi
1342 1746 1371 1796 et
1393 1733 1478 1798 near

253 1819 328 1899 [seit
349 1863 487 1881 .....
514 1837 572 1900 per
599 1837 683 1900 mem
713 1823 812 1882 omnio
838 1820 924 1898 sacto
949 1830 1032 1882 sant.
1075 1817 1148 1879 inde
1174 1826 1271 1885 numm
1299 1818 1480 1882 concludunt

255 1903 300 1966 ibi
318 1903 473 1965 maniiesm
494 1901 691 1966 demonstrari
712 1901 816 1964 Filium
836 1911 870 1964 'et
890 1901 1031 1982 Spiritum
1054 1902 1214 1964 secundem
1228 1913 1259 1964 et
1274 1903 1391 1964 tertiam
1406 1903 1476 1964 Tri-

254 1987 356 2050 ra'tatis
377 2005 537 2066 personam
559 2005 620 2050 non
642 1986 735 2050 luisse
756 2005 792 2049 aa
813 1994 935 2050 aeterrm
957 1986 1167 2060 subsistentes,
1190 1987 1245 2050 sad
1264 1987 1382 2066 oaraudo
1396 1987 1478 2050 Deua

254 2072 398 2134 mundum
419 2072 514 2133 voluit
534 2072 630 2134 iaoere
652 2089 687 2134 ao
706 2070 805 2150 reipsa
827 2071 905 2134 feeit

340 2155 377 2222 tt
403 2155 620 2218 observandum
648 2164 694 2218 est
714 2155 926 2218 Tertullianum
948 2155 996 2218 lais
1017 2155 1114 2218 verbis
1136 2155 1328 2234 respondisse
1347 2155 1480 2218 Praxeae

255 2240 416 2312 haeretico,
439 2239 596 2301 Catholiois
617 2239 768 2300 obiicienti
783 2241 886 2311 Deum,
909 2240 955 2301 oui
977 2238 1051 2300 nibil
1065 2239 1250 2318 impossibile
1265 2247 1320 2312 est,
1342 2240 1481 2318 potuisse

256 2339 291 2386 se
318 2324 417 2402 ipsum
443 2332 473 2385 et
494 2325 610 2386 Patrem
633 2323 789 2386 etlilium
810 2324 899 2386 simul
921 2327 1027 2386 lacere.
1070 2324 1220 2386 lubenter
1240 2333 1339 2386 autem
1360 2324 1410 2386 ille
1433 2326 1481 2385 sa-

256 2415 334 2469 tetur
362 2408 461 2470 omnia
488 2408 606 2486 quidem
634 2408 735 2469 abeo
764 2425 854 2486 posse
882 2407 956 2480 lieri,
979 2409 1032 2470 sed
1054 2427 1115 2470 non
1137 2409 1246 2480 omnia,
1274 2427 1349 2487 quae
1370 2409 1481 2487 potuit,

255 2491 293 2552 ab
316 2491 366 2552 illo
388 2511 455 2554 osse
476 2494 561 2554 saeta.
605 2491 736 2556 babebat
757 2493 846 2572 igitar
866 2493 993 2554 Praxeas
1016 2493 1166 2556 evidenter
1187 2493 1391 2556 demonstrare
1419 2493 1481 2556 Pa·

255 2583 332 2638 trem
354 2594 455 2638 rorem
477 2596 511 2638 se
532 2576 630 2655 ipsum
652 2576 762 2638 lenisse
784 2585 844 2638 tam
858 2577 974 2638 Patrem
996 2595 1084 2656 quam
1094 2575 1210 2648 Filium,
1235 2577 1297 2638 sive
1312 2595 1374 2638 aon
1388 2577 1481 2640 dium

255 2678 325 2722 esse
347 2660 453 2722 lilium
476 2679 562 2740 quam
585 2661 683 2740 ipsam
705 2660 833 2723 Patrem.
879 2661 988 2724 Contra
1010 2679 1082 2724 vero
1108 2661 1307 2724 Tertullianus
1329 2679 1365 2722 so
1389 2681 1480 2724 seeu-

202 2760 206 2769 “
256 2745 320 2806 rina
342 2745 468 2808 affirmat
488 2745 517 2806 id
540 2763 557 2807 a
577 2746 692 2807 Praxea
711 2763 771 2808 aen
794 2763 885 2824 posse
906 2765 1033 2823 unquam
1056 2744 1184 2824 probari,
1208 2763 1266 2824 qrro
1288 2745 1402 2808 laeilius
1425 2765 1480 2808 ua·

255 2828 300 2890 ria
321 2830 455 2908 congerit
476 2830 645 2908 Soripturae
672 2829 853 2903 testimonie,
883 2829 1001 2908 quibus,
1031 2830 1134 2908 inquit,
1162 2830 1239 2909 apud
1261 2847 1318 2892 nos
1340 2829 1482 2894 distinete

254 2911 344 2975 Pater
364 2923 394 2976 et
413 2913 504 2976 Tilius
526 2913 779 2986 demonstrantur,
802 2914 949 2986 distinete,
971 2915 1101 2993 inquam,
1124 2932 1185 2976 non
1207 2914 1299 2978 divise
1315 2914 1400 2988 (ibid.
1413 2934 1479 2994 oap.

258 3000 338 3072 ffldt
365 2998 603 3077 quandoquidem
623 2997 715 3061 Filius
737 2997 799 3070 liei,
829 2999 907 3060 sient
927 2997 1016 3060 toties
1038 2999 1176 3072 diximus,
1203 3017 1220 3060 a
1243 2998 1329 3060 Patre
1350 2998 1483 3077 prodivit

255 3089 343 3157 atque
364 3081 474 3142 idcireo
496 3081 533 3142 ab
556 3101 592 3144 eo
615 3091 663 3144 est
683 3081 799 3161 quidem
823 3083 990 3154 distinctus,
1013 3083 1067 3146 sed
1088 3101 1150 3146 aon
1171 3081 1283 3144 divisus
1305 3091 1335 3144 et
1355 3101 1481 3162 separa-

255 3170 315 3235 tus,
350 3165 417 3242 quia
451 3165 555 3226 mdero
587 3175 634 3228 est
666 3167 821 3246 uniusque
848 3166 1024 3230 substantia.
1069 3167 1145 3230 Tum
1174 3165 1280 3228 dehine
1307 3167 1481 3247 Scripturas

256 3245 389 3308 eiusdem
410 3249 584 3311 auetoritate
605 3251 737 3312 ostendit
758 3259 818 3314 tres
840 3271 905 3314 esse
928 3251 1082 3336 Trinitatis
1103 3270 1248 3330 personas
1269 3252 1380 3314 ammte
1402 3253 1480 3325 sirn-

253 3329 324 3410 plioi
350 3349 508 3394 oonnoxas.
551 3335 588 3396 ts
615 3333 656 3396 ibi
684 3353 719 3396 ea
745 3335 867 3412 protulit
893 3335 992 3408 rerba,
1021 3355 1095 3414 qaae
1117 3335 1205 3398 nobis
1227 3335 1418 3408 obiiciantur,
1447 3355 1482 3398 aa

255 3415 398 3493 posthaec
423 3416 571 3479 eondudit
598 3419 696 3480 omnia
719 3419 793 3480 isola
816 3439 885 3482 esse
906 3437 961 3499 per
983 3419 1036 3482 Dei
1068 3439 1238 3482 sermonem
1265 3419 1329 3482 sive
1350 3438 1404 3498 per
1425 3420 1479 3481 Ti-

254 3498 325 3560 liam
348 3499 411 3572 nei,
433 3500 484 3578 qni
506 3510 537 3563 et
557 3503 622 3581 ipse
644 3501 722 3564 baua
745 3512 800 3564 est
845 3504 921 3577 Quia
941 3521 1013 3583 ergo
1031 3504 1084 3564 bei
1107 3523 1206 3566 mrmo
1229 3511 1284 3576 est,
1307 3503 1418 3566 ideireo
1441 3505 1479 3566 ab

251 3601 291 3646 eo
313 3583 514 3664 distinguitur,
537 3595 567 3646 st
587 3587 663 3648 alius
684 3587 791 3650 dioittu
808 3607 968 3668 personae,
992 3589 1097 3668 inquit,
1125 3607 1188 3652 noa
1211 3591 1398 3652 messenatae
1420 3608 1479 3652 ao-

252 3674 349 3744 νίης
372 3672 412 3732 ad
433 3671 662 3742 distinctionem,
684 3690 747 3734 aaa
768 3674 807 3734 od
828 3675 1014 3738 divisionem.
1059 3673 1216 3744 Quomodo
1238 3681 1335 3734 sumna
1358 3691 1417 3734 nna
1432 3681 1481 3734 est

251 3753 331 3816 illias
352 3763 382 3816 et
402 3754 500 3816 Panis
522 3755 684 3818 substantia
707 3765 737 3816 et
757 3775 838 3818 anus
858 3777 923 3820 oum
946 3759 1083 3828 soboas,
1106 3756 1162 3818 nisi
1185 3757 1222 3820 ab
1240 3767 1377 3828 aeterno,
1400 3758 1479 3820 sieut

253 3836 341 3899 Pater
362 3837 476 3900 inerit?
520 3838 592 3900 Cum
621 3841 710 3915 ipitnr
731 3840 804 3901 dixit
824 3841 929 3903 Filium
952 3842 1004 3903 Dei
1026 3850 1094 3902 ante
1115 3841 1218 3904 muudi
1240 3841 1393 3904 exordium
1417 3860 1479 3902 non

252 3921 438 3999 apparuisse,
467 3923 547 3986 baud
574 3924 701 3986 obsoure
730 3925 875 4003 significat
901 3926 984 3990 illum
1012 3937 1082 3988 tuno
1109 3926 1181 3986 nulli
1209 3935 1359 3988 cremonae
1381 3927 1478 3986 luisse

252 4003 413 4080 angurum.
456 4007 512 4068 Ubi
535 4026 614 4078 vero,
643 4009 685 4072 oti
707 4009 756 4070 ille
777 4010 886 4072 ibidem
907 4011 957 4080 ait
986 4009 1083 4089 primo
1103 4010 1214 4072 dietum
1237 4018 1292 4082 est,
1321 4009 1389 4072 Fiat
1411 4009 1478 4082 los,

253 4094 326 4148 tuno
353 4091 450 4152 statim
479 4093 528 4154 lua
556 4094 629 4156 iacta
657 4103 704 4154 est
726 4103 755 4154 st
776 4095 911 4172 apparant
932 4095 981 4158 lux
1004 4113 1081 4167 vere,
1111 4094 1174 4156 sire
1195 4095 1301 4156 Sermo
1324 4094 1388 4166 bei,
1418 4113 1479 4155 noo

223 4170 373 4249 'quidem
407 4175 474 4252 qnia
502 4184 565 4238 tum
598 4178 725 4257 primurn
750 4197 805 4242 neo
824 4189 908 4242 antea
930 4179 1038 4251 eadtit,
1069 4179 1119 4258 qui
1151 4178 1188 4240 ab
1216 4187 1337 4242 aeterno
1360 4179 1478 4257 genitus

251 4255 358 4352 iurat,
380 4259 434 4318 sed
456 4260 523 4337 qnia
544 4270 615 4324 nano
636 4259 805 4325 honrinibns
825 4263 923 4342 eoepit
945 4281 1089 4342 apparere
1111 4264 1162 4342 qni
1177 4273 1222 4325 est
1236 4263 1380 4336 laurera,
1402 4283 1479 4341 quiae

249 4339 397 4402 amman
424 4361 542 4406 omnem
570 4347 720 4410 bominem
750 4349 913 4410 venientem
940 4348 971 4410 in
999 4349 1081 4412 bono
1107 4349 1260 4412 mnndum.
1303 4349 1341 4408 dt
1362 4357 1479 4410 tantum

249 4423 336 4486 abest
358 4433 390 4488 ut
411 4426 484 4489 haee
505 4429 677 4494 Tertulliani
699 4433 794 4494 nostri
818 4432 977 4512 responsio
990 4432 1110 4496 Petavio
1132 4433 1257 4512 aliisque
1278 4434 1383 4506 laneat,
1405 4433 1478 4512 quin

249 4507 350 4590 ptius
372 4517 465 4574 totam
485 4513 618 4580 lmditus
640 4526 753 4580 erermt
773 4535 878 4582 eorum
899 4519 1194 4604 mgumsoaooasn.
