3082 5238
448 415 585 458 aucroas
610 416 652 460 ro.
673 415 741 458 acc.
764 415 927 460 aosssssr.
1233 403 1295 468 571

68 561 234 624 credidisse
260 579 362 641 pacem
395 563 575 642 imprudenti
607 563 719 636 militis,
749 581 836 643 mem
858 565 906 626 hic
927 565 1067 638 defendit,
1092 567 1169 628 facto
1192 566 1296 632 torba-

67 655 133 708 tum
154 645 208 719 iri3
228 646 287 706 hoc
308 665 379 708 vero
399 647 617 726 potentissumis
638 647 679 710 ait
700 648 736 709 ab
760 650 839 710 Orso
868 650 1103 710 demonstratum
1135 668 1295 728 argumen-

68 731 109 792 tis
142 749 222 792 esse.
278 729 360 802 Quae
393 749 461 793 curn
496 731 710 794 adhiberentur
746 732 783 792 ab
811 732 1000 805 hoffmanno,
1038 743 1070 794 ut
1106 734 1294 798 labefactaret

67 814 227 876 Moshemii
253 815 296 878 rai
321 819 486 899 μακαρίτθ
514 816 690 878 sententiam
719 816 756 878 de
784 835 854 878 vera
886 824 981 880 aetate
1008 817 1207 896 Apologetici,
1245 820 1295 882 hic

65 897 204 976 quidem¹
227 899 371 972 concedit,
394 899 480 962 istam
502 919 566 962 rem
588 900 644 962 rite
665 899 703 960 ab
719 900 797 961 Orsa
812 900 906 964 luisse
921 901 1095 981 expositam,
1119 902 1173 963 sed
1195 912 1291 982 negat

66 982 99 1044 id
121 989 201 1044 recte
222 983 360 1060 proferri,
382 985 462 1062 quod
484 1002 545 1046 non
569 984 657 1046 simul
678 1001 750 1063 pace
771 985 815 1046 uti
838 984 997 1046 Christiani
1018 986 1182 1064 potuerint,
1205 995 1236 1048 et
1255 987 1292 1050 ah

64 1066 205 1127 hostibus
235 1075 333 1128 minen
355 1068 418 1130 suis
446 1067 536 1130 variis
564 1067 681 1130 iniuriis
715 1067 800 1130 allici.
857 1069 951 1148 lltque
979 1087 1034 1147 ego
1067 1071 1185 1132 tametsi
1211 1071 1290 1132 0rso

64 1169 127 1214 non
150 1152 305 1222 assentiar,
326 1152 486 1230 potiusque
507 1153 638 1214 refellam
658 1161 773 1230 postea,
797 1152 946 1232 sapienter
975 1163 1072 1216 umen
1094 1154 1289 1219 lloshcmium

63 1235 283 1314 pronunciasse
313 1253 452 1314 agnosco,
475 1237 525 1298 ubi
546 1255 596 1298 res
619 1235 856 1298 Christianorum
878 1237 961 1309 dixit,
988 1237 1141 1300 camellis
1163 1238 1195 1300 in
1216 1257 1289 1319 pro-

66 1319 173 1380 vinciis
196 1318 378 1398 urbibusque
400 1320 574 1400 tranquillae
596 1320 715 1394 fuerim,
744 1323 776 1382 in
801 1321 866 1386 attis
881 1339 1095 1400 saepenumero
1111 1341 1127 1382 a
1143 1323 1290 1401 praesidi·

64 1402 122 1464 bus
149 1403 298 1475 turbatas,
327 1412 357 1464 et
384 1405 472 1466 talem
499 1405 543 1467 rei
571 1404 750 1466 christianae
776 1405 883 1468 faciem·
908 1414 1043 1484 ternpore
1071 1405 1172 1484 scripti
1201 1407 1290 1468 bidos

64 1486 135 1548 libri
163 1505 265 1548 revera
302 1488 405 1550 fulsse.
459 1488 564 1550 Pulcre
597 1488 676 1550 enim
706 1488 734 1548 id
764 1497 861 1568 potest
890 1488 1013 1568 intelligi
1042 1509 1078 1550 ex
1104 1491 1182 1552 libro
1212 1490 1289 1552 Ter-

4 1629 5 1634 ,
64 1571 179 1632 tulliani
200 1572 237 1632 ad
261 1572 433 1650 Scapulam
463 1591 550 1652 quem
580 1573 689 1634 editum
713 1591 780 1634 esse
812 1575 975 1652 imperante
997 1574 1145 1636 Caracallo
1167 1574 1287 1654 plurimi

4 1691 5 1722 t
62 1673 169 1716 eorum
191 1656 376 1728 conduntur,
399 1657 449 1735 qui
471 1657 629 1736 quidquam
652 1656 683 1716 in
704 1658 763 1719 isto
778 1675 887 1736 genere
903 1666 1068 1732 tentarunt3
1091 1666 1123 1720 et
1136 1659 1289 1737 apparebit

64 1739 96 1800 id
124 1739 244 1818 quidem
273 1758 309 1800 ex
337 1740 385 1813 iis,
423 1759 498 1819 quae
525 1749 630 1819 postca
658 1741 841 1802 docebimus.
896 1742 958 1802 Iam
979 1742 1039 1802 isto
1062 1761 1098 1804 ex
1120 1742 1196 1802 hhro
1219 1744 1286 1822 quis

4 1859 6 1878 .
63 1840 128 1882 non
164 1823 252 1895 videt,
284 1824 418 1886 maximis
450 1833 513 1886 tum
547 1824 758 1886 calamitatibus
780 1825 932 1904 expositos
955 1826 1140 1888 Christianos
1168 1824 1286 1890 fuisse?

63 1907 103 1966 Et
124 1925 213 1967 nemo
237 1915 333 1968 tamen
355 1927 431 1972 unus
454 1918 499 1970 est
520 1909 597 1970 inter
619 1909 782 1988 scriptores
805 1919 931 1982 veteres,
954 1910 1004 1988 qui
1022 1909 1207 1972 Christianos
1230 1910 1286 1972 suh

64 1990 213 2052 Caracallo
233 2000 353 2052 vexatos
383 2011 452 2053 esse
473 1993 577 2056 undat.
621 1993 705 2054 Unde
732 1992 813 2055 hoc‘l
855 1993 1001 2056 Nimirum
1029 1993 1096 2073 quia
1124 2013 1195 2074 pace
1224 2002 1285 2056 tunt

5 2123 6 2150 .
62 2074 238 2136 fruebantur
259 2076 339 2136 nullo
360 2077 483 2156 Augusti
507 2077 602 2138 edicto
625 2077 756 2148 turhatn3
779 2077 831 2138 sed
854 2097 870 2138 a
892 2078 1072 2157 praesidium
1096 2086 1192 2140 umen
1215 2097 1285 2140 cru-

4 2205 6 2234 ,
64 2158 185 2220 delitate
205 2177 267 2220 non
289 2160 430 2222 vacabant
450 2161 557 2222 ubivis.
601 2161 678 2223 Tum
699 2180 770 2223 vero
793 2181 825 2222 se
847 2163 887 2222 ita
909 2181 974 2222 reon
995 2161 1137 2224 hahuisse
1153 2163 1285 2232 omnino,

63 2262 130 2304 cum
152 2243 183 2304 in
204 2244 318 2304 litteras
340 2247 465 2306 referret
486 2245 684 2306 Tertullianus
706 2247 778 2306 istas
802 2245 838 2308 de
861 2245 978 2307 Corona
1000 2245 1169 2324 opiniones,
1191 2245 1286 2307 videri
1383 2251 1386 2256 “

63 2327 175 2405 optime
195 2336 304 2406 potest,
327 2329 352 2389 si
375 2329 565 2391 admittantur
587 2348 630 2402 ea,
654 2348 729 2408 quae
750 2348 807 2391 nos
830 2330 948 2408 quidem
970 2331 1115 2392 sentimus
1139 2331 1177 2391 da
1198 2331 1286 2392 istius

59 2411 139 2486 libri¹
158 2420 261 2473 aetate.
320 2413 448 2492 Condgit
475 2414 554 2476 enim
582 2414 640 2474 hoc
665 2414 777 2476 facium
805 2414 905 2476 militis
932 2415 964 2476 in
988 2415 1120 2487 Oriente,
1157 2415 1233 2475 forte
1256 2415 1286 2484 in

61 2495 181 2556 Parthia
210 2497 308 2564 edant,
341 2498 391 2558 uhi
419 2506 487 2559 aute
510 2499 612 2560 Seueri
635 2498 763 2559 edictum
791 2498 975 2561 Christianos
1004 2498 1165 2576 exagitatos
1192 2498 1286 2562 fuisse

4 2645 5 2662 ἶ
62 2598 124 2640 non
145 2579 270 2660 lagidum
293 2581 426 2660 uspiam;
450 2583 519 2648 sed.
543 2601 617 2660 quae
640 2601 656 2642 a
679 2582 861 2644 Tertulliano
891 2589 1024 2642 enarrata
1053 2590 1125 2644 sunt
1151 2583 1182 2642 in
1202 2584 1285 2661 Apo·

4 2681 5 2700 ¹
60 2663 187 2741 logetIco
210 2665 377 2744 ceterisque
399 2667 463 2728 eius
487 2666 604 2744 generis
633 2664 728 2739 libris,
757 2665 787 2724 in
809 2666 905 2728 Africa
932 2665 1122 2743 potissimum
1151 2666 1286 2737 extitere,

4 2749 7 2786 l
61 2747 140 2808 unde
163 2749 252 2809 ceteri
277 2749 308 2810 in
325 2750 447 2811 Oriente
463 2749 622 2811 Christiani
633 2749 719 2828 plane
741 2750 837 2810 vereri
852 2755 999 2827 poterant.
1023 2767 1061 2809 ne
1076 2766 1147 2827 pace
1161 2755 1287 2827 propter

60 2832 174 2894 facinus
196 2833 298 2894 militis
319 2834 513 2911 privarentur.
560 2833 620 2893 Sed
640 2833 765 2894 influent
792 2833 823 2892 in
846 2833 962 2894 animos
985 2833 1110 2893 forsitan
1133 2831 1284 2910 potentius

4 2919 6 2956 ²
62 2917 134 2977 Orsi
155 2925 342 2996 argumenta3
364 2919 463 2996 itaque
485 2935 628 2995 quaenam
650 2926 815 2995 quantaque
836 2917 894 2976 ista
909 2915 978 2988 sint,
1001 2915 1176 2977 videbimus.
1210 2915 1288 2977 Sunt
1356 2947 1368 2958 .

4 3069 6 3078 y
60 3019 131 3060 vero
164 3001 349 3064 excursionis
377 3002 520 3063 Orsianac
555 3009 618 3062 tres
646 3001 714 3073 loci,
748 3000 856 3079 quihus
882 3018 946 3060 rem
973 3000 1063 3060 istam
1091 2999 1284 3078 descripsitr.
1318 3069 1323 3090 .

4 3121 6 3126 ,
60 3084 193 3147 Primum
213 3093 326 3158 monet,
348 3086 428 3146 hunc
449 3085 557 3146 librum
578 3104 606 3145 a.
629 3083 775 3146 CXCVIII.
798 3083 943 3162 assignari
965 3083 1090 3156 debere,
1118 3084 1285 3162 repetitque

58 3169 243 3231 liberalitatis
273 3169 376 3230 Severi
407 3169 484 3248 apud
512 3177 627 3230 veteres
655 3168 818 3247 scriptores
846 3168 984 3246 vcsdgia3
1021 3166 1127 3228 deinde
1156 3168 1311 3230 occurrit·

60 3253 162 3332 Pugio,
186 3255 235 3333 qui
252 3273 278 3314 a.
299 3253 381 3316 CCII.
404 3254 547 3333 scriptum
568 3253 648 3314 hunc
668 3253 777 3314 librum
800 3252 1034 3324 existImaverat3
1057 3261 1119 3312 tum
1142 3252 1282 3325 ostendit,

4 3415 5 3418 Ἴ
59 3357 135 3418 quae
168 3339 309 3400 adductae
349 3348 420 3399 sunt
450 3357 467 3398 a
499 3337 693 3410 Tertulliano,
726 3338 815 3400 huius
852 3335 1037 3398 liberalitatis
1069 3333 1284 3419 περιστάσεις

4 3429 5 3468 ῐ
59 3439 164 3484 omnes
188 3441 255 3484 cum
276 3421 366 3484 rebus
389 3441 415 3482 a.
439 3421 585 3484 CXCVIII.
609 3421 701 3500 gestis
732 3422 849 3500 egregie
872 3421 1041 3494 convenire,
1070 3421 1125 3482 sed
1151 3439 1284 3501 pugnare

59 3525 126 3568 cum
149 3523 333 3586 quocumque
356 3525 434 3568 anuo
463 3505 530 3566 alio.
576 3506 669 3585 Igitur
696 3513 726 3568 et
753 3525 810 3568 nos
841 3525 1003 3585 sequemur
1033 3505 1199 3567 doctissimi
1228 3505 1283 3566 visi

4 3601 6 3638 ὲ
58 3590 189 3670 vestigia,
216 3591 357 3670 quoniam
383 3609 537 3672 veremur,¹
555 3609 594 3652 ne
621 3591 798 3652 misceamus
828 3609 871 3664 ea,
900 3609 975 3669 quae
1002 3590 1059 3650 iam
1087 3589 1123 3650 ab
1153 3609 1189 3650 eo
1211 3607 1283 3666 per·
1366 3611 1394 3644 ’.

4 3689 6 3692 ·
58 3675 146 3736 mista
169 3685 240 3736 sunt
261 3675 342 3748 satis,
366 3693 400 3736 ac
421 3693 475 3754 per
496 3674 629 3752 singulos
651 3675 745 3748 locos,
774 3693 918 3753 quaenam
941 3681 1020 3736 recte
1043 3672 1158 3744 dixerit,
1189 3691 1282 3750 quae-

57 3778 128 3820 nam
165 3777 269 3832 secus,
309 3759 423 3820 adiecto
462 3758 590 3820 breviori
630 3767 870 3836 argumentorum
902 3757 1096 3836 Pagianorum
1139 3755 1284 3826 cxamtne,

4 3861 8 3894 t
57 3843 262 3905 indicabimus.
321 3844 355 3904 ln
372 3843 457 3924 ,loco
493 3842 553 3902 isto
587 3841 696 3920 primo,
730 3843 779 3921 qui
807 3849 855 3902 est
882 3841 919 3902 de
946 3857 1071 3902 numero
1099 3837 1283 3899 liberalitatis

58 3925 163 3990 Severi
183 3927 316 4006 Augusti,
339 3927 495 4006 quinquies
518 3926 612 3987 abeo
635 3923 762 3986 donatos
784 3924 890 3986 milites
913 3943 996 3998 esse,
1024 3922 1127 3984 nescio
1150 3939 1187 3982 an
1210 3921 1283 3983 satis
1324 3929 1333 3942 ·

57 4018 139 4072 recte
172 4010 252 4084 dIcit,
285 4011 311 4073 si
339 4011 458 4090 quidem
486 4009 598 4090 aliquot
625 4009 739 4070 numam
775 4008 885 4089 septies
925 4027 991 4070 eam
1011 4013 1283 4078 commemorant¹';

4 4112 8 4152 t
56 4095 111 4156 ssd
133 4103 234 4174 potest
254 4094 284 4156 id
306 4096 424 4175 quidem
454 4095 533 4156 salva
562 4113 595 4155 re
617 4102 807 4155 controversa
830 4091 962 4154 concedi.
1006 4090 1108 4168 Neque
1131 4089 1283 4150 tamenin

57 4198 95 4242 eo
112 4179 209 4240 Orsus
231 4179 289 4240 sihi
312 4187 429 4242 constat
451 4180 526 4258 ipse,
549 4177 630 4258 quod
645 4177 857 4239 Tertulhanum
879 4177 916 4237 de
939 4174 1077 4236 donativo
1094 4192 1120 4234 a.
1133 4171 1281 4236 CXCVIII.

91 4349 107 4398 l.
127 4349 153 4400 ln
171 4348 292 4398 Idderdis
310 4349 339 4398 ad
358 4348 408 4398 Vol.
425 4348 442 4398 l.
461 4335 642 4398 bissenorum
696 4345 875 4396 absolutionem
894 4343 1032 4406 neutIqusm
1052 4341 1200 4403 denegasse,
1218 4343 1282 4392 Sect.

4 4453 6 4494 l
55 4417 84 4467 id
104 4417 166 4466 illst.
185 4417 249 4466 Ecol.
268 4417 449 4480 pertinentium.
467 4429 492 4480 p.
511 4413 558 4464 tlt
578 4429 632 4479 sqq.
695 4413 723 4463 ll.
749 4428 768 4462 c.
788 4411 811 4462 3.
837 4411 943 4488 Digress.
963 4409 990 4458 ll.
1015 4425 1038 4474 p.
1061 4408 1211 4460 tot-113.
1248 4409 1281 4458 Ea

88 4499 121 4533 m.
147 4485 172 4534 ln
193 4483 256 4533 Iliss.
276 4483 345 4542 illst,
365 4497 411 4547 qua
428 4481 572 4543 ostenditur,
597 4483 644 4532 Cs-
695 4479 786 4543 prodiit
803 4477 932 4527 Iledtolanr
950 4475 1099 4527 dcccxxx.
1119 4475 1143 4526 4,

53 4551 170 4602 tholieam
188 4551 323 4601 Ecclesiam
346 4551 424 4600 tribus
444 4550 570 4613 prioribus
588 4563 644 4598 see·
730 4561 753 4596 n.
772 4547 797 4595 V.
815 4545 933 4594 Veillantii
951 4545 1097 4595 anraIsmata
1116 4544 1193 4609 lmpp.
1213 4543 1282 4593 Rom.

4 4685 6 4694 y
54 4619 118 4668 culis
142 4618 282 4682 rapttalium
307 4619 434 4668 criminato
452 4618 501 4668 reis
518 4629 603 4681 pacem
621 4622 646 4669 et
698 4615 767 4666 Tem.
787 4613 815 4664 ll.
835 4627 857 4677 p.
877 4610 935 4664 tat.
