3114 5240
247 273 309 340 ihb
341 285 535 330 orsssarerro
550 285 581 328 rr
596 285 645 335 ou.
661 283 746 328 suar.
762 283 848 330 raon.
864 283 1060 328 rsaroccrerr
1073 281 1302 328 aronooemcou
1317 281 1407 326 carr.

245 455 281 500 ae
307 443 376 516 post
402 435 501 514 ipsum
527 431 610 494 Pauli
632 432 734 496 Orosii
761 431 973 506 testimonium,
1000 432 1050 510 qni
1077 429 1290 510 quadringenta
1318 429 1478 492 dumtaxat

246 521 391 583 librorum
419 517 509 580 millia
535 524 599 578 turn
631 524 803 594 consumpta
830 523 997 578 memorant
1026 515 1143 590 (Seuer.
1171 513 1222 575 lib.
1251 513 1288 574 de
1316 513 1476 592 Tranquil.

246 605 343 666 duim.
366 621 428 681 cap.
451 603 482 665 9.
503 618 533 678 p.
556 601 628 664 663.
652 599 742 662 Oros.
764 597 814 662 lib.
835 599 898 660 vlt.
927 617 991 678 cap.
1016 602 1088 676 ts).
1131 597 1219 676 Atqui
1246 597 1272 658 si
1299 597 1474 659 Marcellino

248 697 279 750 et
301 687 403 758 Gellio,
426 703 442 746 a
463 684 550 746 nobis
571 692 656 744 autea
678 683 772 745 utatis
794 683 953 755 eredimus,
976 683 1007 744 in
1028 683 1077 744 illa
1093 681 1269 742 bibliotheca
1283 681 1475 759 septingenta

246 771 338 834 millia
369 769 514 831 librorum
541 768 659 828 condita
684 768 808 828 inerant.
854 767 996 828 Trecenta
1024 766 1113 844 igitur
1133 764 1225 826 millia
1246 765 1372 826 flammis
1395 764 1474 826 sub-

249 855 434 918 ducta-sunt.
464 851 508 912 Ex
529 850 754 928 horum‘itaqne
776 869 901 912 numero
924 849 1002 912 haud
1024 849 1112 912 dubie
1135 857 1219 916 eram
1239 848 1322 922 haee,
1343 849 1407 910 lleo
1430 849 1474 910 ita

248 937 433 1019 providente,
454 934 591 996 hebraica
612 951 773 1013 graecaque
795 933 964 1012 Scripturas
979 933 1086 994 Sacrae
1107 931 1265 993 volumina.

334 1018 413 1092 Quid
434 1037 515 1091 vero,
537 1017 617 1095 quod
632 1018 859 1096 Chrysostomus
882 1025 1053 1078 constanter
1074 1023 1226 1078 asseverat
1246 1032 1381 1093 graecam
1396 1034 1474 1095 pro-

248 1104 434 1184 pheticorum
455 1101 599 1162 librorum
620 1101 893 1180 interpretationem
914 1099 951 1162 ad
973 1119 1062 1162 suum
1083 1117 1178 1177 usque
1201 1108 1316 1178 tempus
1330 1099 1362 1160 iu
1377 1100 1474 1162 Sera-

248 1205 322 1267 peo,
352 1186 415 1246 sire
441 1193 475 1247 ut
495 1185 559 1264 ipse
580 1183 720 1263 loquitur,
749 1185 901 1264 Serapidis
922 1184 1033 1262 templo
1055 1189 1269 1246 conservatam.
1312 1183 1393 1244 llaec
1413 1203 1474 1245 eu·

250 1279 310 1334 tem
333 1277 402 1332 sunt
423 1287 527 1348 graeca
547 1267 625 1330 illius
646 1267 748 1329 rerba:
770 1267 837 1332 Kal
857 1270 954 1350 μέχρι
974 1267 1031 1332 νῦν
1052 1263 1119 1332 ἐκεῖ
1139 1265 1206 1329 τῶν
1227 1285 1295 1410 erfo
1365 1267 1412 1330 ῶν
1436 1263 1475 1329 αἱ

206 1409 213 1424 .
286 1355 507 1498 uqseivtietcae
531 1349 645 1433 βίβλοι
670 1354 808 1434 μένουσι
835 1351 998 1431 (Chrpsost.
1020 1353 1102 1413 Orat.
1123 1349 1148 1412 l.
1170 1349 1235 1411 adv.
1272 1369 1373 1430 u.p.
1396 1353 1475 1415 ast.

247 1457 336 1508 ,om
375 1481 382 1498 .

258 1529 261 1540 ’
336 1442 483 1592 delirum,
511 1537 677 1598 quanquam
704 1518 809 1598 aliquis
838 1525 939 1580 onuba
968 1516 1045 1578 hano
1065 1516 1267 1595 chrysostomi
1287 1517 1476 1596 aliorumque

251 1603 426 1672 smtentiam
448 1602 598 1664 evidenter
619 1601 788 1680 probaverit
809 1610 929 1664 exustos
951 1600 1042 1662 luisse
1063 1600 1120 1660 bos
1142 1600 1270 1673 codices,
1293 1619 1400 1679 negare
1422 1609 1474 1662 ta-

250 1705 320 1748 men
342 1705 403 1747 non
424 1686 534 1764 poterit
554 1693 623 1746 ante
644 1685 714 1748 illud
736 1686 904 1748 incendium
925 1684 1116 1762 multiplicata
1129 1683 1221 1746 lmese
1236 1685 1351 1746 illorum
1365 1703 1474 1746 exem·-

250 1770 343 1850 plaria
370 1788 404 1830 ac
430 1768 514 1847 plura
540 1769 675 1830 hebraica
702 1788 719 1830 a
740 1769 855 1831 ludaeis
889 1775 918 1830 et
939 1785 1042 1846 graeca
1063 1767 1100 1828 ab
1121 1767 1186 1828 aliis
1208 1768 1365 1848 descripta,
1395 1787 1476 1848 quae

251 1853 408 1932 diligenter
429 1861 600 1914 conservata
621 1859 701 1914 sunt.
743 1853 847 1914 Nullus
870 1851 1194 1914 euhnaerodubitandi
1215 1851 1298 1914 loeus
1321 1860 1378 1925 est,
1401 1852 1474 1931 quin

250 1937 341 1999 multa
368 1935 487 2014 quidem
514 1935 551 1996 ad
573 1935 755 1998 Christianos
783 1936 980 2014 pervenerint.
1023 1935 1088 1996 Nou
1115 1953 1208 2013 pauca
1235 1936 1345 1998 etenim
1366 1953 1475 2013 graeca

250 2019 421 2082 testimonia
442 2018 473 2080 iu
494 2018 568 2080 Nori
589 2019 773 2080 Testamenti
792 2019 877 2080 libris
899 2019 987 2080 citata
1007 2018 1204 2098 reperiuntur.

335 2103 492 2164 Praeterea
509 2120 579 2164 vero
596 2101 734 2164 hebraica
752 2101 920 2182 apographa
937 2102 1161 2180 diligentissime
1182 2101 1218 2162 ab
1237 2101 1344 2164 iisdem
1354 2100 1476 2164 ludaeis

252 2185 487 2249 asservabantur.
509 2186 551 2246 lle
572 2185 610 2246 iis
622 2203 756 2264 namque,
768 2187 884 2265 quisue
896 2185 1183 2264 temporarivehant,
1197 2185 1476 2248 diritTertullianus

252 2277 371 2331 noster:
394 2269 612 2350 ludaeipclom
623 2269 775 2342 iactatorem
792 2269 945 2350 osetiqolis
961 2269 1101 2342 libertem
1116 2269 1206 2350 ouiqo
1222 2271 1327 2331 odr'tur
1340 2270 1478 2332 sabbatis

253 2354 400 2416 omnibus.
428 2352 560 2414 ludisne
581 2371 669 2430 quarn
683 2353 847 2414 luculenter
857 2352 905 2414 ille
916 2353 1042 2414 affirmet
1052 2353 1177 2415 ludaeos
1199 2352 1321 2432 singulis
1347 2351 1476 2431 quibus-

252 2453 310 2514 que
332 2435 462 2510 sabbatis
485 2435 516 2496 iu
538 2437 695 2514 synagogis
718 2437 781 2498 suis
802 2444 995 2515 congregatos
1027 2437 1123 2516 palam
1144 2447 1175 2498 et
1195 2435 1382 2499 audientibus
1405 2455 1477 2498 om-

251 2519 339 2580 uibus
360 2519 509 2582 lectitasse
530 2518 586 2580 bos
609 2538 710 2581 moros
733 2520 859 2592 codices,
892 2521 1048 2582 vernacula
1069 2539 1123 2582 sua
1143 2520 1241 2600 lingua
1263 2519 1478 2599 conscriptos?

251 2602 338 2680 Atqui
360 2620 426 2663 mos
449 2601 497 2664 ille
519 2609 587 2664 aute
609 2610 638 2663 et
659 2611 729 2680 post
743 2603 890 2664 Christum
905 2602 1063 2666 [lominum
1085 2611 1172 2682 atque
1197 2604 1233 2672 ab
1249 2603 1377 2682 antiquis
1393 2611 1476 2665 tem-

250 2685 375 2765 poribus
396 2685 568 2748 iuolererat
597 2686 639 2747 De
660 2687 752 2748 Paulo
774 2687 920 2765 siquidem
942 2687 1065 2766 eiusque
1085 2687 1175 2750 sociis
1197 2686 1370 2755 indutibus
1390 2687 1477 2766 spo-

251 2768 397 2830 stolorum
423 2769 583 2830 memoriae
609 2770 758 2847 proditom
787 2779 847 2832 est:
884 2769 940 2834 llli
963 2789 1036 2832 vero
1062 2781 1325 2852 pertranseuntes·
1356 2770 1479 2851 Perqere

248 2863 458 2932 peruenerunt
480 2852 668 2916 Antiochiam
688 2853 818 2916 Pisidiae
840 2865 869 2916 et
895 2859 1029 2934 inpressi
1052 2873 1233 2934 sympopom
1264 2856 1311 2916 die
1331 2856 1479 2924 subbato-

250 2954 323 2998 ruur
350 2937 503 2998 sederunt.
546 2935 620 2998 Post
649 2937 803 3000 lectionem
834 2948 934 3000 autem
955 2939 1039 3017 lepis
1061 2947 1092 2999 et
1111 2938 1336 3018 Prophetarum
1355 2937 1478 3001 Paulus

252 3017 441 3082 ludaeorum
459 3029 568 3098 roqotu
590 3038 757 3083 sermotiem
778 3023 818 3083 ad
840 3040 888 3084 eos
911 3022 1015 3084 doluit
1036 3021 1110 3089 (Act.
1121 3023 1226 3106 Apost.
1253 3039 1315 3101 cap.
1331 3021 1408 3084 Xlll.
1435 3027 1477 3086 14

253 3107 285 3162 et
305 3105 412 3177 seqq).
466 3102 540 3162 Post
571 3102 645 3164 baec
674 3123 744 3166 sero
777 3105 850 3166 haec
881 3104 989 3166 ibidem
1019 3104 1127 3166 litteris
1160 3106 1295 3168 mandata
1321 3105 1476 3167 iuvenies:

251 3182 372 3260 Moyses
402 3200 422 3243 o
448 3185 634 3263 tenporibus
659 3193 792 3267 antiquis
815 3188 902 3250 trehet
922 3193 953 3250 ire
976 3188 1104 3268 stupetis
1128 3191 1307 3261 civitatibus,
1334 3193 1389 3268 qui
1408 3209 1479 3252 essee

194 3305 199 3313 ·
248 3267 427 3345 praedicent
455 3272 487 3328 ia
517 3273 687 3347 synopseos,
720 3271 774 3332 ubi
795 3290 855 3350 per
883 3289 968 3334 omne
988 3271 1145 3336 sabbatum
1166 3271 1279 3352 lepitar
1298 3271 1385 3346 (ibid
1408 3291 1476 3353 rap.

252 3347 410 3422 XV.21.).
453 3349 491 3410 ht
515 3350 546 3411 id
575 3359 654 3412 certe
682 3353 747 3414 lieri
774 3371 835 3414 uon
861 3355 1066 3434 potuit-quin
1087 3364 1172 3417 numa
1193 3355 1293 3418 ludaei
1316 3355 1477 3418 habuerint

202 3449 207 3455 ·
251 3431 309 3492 hos
332 3431 449 3494 codices
472 3441 502 3494 et
517 3434 678 3496 maximam
704 3437 736 3498 iu
758 3437 796 3498 iis
816 3438 996 3518 incorruptis
1018 3447 1104 3516 atque
1126 3439 1332 3519 integerrimis·
1347 3457 1475 3502 muser-

191 3585 194 3592 Ᾰ
251 3514 355 3576 randis
377 3533 477 3576 curam
502 3516 709 3594 impenderint.
1074 3535 1077 3542 ·

338 3598 416 3671 Quid
437 3617 507 3660 vero
529 3600 597 3674 sihi,
618 3600 744 3680 inquies,
767 3603 829 3664 vult
850 3603 1057 3679 Tertullianus,
1079 3623 1145 3668 nim
1160 3607 1233 3668 dixit
1246 3606 1362 3669 ludaeis
1376 3607 1475 3668 rech-

251 3683 347 3762 galem
375 3683 467 3747 luisse
495 3693 598 3746 coetus
621 3703 698 3746 suos
724 3687 848 3765 singulis
875 3687 1003 3750 sabbatis
1031 3689 1136 3768 agendi
1163 3698 1194 3751 et
1220 3690 1314 3752 libros
1335 3709 1408 3752 suos
1430 3691 1475 3752 ihi

250 3767 365 3844 legendi
399 3766 589 3830 libertatem?
645 3767 772 3842 Quidam
805 3779 902 3834 autem
930 3773 1098 3834 existimant
1124 3773 1171 3835 his
1197 3773 1296 3836 verbis
1323 3774 1475 3852 designari

36 3837 41 3854 '
124 3863 130 3876 ·
248 3851 415 3912 baethlem
438 3852 481 3914 eis
503 3871 520 3913 a
541 3851 732 3932 Philadelpho
755 3873 935 3928 mutassem,
964 3857 1053 3918 modo
1075 3875 1204 3918 manum
1227 3857 1350 3935 veebgal
1371 3857 1475 3919 modi·

249 3951 318 3993 nrm
339 3933 498 3998 solverent.
543 3935 600 3998 Sed
629 3955 687 4016 quo
710 3947 882 4016 agumeuto
904 3939 1078 4017 probabitur
1099 3941 1172 4002 illud
1193 3941 1316 4019 vectigal
1336 3950 1475 4003 exartum

249 4033 268 4109 a
287 4014 489 4096 Philadelpho,
518 4019 569 4097 qui
597 4021 671 4082 tanti
698 4021 822 4084 iaciebat
843 4041 944 4084 sacros
965 4023 1080 4086 Veteris
1103 4023 1284 4086 Testamenti
1305 4024 1411 4098 libros,
1439 4043 1476 4086 ac

250 4097 368 4192 illorum
389 4101 565 4180 interpretes
588 4102 674 4166 donis
695 4105 831 4168 maximis
847 4105 1069 4168 cumulaverat?
1092 4105 1193 4186 Longe
1208 4108 1306 4187 itaque
1321 4107 1471 4170 verisimi-

248 4180 306 4242 hus
329 4181 393 4244 aliis
415 4185 531 4248 videtur
551 4207 567 4248 a
590 4186 771 4250 Tertulliano
793 4189 927 4252 denotari
949 4190 1101 4265 tributum,
1124 4191 1202 4270 quod
1224 4191 1351 4252 Romani
1373 4191 1471 4270 impe-

247 4271 365 4326 ratores
387 4265 502 4330 ludaeis
523 4270 698 4344 indixerant,
721 4281 755 4334 ut
775 4274 819 4336 eis
840 4292 925 4335 more
946 4274 1034 4336 solito
1055 4275 1179 4353 singulis
1196 4275 1328 4338 sabbatis
1342 4293 1472 4354 magre-

140 4427 146 4434 ·
248 4348 312 4426 gari
342 4349 452 4412 liceret
497 4353 623 4424 Quidam
655 4374 726 4418 vero
762 4365 866 4436 putant
898 4357 934 4418 de
962 4358 1020 4419 hoc
1047 4358 1157 4421 tributo
1185 4359 1375 4437 intelligenda
1403 4377 1471 4421 esse

170 4493 178 4506 ,
246 4431 339 4494 istaec
354 4433 487 4496 Suetonii
509 4435 546 4497 de
560 4438 727 4504 Domitiano
742 4441 923 4521 imperatore
937 4441 1050 4521 agenda
1076 4442 1180 4504 rerba:
1212 4442 1341 4506 Praeter
1358 4453 1474 4506 uteros
