3144 5236
234 373 299 437 200
321 383 514 430 DiSSERTfflO
529 382 559 425 iii
576 382 624 432 00.
641 379 726 424 ΜΠ.
741 377 827 422 FLOR·
843 375 1039 420 ΤΙΙΤΙῘΙΜΑΝΙ
1053 374 1283 420 ΔΡΟιΟὓΙΤΙΰΙῚΙ
1297 375 1384 422 ffl'i'·

236 537 331 600 iubet:
355 531 490 598 Protulit
507 531 589 596 Dauo
605 530 789 604 democena,
812 527 1056 609 quamadmodum
1077 531 1167 588 arian
1179 525 1347 590 Paracletus
1363 527 1461 601 dccet,

238 627 318 685 rieut
345 621 438 682 radic
464 618 607 697 fruticem
633 625 664 677 et
692 615 765 694 fona
787 613 917 693 finctum
938 623 967 674 et
988 609 1037 672 col
1058 611 1189 672 radium.
1233 609 1311 672 Nom
1332 621 1361 673 et
1380 615 1463 674 ictuc

238 708 350 786 cpeciea
369 701 526 783 probolae,
548 699 579 761 id
600 707 657 772 cot,
679 698 722 759 uti
736 697 824 776 pardo
839 705 907 757 aute
922 695 1044 766 dixerat,
1067 693 1250 773 prolationes
1265 707 1339 760 aaut
1352 711 1463 758 cutum

238 790 488 856 rubricationem,
517 803 557 846 an
583 783 689 864 wius
714 781 880 862 prodeant.
923 777 983 842 Nec
1008 779 1208 842 dubitaverim
1229 778 1339 841 Filium
1361 780 1461 842 dicere

238 884 269 936 et
301 873 413 934 reduit
444 871 587 950 fruticem
615 878 644 929 et
669 866 766 945 sonna
795 867 925 944 linaium
951 873 981 924 et
1001 863 1075 925 cotia
1098 864 1228 935 roduna,
1268 868 1340 944 quic
1361 869 1460 925 omnia

238 961 462 1102 iiiiii-¹³⁸
476 950 863 1116 §attentata
871 950 1002 1111 atat:
1019 947 1381 1112 ttdt'tcdtdd'
1401 959 1464 1096 nt

238 1127 347 1204 [natea
369 1057 467 1183 tungren
488 1139 507 1182 o
529 1121 630 1181 radice
652 1081 706 1180 r’tec
727 1121 841 1198 fluctuo
864 1134 884 1176 n
904 1118 991 1195 sonte
1012 1131 1066 1176 nac
1088 1117 1195 1178 rodina
1221 1133 1240 1175 a
1265 1115 1329 1178 acle
1344 1116 1463 1178 dicear-

238 1213 335 1278 an'tnr,
359 1211 437 1267 aient
457 1223 513 1267 nec
533 1223 554 1265 c
575 1203 638 1266 Deo
660 1203 775 1265 Sermo.
806 1201 905 1278 Ipitur
926 1199 1090 1261 comodum
1111 1217 1217 1262 corum
1236 1199 1370 1278 sormam
1380 1217 1463 1280 pro-

238 1291 332 1373 fiteor
358 1309 404 1352 ma
436 1289 511 1352 dnoa
541 1289 647 1357 dicere,
675 1287 771 1348 Deum
799 1295 829 1346 et
858 1283 1032 1346 Sermonem
1052 1285 1126 1352 cina,
1155 1281 1278 1346 Putrem
1300 1294 1329 1344 at
1350 1282 1465 1346 Filium

239 1381 346 1456 manca.
391 1373 468 1434 Nom
496 1383 524 1434 ct
551 1371 644 1433 rudior
665 1380 695 1432 at
715 1371 824 1449 sautem
845 1369 921 1430 dnoe
942 1384 993 1429 raa
1015 1376 1096 1438 aunt,
1119 1367 1171 1428 aad
1192 1370 1378 1430 coniunctae.
1423 1367 1465 1430 Bt

112 1471 116 1484 “
238 1461 312 1541 sona
340 1468 369 1520 at
397 1459 512 1537 (lucain
541 1456 616 1518 dnae
643 1459 754 1535 cpeca'ea
784 1465 865 1523 aunt,
893 1453 946 1513 aed
974 1451 1130 1512 cadiniaco.
1173 1449 1213 1513 iit
1234 1451 1282 1514 col
1304 1462 1332 1515 et
1354 1453 1463 1516 rodina

240 1545 317 1606 dane
339 1544 459 1622 somnne
480 1551 562 1609 cunt,
586 1541 637 1602 aed
661 1537 852 1602 cohaerentes
874 1535 967 1610 (idem
988 1534 1039 1596 lib.
1062 1533 1127 1595 adv.
1148 1535 1235 1596 Pron.
1258 1553 1321 1614 cap.
1344 1538 1397 1611 8.).

325 1629 362 1686 At
383 1625 486 1686 sedulo
508 1623 723 1686 observandum
744 1631 790 1683 est
816 1621 870 1682 baa
893 1619 1127 1699 comparationes
1149 1619 1185 1681 ab
1207 1619 1333 1680 Auctore
1354 1627 1462 1681 nostm

240 1709 378 1790 proferri,
407 1727 467 1768 non
495 1715 633 1784 tanquam
656 1707 777 1768 omnino
800 1705 945 1784 periectas
975 1722 1009 1765 ac
1039 1702 1122 1781 quasi
1145 1703 1259 1766 divinae
1281 1703 1342 1764 Filii
1365 1721 1461 1782 geue-

239 1793 346 1855 rationi
367 1792 454 1870 piane
475 1791 671 1869 omnibusque
694 1791 791 1851 modis
814 1788 926 1851 similes
942 1785 1010 1848 aiut.
1039 1787 1112 1848 Nam
1128 1796 1157 1848 et
1170 1789 1236 1867 ipae
1252 1787 1338 1848 dixit:
1362 1787 1461 1850 Multo

238 1882 334 1957 mepta
357 1876 462 1937 Sermo
485 1875 549 1946 Dei,
581 1874 688 1952 quibus
716 1873 814 1934 vorbis
842 1872 987 1951 siguificat
1014 1871 1066 1932 bas
1096 1889 1201 1934 omnes
1224 1873 1463 1950 comparationes

146 1969 155 1986 ·
240 1979 307 2022 ecoe
328 1960 525 2038 imperfectae.
567 1957 605 2018 Et
625 1977 696 2018 vero
719 1957 786 2036 qnia
808 1957 920 2018 nesciat
941 1956 1004 2017 ibas
1030 1962 1144 2016 tantum
1174 1957 1252 2017 inter
1274 1973 1308 2016 ae
1330 1955 1461 2030 didorre,

240 2053 382 2125 quantum
411 2061 427 2104 a
457 2049 591 2104 creatore
626 2042 716 2103 distat
744 2039 900 2101 ereatura?
942 2040 1008 2100 Non
1036 2039 1149 2118 protavit
1177 2039 1267 2118 igitur
1298 2040 1335 2100 iia
1368 2059 1463 2119 poseo

240 2129 363 2189 omnino
386 2126 523 2206 explicari
544 2125 609 2187 Filii
632 2123 685 2186 Dei
707 2123 939 2204 generationem,
962 2123 1015 2184 sed
1037 2134 1070 2186 ut
1095 2122 1299 2202 qualicumque
1314 2124 1406 2186 modo
1429 2143 1464 2186 ao

240 2211 403 2274 secundum
425 2212 557 2271 infirmus
579 2209 688 2288 ingenii
712 2209 805 2269 nostri
829 2208 907 2269 vires
930 2227 994 2269 eam
1010 2207 1222 2286 intelligamus.

325 2295 436 2356 Deinde
469 2313 538 2356 nero
573 2294 644 2355 baec
676 2292 807 2371 exempla
840 2292 877 2353 ab
898 2292 949 2352 iiio
978 2310 1040 2352 non
1061 2291 1238 2353 adhibentur
1258 2292 1289 2352 in
1311 2291 1463 2364 omnibus,

241 2379 294 2440 aad
315 2379 347 2441 in
369 2377 514 2457 aliquibus
536 2385 647 2439 tautum
670 2377 770 2448 rebus,
793 2393 867 2454 quae
890 2376 927 2438 ad
948 2376 1075 2437 divinam
1098 2383 1233 2454 spectant
1246 2375 1311 2437 Filii
1334 2393 1464 2454 genera-

241 2463 363 2524 tionem.
395 2462 501 2524 Omnia
523 2461 672 2522 enimvero
695 2461 744 2522 illa
766 2477 802 2521 eo
824 2461 972 2522 dumtaxat
993 2459 1127 2534 tendunt,
1149 2469 1182 2522 ut
1204 2460 1343 2521 osmndat
1356 2458 1466 2522 Filium

241 2547 305 2620 Dei,
328 2547 385 2608 etri
407 2565 422 2607 a
448 2545 537 2607 Patre
558 2563 613 2606 auo
635 2545 769 2624 prodeat,
792 2545 828 2606 ab
851 2544 900 2605 iiio
925 2553 1021 2606 tomen
1044 2561 1105 2606 nou
1127 2561 1197 2622 epae
1217 2552 1386 2623 separatum
1409 2563 1466 2606 nec

241 2630 378 2692 divisum.
411 2629 572 2708 Propterea
594 2629 673 2690 euim
694 2629 773 2708 quod
795 2630 900 2704 inrtex,
923 2628 966 2690 nti
987 2629 1036 2689 illa
1057 2627 1107 2702 ait,
1130 2647 1147 2689 a
1168 2629 1276 2700 radice,
1299 2628 1405 2690 durius
1431 2647 1465 2690 ex

241 2715 334 2788 iente,
356 2714 456 2776 radius
479 2731 514 2774 ex
537 2713 600 2774 soie
622 2713 781 2793 prodeunt,
804 2730 896 2773 neca
919 2731 952 2772 se
975 2713 1100 2774 invicem
1125 2720 1299 2792 separantur
1320 2721 1371 2773 aut
1385 2711 1465 2774 diri-

241 2798 359 2872 duutur,
392 2798 445 2860 aed
473 2797 514 2858 ibi
542 2797 761 2876 coniunguntur
789 2805 818 2856 et
848 2795 912 2857 sine
940 2797 998 2857 ulia
1020 2795 1165 2857 divisione
1188 2797 1363 2870 cohaerent,
1396 2797 1468 2858 binc

240 2882 370 2943 hominis
401 2881 567 2942 intellectus
601 2899 636 2942 eo
669 2881 773 2942 adduci
801 2888 910 2958 potest,
943 2888 976 2942 ut
1004 2897 1075 2959 pro*
1088 2881 1212 2941 infirmia
1240 2880 1327 2960 piane
1348 2880 1465 2942 viribus

242 2974 402 3044 cognoscat
422 2965 476 3026 [tei
498 2963 614 3038 Filium,
644 2965 776 3043 quamuis
803 2962 928 3024 aPatre
955 2965 1088 3042 prodeat,
1118 2964 1154 3025 ab
1178 2983 1214 3026 eo
1235 2983 1296 3024 non
1319 2966 1467 3044 separari,

242 3049 296 3111 aad
318 3050 431 3110 infinite
453 3049 623 3128 perfectiori
644 3049 746 3120 modo,
768 3065 854 3126 quam
876 3065 927 3108 rea
949 3048 1013 3109 ilias
1034 3067 1204 3128 corporeas,
1227 3048 1284 3129 ipsi
1306 3067 1373 3110 aesc
1388 3067 1466 3112 con·

242 3133 374 3193 iunctum
396 3141 483 3210 atque
505 3131 541 3193 ab
563 3151 599 3194 eo
622 3133 741 3212 penitus
764 3131 933 3192 indivisum.

327 3215 377 3275 Sic
398 3216 487 3276 etiam
508 3225 613 3293 postca
636 3216 696 3287 ilie,
720 3225 751 3278 ut
773 3217 927 3276 confirmet
947 3215 1054 3277 Filium
1076 3215 1128 3277 nei
1150 3216 1268 3277 ai'atre
1289 3233 1350 3276 nou
1373 3235 1467 3298 aepa-

242 3297 312 3368 rori,
340 3298 455 3358 mmeni
483 3297 520 3359 ab
548 3299 597 3360 iiio
625 3299 721 3360 divina
750 3299 939 3380 generatione
968 3301 1080 3373 (adierit,
1109 3298 1206 3379 ipsum
1234 3302 1274 3361 ita
1294 3299 1468 3378 loquentem

242 3378 420 3440 introducit:
449 3380 541 3442 Enim·
567 3381 708 3452 oPutre,
736 3394 772 3443 ut
793 3385 900 3445 rodina
923 3401 961 3444 ccc
982 3383 1054 3455 acle,
1080 3393 1116 3446 nt
1138 3388 1224 3446 riom
1247 3402 1286 3464 eu
1307 3386 1404 3464 sonte,
1435 3397 1470 3448 nt

242 3464 352 3543 [rutae
375 3481 413 3524 ce
434 3464 651 3538 cemine'(ibid.
675 3483 737 3543 cap.
761 3469 835 3542 22).
879 3466 953 3528 diibi
984 3486 1055 3528 vero
1089 3468 1191 3529 eadem
1224 3468 1297 3530 solie
1329 3475 1359 3528 et
1391 3469 1468 3530 radii

242 3546 462 3624 comparatione
484 3546 551 3608 ideo
574 3555 688 3609 tontum
709 3548 812 3622 utitur,
836 3557 867 3610 ut
888 3550 1072 3612 demonstret
1089 3551 1143 3612 Dei
1164 3570 1273 3613 nomen
1295 3569 1357 3612 non
1380 3571 1467 3615 erca-

242 3630 318 3692 turis
342 3629 539 3702 tribuendum,
564 3632 618 3692 aed
639 3632 719 3694 Patri
742 3643 861 3694 aeterm
885 3634 1006 3713 eiusque
1019 3634 1105 3708 Filio,
1128 3653 1254 3714 quorum
1270 3653 1326 3696 una
1342 3637 1467 3698 omnino

242 3723 290 3776 eat
311 3714 486 3776 substantia.
530 3715 664 3776 Pramtat
685 3725 782 3777 autem
804 3716 902 3796 ipsum
923 3719 997 3780 haec
1018 3727 1202 3780 enarrantem
1225 3719 1345 3781 audire:
1374 3719 1467 3796 Daca,

242 3798 346 3878 inquit,
371 3803 491 3860 omnino
513 3818 577 3861 non
599 3801 702 3871 dicem,
726 3819 780 3861 nec
802 3802 947 3873 dondnoa,
971 3804 1024 3863 ced
1039 3803 1217 3884 Apostolum
1239 3821 1358 3884 aequor,
1381 3815 1419 3866 att
1441 3809 1492 3866 ai.

238 3888 362 3963 puriter
382 3883 561 3944 noanncndt
578 3877 699 3961 [namot
720 3883 813 3947 Peter
833 3894 863 3945 et
885 3885 991 3959 Fila'acc,
1015 3885 1110 3948 Deam
1125 3884 1248 3949 Putrem
1268 3887 1418 3966 oppalient
1439 3899 1469 3951 et

242 3963 343 4026 iesum
366 3967 519 4028 Obriatnan
540 3966 702 4029 Dominum
723 3973 883 4030 nominent.
927 3968 1034 4031 Solum
1061 3981 1161 4032 oetam
1183 3970 1338 4033 canotum
1356 3984 1468 4051 potero

241 4047 339 4108 Deum
361 4049 469 4124 dicere,
491 4054 570 4112 ctera
591 4051 667 4112 idem
689 4052 869 4132 Apostolus:
893 4051 944 4114 Bc
964 4055 1069 4133 quibua
1093 4053 1243 4129 ebriatae,
1266 4059 1319 4135 qai
1338 4067 1394 4126 act,
1418 4061 1469 4117 tn-

241 4133 315 4208 qnit,
338 4129 419 4192 Deae
442 4149 537 4214 anper
559 4137 660 4196 omniu
683 4133 852 4198 benedictus
873 4139 907 4196 in
929 4153 1035 4199 caeam
1057 4153 1152 4200 omne.
1195 4137 1273 4200 Nom
1295 4147 1324 4200 at
1345 4139 1470 4201 rauna·

241 4211 317 4273 aoit'a
339 4231 477 4276 aeoranna
500 4216 593 4279 roiam
614 4217 742 4293 vocabo,
765 4219 858 4280 colena
880 4230 981 4280 cutem
995 4223 1164 4293 nominonc,
1188 4225 1274 4283 cuiue
1288 4233 1334 4283 eat
1349 4224 1467 4294 rodana,

240 4311 304 4357 non
325 4301 478 4380 atotimat
500 4301 621 4362 rodium
642 4302 736 4363 aetem
757 4301 928 4383 appellabo.
958 4303 1036 4364 Nom
1057 4307 1122 4367 etai-
1137 4305 1215 4367 coiea
1238 4307 1314 4367 door
1337 4312 1402 4368 obn
1416 4309 1469 4386 [a-

240 4383 326 4450 cicm,
358 4391 457 4440 tomen
485 4393 515 4442 et
542 4383 636 4446 roiam
664 4395 693 4447 at
720 4388 841 4448 rodium
862 4391 925 4448 cina
948 4397 1011 4448 tarn
1032 4389 1109 4449 duaa
1132 4405 1182 4450 roc
1204 4397 1233 4450 et
1255 4390 1330 4451 dana
1354 4395 1469 4470 aperiat

238 4466 332 4524 antico
353 4465 501 4524 indiar'soe
522 4467 710 4532 substantioe
732 4471 906 4540 numerabo,
928 4489 1015 4550 qnam
1039 4471 1136 4534 Dauno
1156 4483 1186 4535 et
1200 4471 1377 4536 Stratonem
1392 4479 1468 4552 etna,

239 4563 328 4627 mont
349 4544 473 4610 Patrem
494 4559 523 4610 et
543 4549 653 4614 Fitr'nm
675 4551 762 4629 (ibid.
785 4570 848 4633 cap.
874 4555 948 4630 ta).
