3036 5230
232 287 298 358 'lto
452 294 645 340 nrsssnrsrro
664 295 704 338 os
722 291 929 338 summisso
951 293 990 336 rr
1013 293 1079 336 sms
1096 263 1247 336 'samnis

236 468 304 512 snm
324 457 356 510 et
376 463 532 509 censorum
549 442 963 522 ,uriom'cartmp'rtsmlum
984 442 1153 514 cantuset,
1177 441 1219 504 sd
1241 459 1368 502 eorum
1389 445 1462 502 elles

236 553 287 596 sas
308 531 492 612 repellendas
514 529 622 592 librum
645 530 681 591 de
703 527 794 590 Pallio
816 527 946 607 scripsit.
982 527 1162 598 Pamelius¹,
1190 545 1340 604 quocum
1357 526 1460 603 Salia·

236 615 396 690 consentit,
418 633 486 676 eum
506 615 608 676 statuit
629 633 696 674 esse
718 611 954 690 antiquissimus
976 613 1053 673 inter
1068 611 1251 674 Tertulliani
1275 611 1385 672 lhos
1404 629 1458 670 nm

236 710 386 774 mustos,
423 700 532 778 quippo
558 697 657 760 statim
684 707 755 775 post
782 695 848 756 eius
868 697 1096 758 conversionem
1123 696 1161 757 ad
1186 695 1374 756 domninam
1401 699 1456 754 dr.-

235 786 363 848 stianam
386 783 544 862 scriptum.
573 801 632 860 quo
654 790 787 860 tompore
809 777 930 860 pallium
952 779 1065 852 induit,
1088 789 1208 840 vestem
1232 789 1315 840 unic
1339 780 1454 838 oum

234 868 413 932 Christianis
440 883 638 928 communem.
691 864 853 926 Salmasius
880 864 1033 926 contendit
1062 864 1186 943 pallium
1221 863 1452 942 presbyrum·

235 954 331 1032 inipso
350 961 471 1022 vestem
493 969 554 1012 oon
576 950 707 1011 omnium
730 949 851 1010 omnino
867 949 1116 1021 Christianorum
1137 947 1255 1008 librum
1280 949 1383 1026 igitur
1400 967 1452 1006 sm

235 1047 320 1118 ptum
348 1055 414 1099 esse
436 1033 617 1096 Tertulliano
645 1034 675 1094 in
703 1053 772 1094 eum
801 1034 935 1094 ordinem
956 1033 1097 1094 admisso.
1142 1030 1263 1093 Alisios
1278 1045 1301 1070 ·
1325 1042 1361 1093 st
1381 1053 1396 1091 ι
1413 1033 1448 1090 ls

235 1122 326 1184 melio
348 1130 378 1181 et
399 1140 416 1181 a
439 1119 584 1180 Salmasio
605 1117 788 1179 dissentiens
810 1117 935 1178 affirmat
957 1117 1075 1196 pallium
1098 1115 1134 1176 ab
1157 1116 1197 1176 iis
1221 1116 1303 1178 solis
1327 1118 1450 1177 coms

233 1207 284 1268 nis
306 1205 416 1284 gesuri
437 1203 567 1272 solitum,
590 1203 640 1282 qui
661 1202 822 1264 asceticum
843 1202 919 1263 vitae
941 1220 1032 1278 geum
1056 1209 1267 1272 acclamatum
1292 1201 1373 1261 binc
1391 1202 1446 1259 ord

196 1319 200 1324 ·
236 1291 294 1368 git,
327 1288 435 1350 librum
458 1289 599 1366 scriptum
621 1305 689 1348 esse
711 1286 798 1364 paulo
820 1295 891 1364 post
918 1304 1005 1364 «poam
1027 1285 1232 1346 Tertullianus
1256 1285 1397 1346 Montani
1414 1287 1448 1342 d·

239 1373 362 1436 ιιιιὶιιιιιι
385 1380 486 1451 aperte
509 1373 662 1450 professus
685 1379 741 1432 est.
771 1369 815 1430 Illi
837 1378 898 1430 tres
919 1370 1012 1430 critici
1034 1387 1117 1430 suam
1139 1369 1275 1447 quisque
1300 1370 1447 1448 opiniocrr

236 1456 310 1518 l'ocis
338 1476 374 1518 ex
400 1457 466 1534 ipso
494 1456 569 1516 libro
598 1453 692 1516 allatis
720 1453 854 1526 uniunt
880 1463 1017 1532 extatque
1044 1449 1121 1514 unus
1150 1453 1260 1524 locros,
1301 1454 1357 1532 qui
1378 1456 1438 1532 prm

238 1548 359 1620 aspectu
381 1540 482 1601 lectori
504 1557 588 1618 spem
610 1541 706 1600 lacero
728 1538 824 1618 possit
844 1539 909 1598 lore
931 1546 964 1598 ut
991 1546 1109 1615 tempus
1130 1537 1205 1598 satis
1232 1549 1380 1599 accurate
1399 1556 1448 1596 ros
1473 1609 1474 1616 ἵ

236 1626 386 1687 stituatur.
429 1623 477 1684 nu
498 1623 576 1686 euim
592 1623 824 1692 Tertullianus¹¹‚
847 1631 907 1682 tres
930 1621 1009 1683 viros
1032 1630 1093 1682 tum
1116 1622 1324 1682 consociatos
1348 1642 1411 1682 essa.
1428 1639 1447 1678 ιι
1473 1679 1474 1684 ,

235 1709 392 1787 imperium
415 1707 679 1769 administrandum
701 1715 731 1768 et
753 1705 855 1768 orbem
879 1715 1023 1766 terrarum
1044 1706 1100 1766 alta
1123 1707 1181 1765 lrni
1204 1724 1298 1783 pace.
1350 1707 1405 1766 Sel
1421 1725 1447 1763 c
1473 1707 1474 1758 ι

236 1792 315 1854 lelici
338 1811 406 1853 casu
428 1791 531 1852 accidit
551 1799 585 1852 nt
605 1791 683 1852 inter
704 1799 953 1851 commentatores
976 1809 1036 1851 nou
1059 1789 1235 1862 conveniat,
1274 1799 1383 1851 utrum
1408 1801 1447 1849 trs

235 1875 278 1938 illi
300 1875 497 1955 imperatores
519 1875 628 1938 luerint
643 1875 782 1946 Severus,
805 1874 1138 1946 concinnendum,
1160 1873 1296 1934 Albium
1306 1888 1333 1946 ⁰,
1358 1894 1393 1935 an
1412 1876 1447 1932 Se

239 1979 338 2034 verus,
359 1959 527 2021 Antoninus
543 1959 698 2030 Caracalla,
722 1959 829 2030 Getam
851 1977 947 2036 sieque
970 1970 1067 2018 utrum
1090 1958 1147 2020 alta
1169 1976 1229 2035 pax
1256 1959 1297 2018 de
1322 1979 1382 2037 quo
1396 1961 1445 2018 ls-

237 2044 377 2106 tullianus
399 2043 601 2122 loquiturilla
622 2043 711 2106 luerit
733 2061 808 2120 queo
829 2041 911 2120 Nigri
940 2042 1117 2104 seditionem
1147 2059 1344 2120 oppressam
1367 2063 1445 2104 cote

237 2137 303 2188 culs
326 2136 387 2199 est,
423 2146 460 2188 an
488 2127 536 2187 illa
558 2145 615 2206 qua
636 2125 791 2204 imperium
818 2145 872 2204 per
894 2126 1014 2187 ultimos
1035 2125 1137 2186 Severi
1159 2127 1240 2186 vitae
1266 2145 1370 2189 annos
1391 2131 1444 2187 lus

237 2209 333 2270 batur.
379 2209 553 2271 Scrnlerus‘l
582 2211 700 2290 quidem
724 2209 754 2270 in
775 2210 905 2288 priorem
928 2211 1102 2270 sententiam
1131 2209 1277 2282 inclinat,
1315 2220 1352 2272 ut
1380 2223 1441 2271 taur

238 2292 439 2371 quaestionem
461 2311 564 2371 magna
588 2293 766 2355 obscuritate
788 2294 948 2355 involutam
970 2313 1037 2356 csse
1060 2293 1197 2354 lateattrr.
1246 2295 1307 2356 Est
1330 2297 1443 2356 smod-

133 2393 140 2412 “
237 2377 322 2438 cendi
344 2395 437 2455 genus
461 2377 491 2437 in
513 2378 571 2438 boc
592 2378 668 2439 libro
691 2386 748 2438 tam
771 2377 1009 2438 declamatorium
1032 2387 1064 2437 et
1083 2377 1288 2450 rhetoricum,
1312 2391 1350 2441 ut
1371 2381 1444 2440 eus

238 2461 312 2542 gulis
340 2459 437 2522 uerbis
466 2461 538 2522 certi
560 2462 718 2539 quidquam
741 2460 836 2540 colligi
865 2480 926 2522 non
953 2463 1066 2539 possim
1101 2461 1174 2522 milri
1205 2469 1316 2524 umen
1348 2467 1445 2542 scripto

236 2545 353 2606 rideurr
374 2563 442 2606 csse
464 2545 502 2606 ad
516 2545 730 2606 defendendam
745 2563 932 2606 communem
954 2545 1031 2623 pallii
1053 2545 1302 2623 assumptionem
1326 2549 1379 2609 illo
1393 2559 1444 2607 tes·

236 2647 311 2708 porc
333 2647 350 2690 a
372 2629 548 2690 Christianis
571 2628 861 2707 Carthaginiensibus
885 2632 1024 2699 lactam'3
1061 2629 1106 2690 rel
1135 2631 1275 2692 tortasse
1307 2635 1347 2694 ad
1369 2635 1443 2694 dolen

236 2711 363 2774 dendsm
386 2731 469 2774 suam
493 2713 556 2773 eius
574 2713 670 2774 restis
691 2713 938 2792 assumptionem,
966 2713 1015 2792 qni
1038 2732 1101 2774 eam
1125 2713 1309 2778 christianis
1341 2718 1445 2778 morito·

236 2797 330 2876 magis
353 2797 509 2858 convenire
533 2797 734 2857 arbitraretur.

321 2881 417 2942 Unum
441 2899 516 2958 opus
538 2881 656 2958 quando
679 2881 821 2959 scriptum
843 2881 883 2942 sit
898 2889 979 2944 certo
996 2880 1166 2943 testimonio
1183 2891 1324 2952 constat,
1347 2887 1446 2963 prinus

237 2963 302 3024 dico
325 2964 432 3026 librum
453 2965 595 3024 adversus
618 2964 807 3025 Marcionem.
852 2965 951 3044 Capite
974 2964 1052 3025 enim
1077 2970 1142 3027 15³
1166 2964 1380 3029 Tertullianus
1399 2970 1446 3026 dio:

235 3065 271 3106 se
294 3048 423 3109 scribere
445 3048 548 3126 quinto
571 3047 686 3108 decimo
709 3067 787 3108 anno
803 3049 904 3110 Severi
927 3049 1097 3127 imperantis
1113 3049 1178 3109 sive
1194 3067 1222 3109 a.
1241 3049 1358 3114 CClill.
1387 3053 1446 3112 lru

237 3130 325 3192 eliam
348 3132 378 3191 in
400 3132 457 3192 boe
477 3131 572 3193 libro'
594 3140 706 3193 certum
730 3132 950 3206 testimoninm,
980 3141 1147 3202 auctorem,
1176 3151 1274 3210 quum
1300 3155 1371 3198 sarm
1392 3137 1446 3194 sci

236 3211 330 3286 beret,
353 3215 439 3274 tidem
461 3215 603 3277 babuisse
624 3215 754 3276 llontani
776 3217 971 3296 prophetiis„

269 3409 287 3461 l.
305 3409 448 3471 Dodpsouus
473 3413 497 3462 v.
516 3413 546 3462 cl.
565 3413 664 3464 Psmclli
682 3417 820 3479 opinionem
872 3419 960 3466 lissima
988 3417 1085 3480 pollione
1111 3430 1181 3478 super
1208 3431 1294 3468 onmes
1329 3425 1443 3470 munt

235 3492 304 3528 susm
323 3478 392 3528 lacit:
419 3481 500 3528 nescio
519 3495 548 3530 an
567 3483 671 3531 osculari
690 3485 821 3546 possimus,
870 3487 950 3548 peplos
968 3492 1067 3546 oupuslo
1083 3485 1161 3540 certis,
1181 3499 1304 3548 asperque
1323 3504 1443 3550 merop

235 3547 256 3596 si
282 3560 308 3594 cr
333 3547 455 3609 paucitate
477 3547 584 3596 locorum
610 3563 623 3597 e
647 3549 671 3599 S.
697 3551 819 3614 Scriptura
873 3551 1309 3614 casetlitolpssocerdosruppsstus;
1328 3558 1442 3604 deducat-s-

236 3613 361 3662 altatorum
387 3614 567 3674 concludamus,
591 3615 677 3665 librom
704 3617 820 3680 scriplum
873 3621 917 3676 los,
935 3619 1030 3678 madeo,
1050 3631 1150 3665 ruveron
1169 3618 1277 3667 lubitum
1292 3625 1441 3671 ruminum

235 3694 291 3730 arse
308 3681 381 3744 poulo
400 3689 455 3744 post
472 3680 612 3732 Tertulliani
631 3685 819 3733 conversionem.
873 3687 958 3734 enoris
968 3687 1004 3734 tui
1011 3686 1199 3743 renuntiatorem,
1219 3685 1347 3736 c.4.sob.
1358 3691 1374 3737 l.
1392 3691 1441 3736 lm·

269 3761 302 3796 ιιι.
320 3747 461 3797 Dissertatio
479 3748 509 3797 dc
519 3749 660 3800 Tertullinm'
672 3753 717 3802 vila
727 3753 821 3802 etscri·
872 3753 917 3802 Sed
934 3752 1086 3814 iatopollium
1101 3751 1219 3812 loquitur:
1238 3754 1288 3806 ..lt
1308 3771 1351 3816 syo
1368 3761 1407 3804 iss
1421 3757 1442 3802 n

233 3813 283 3878 plis
301 3829 321 3864 c.
340 3813 364 3866 6.
870 3821 940 3868 ellum
957 3819 1049 3868 dicimo
1065 3823 1140 3867 seclae
1157 3831 1184 3866 oc
1202 3818 1440 3882 discipli-semare

229 3915 234 3923 -
268 3895 293 3930 ιι.
313 3881 821 3946 Ormnlumurbiumoulproducitsolmlt
870 3887 931 3935 ιιιιιιι
953 3883 1071 3948 consero.“
1096 3885 1173 3932 Gaude
1192 3885 1299 3946 pollion
1325 3897 1346 3937 el
1371 3893 1442 3938 rulo:

235 3953 275 3998 out
291 3949 393 3998 reddidit
409 3952 538 4012 proesentis
556 3951 647 4013 lmpcrii
671 3951 756 4014 triplex
772 3953 820 4000 olr-
869 3953 951 4001 melior
968 3954 1015 4000 ium
1033 3958 1054 3999 tc
1070 3951 1218 4014 pbilosophis
1243 3953 1346 4014 dignm
1362 3967 1404 4016 eu,
1423 3972 1441 4003 ιι

234 4019 289 4064 lust
324 4015 370 4064 fleo
392 4022 426 4064 lot
450 4015 558 4077 ,lucustis
582 4019 608 4066 in
629 4032 700 4066 unum
722 4022 819 4081 semme,
870 4035 914 4082 ouo
935 4017 1088 4067 Christianum
1104 4017 1186 4066 restire
1203 4021 1316 4082 coepisti.
1335 4039 1355 4072 u
1373 4024 1394 4073 6.

235 4087 292 4194 ⁹¹¹2}
301 4096 388 4196 pp
397 4084 553 4198 ppgpptt!
570 4091 616 4134 ⁰1⁰·
635 4099 657 4133 ⁰·
676 4083 699 4132 ²·
904 4132 924 4167 s.
942 4117 976 4166 ιι
995 4117 1105 4166 lacrum
1123 4117 1227 4180 quintum
1252 4119 1304 4169 um
1323 4123 1395 4173 sea
1409 4125 1440 4174 s

181 4247 188 4265 ,
267 4224 293 4274 p.
312 4214 337 4260 ι.
356 4213 381 4260 s.
399 4213 498 4264 celtu.
868 4185 990 4248 ΜΝ·

269 4291 292 4340 q.
312 4275 451 4328 Dissertatio
470 4282 493 4330 in
511 4280 685 4331 Tertullianum
705 4298 725 4332 c.
747 4283 768 4330 l.
904 4291 921 4332 l.
940 4284 986 4332 Sed
1004 4283 1048 4331 etsi
1064 4285 1165 4332 nubendi
1182 4286 1229 4332 iom
1247 4287 1335 4336 modus
1358 4293 1438 4353 positu.

267 4356 288 4392 r.
307 4341 359 4391 lloo
376 4345 463 4422 colligo
487 4361 514 4396 ιι
538 4349 575 4428 bis
599 4349 674 4428 locis:
701 4349 820 4426 linimento
871 4363 937 4413 quem
955 4351 1047 4412 quidem
1065 4352 1126 4413 apud
1143 4365 1187 4427 sor
1203 4352 1436 4432 spirllols'srun'olo

233 4410 822 4541 dull?,tlltllltututftblltff
870 4417 1299 4545 ttttlutulttllf'utt'f‘
1317 4438 1342 4470 ‘⁸
1358 4427 1438 4484 Μ
