3144 5236
485 373 619 420 scarane
641 374 700 417 rua.
724 373 761 416 te
783 374 911 420 sooner.
1251 363 1312 426 tte

86 535 158 585 tuane
180 531 282 585 autem
304 522 450 585 vocabulo
473 541 598 603 corpora
620 523 774 588 subtiliora
796 544 831 587 ee
852 525 1051 589 tenuissima?
1073 527 1132 590 Sed
1153 527 1227 591 haec
1242 537 1310 591 tan-

86 615 135 668 tam
156 608 299 670 diversae
321 617 392 670 sunt
414 627 575 688 corporum
596 609 767 687 qualitates,
798 629 873 688 quae
894 618 1033 689 poterant
1061 613 1127 674 solo
1146 631 1309 694 corporum

84 693 195 753 nomine
218 693 292 754 satis
315 692 474 772 designari.
518 693 557 754 lt
577 697 742 773 spirituum
762 695 884 755 nomine
912 713 972 755 non
1001 715 1160 776 corporum
1182 699 1309 776 qualita-

85 785 134 848 tes,
169 777 227 839 sed
252 777 363 856 aliquid
390 777 428 839 ab
458 777 540 838 omni
568 795 695 857 corpore
722 779 883 840 discretum
921 778 1087 858 significare
1113 781 1309 860 proculdubio

83 861 198 922 ridetur.

160 945 242 1018 Quid
263 963 346 1018 vero,
369 963 430 1024 quo
450 945 498 1006 ille
520 945 578 1008 alio
601 946 631 1006 in
652 945 728 1006 libro
750 963 815 1007 rem
830 946 1014 1024 spiritualem
1029 966 1046 1009 a
1060 949 1206 1028 corporali
1220 951 1308 1030 plane

83 1029 256 1109 penitusque
278 1028 456 1109 distinguit?
491 1029 547 1091 Ubi
570 1030 648 1091 enim
671 1029 707 1091 de
728 1031 867 1105 bominis,
890 1031 941 1110 qui
963 1051 1100 1112 corpore,
1122 1035 1165 1094 uti
1185 1033 1235 1095 ille
1257 1035 1309 1108 ait,

84 1123 107 1174 et
125 1114 236 1194 spiritu
258 1122 386 1187 conant,
410 1114 537 1193 peccatis
558 1114 732 1193 delictisque
755 1115 885 1188 disserit,
908 1125 1010 1194 aperte
1030 1117 1218 1196 pronuntiat:
1244 1120 1309 1180 Da·

82 1199 220 1261 lictorum
242 1199 387 1278 quaedam
409 1217 473 1261 asse
495 1200 642 1271 carnalia,
664 1200 755 1260 idest
777 1201 962 1280 corporalia,
985 1203 1128 1282 quaedam
1152 1220 1227 1264 earo
1242 1206 1309 1283 spi-

84 1284 183 1344 ritalia
206 1283 301 1356 (Idem
322 1283 374 1344 lib.
397 1283 435 1344 de
455 1283 570 1344 Poenit.
594 1301 657 1361 cap.
681 1285 734 1360 3.).
779 1283 856 1345 'l'um
877 1303 947 1345 varo
970 1285 1058 1363 paulo
1081 1294 1167 1364 post:
1189 1286 1309 1349 liainda

85 1367 233 1447 spiritalia
255 1377 285 1429 et
307 1367 483 1447 cameratio
504 1373 719 1438 nominantur,
752 1370 831 1448 qaod
853 1369 992 1431 delictam
1022 1388 1108 1432 omne
1130 1380 1185 1432 ant
1205 1375 1309 1450 agitur

84 1465 131 1514 ant
153 1457 318 1532 cogitatur.
368 1451 588 1532 bicorporis
611 1458 662 1524 stt,
686 1457 718 1514 in
740 1452 823 1530 sacto
846 1464 909 1526 ast,
938 1457 1007 1534 qnia
1028 1455 1155 1533 sactum,
1177 1465 1214 1516 nt
1235 1472 1308 1516 cor-

83 1553 151 1614 pns,
184 1545 213 1598 et
234 1537 336 1597 uideri
355 1546 385 1597 et
407 1540 541 1615 contingi
560 1537 656 1598 dabat.
687 1535 833 1616 spiritale
861 1555 949 1608 vero,
978 1540 1110 1618 quodie
1131 1543 1230 1600 ansnro
1254 1551 1309 1611 est,

87 1625 148 1698 qaia
170 1625 301 1700 spiritns
323 1639 417 1701 neque
439 1621 558 1682 uidetur
579 1639 673 1702 nequa
697 1625 845 1701 tangitur.
874 1621 935 1682 Par
955 1622 1035 1704 qaod
1048 1622 1232 1703 intellegitur
1245 1641 1310 1685 non

85 1705 156 1780 [acti
174 1704 288 1775 samm,
311 1723 419 1766 aarum
441 1715 469 1766 et
490 1705 659 1766 uoluntatis
682 1705 790 1768 delicta
810 1708 945 1767 vitanda.
988 1705 1109 1767 Fatetur
1130 1707 1227 1786 itaque
1249 1707 1307 1768 du-

87 1784 163 1865 plicis
184 1788 304 1866 generis
328 1807 397 1850 esse
417 1797 552 1867 peccate,
580 1789 720 1858 nimirum
743 1789 922 1867 corporalia,
951 1808 1027 1868 quae
1049 1810 1066 1851 a
1088 1809 1223 1870 corpore,
1245 1809 1307 1854 nou

87 1881 262 1950 repugnante
285 1873 384 1933 auimo
409 1881 443 1933 et·
457 1873 617 1955 voluntate,
640 1881 858 1952 perpetrantur.
887 1874 949 1935 atta
967 1893 1038 1936 vero
1061 1875 1155 1936 solius
1171 1875 1307 1954 spiritus,

88 1973 155 2032 quae
174 1957 235 2016 sola
257 1957 454 2018 admittuntur
475 1957 653 2036 cogitatione
683 1966 713 2018 et
740 1957 888 2018 voluntate
927 1977 961 2020 ac
987 1958 1052 2020 sine
1079 1959 1140 2020 ullo
1171 1959 1307 2038 corporis

87 2039 254 2102 ministerio.
301 2041 380 2113 Quin
408 2041 494 2102 etiam
523 2041 597 2114 alios
626 2039 722 2103 adbuc
742 2061 810 2102 esse
838 2042 925 2102 docet
952 2042 1091 2122 proprios
1113 2038 1226 2103 animae
1248 2062 1307 2104 uo-

89 2131 158 2184 strae
179 2133 273 2200 actus,
294 2124 331 2186 ab
354 2125 419 2186 eius
441 2143 568 2204 corpore
589 2143 775 2204 nequaquam
796 2125 1010 2204 dependentes,
1039 2125 1146 2204 quibus
1168 2145 1229 2186 non
1253 2145 1308 2186 so·

89 2207 141 2268 lom
154 2227 260 2288 poena,
282 2209 336 2270 sed
351 2210 516 2288 praemium
531 2229 649 2289 quoque
665 2210 789 2272 debetur
804 2210 898 2285 (ldcm
912 2209 963 2270 lib.
979 2211 1017 2270 de
1031 2210 1134 2270 Anima
1150 2229 1212 2289 cap.
1230 2211 1307 2286 58.).

88 2293 166 2372 Atqu
186 2295 244 2354 hos
267 2294 362 2356 solius
386 2294 500 2355 animae
522 2302 574 2356 aut
594 2294 692 2355 bonos
707 2302 757 2355 aut
772 2294 866 2356 malos
881 2302 976 2367 actus,
999 2296 1131 2374 praemio
1147 2302 1197 2356 aut
1211 2312 1308 2374 poena

89 2376 201 2455 dignos,
224 2397 282 2439 nec
302 2396 412 2456 eorpus
443 2397 499 2439 nec
520 2378 608 2452 nihil,
643 2379 696 2440 sed
719 2379 829 2458 aliquid
851 2379 1057 2439 intermedium
1088 2397 1155 2440 csse
1177 2377 1306 2439 arbitra-

89 2459 175 2522 batur.
217 2463 296 2541 Ergo
319 2463 461 2541 quaedam
484 2481 553 2524 esse
574 2463 702 2543 putavit,
734 2481 808 2542 quae
837 2469 950 2523 tautum
980 2462 1123 2541 spiritalia
1144 2481 1200 2524 nec
1220 2462 1308 2542 plane

89 2547 242 2624 corporalia
266 2555 344 2607 suut.

171 2629 212 2691 ld
245 2631 405 2692 sonandam
435 2649 505 2690 vero
539 2630 619 2692 illius
651 2630 687 2691 de
715 2629 778 2690 lieo
810 2630 1048 2709 propositionem
1081 2630 1160 2709 quod
1183 2638 1308 2710 spectat,

90 2729 190 2788 nonne,
212 2715 255 2776 nti
269 2715 408 2788 diximus,
431 2715 542 2776 diserte
564 2715 690 2778 affirmat
712 2716 776 2776 eius
798 2715 904 2776 Filium
927 2733 994 2775 esse
1016 2713 1172 2792 ipsiusmet
1187 2713 1308 2793 sapien-

91 2795 163 2868 tiam,
193 2799 341 2861 internum
365 2799 488 2862 verbum
511 2807 540 2860 et
561 2817 730 2860 sennonem
752 2799 814 2860 sive
837 2799 1068 2876 intelligentiam,
1093 2817 1167 2876 quae
1188 2798 1309 2877 penitus

92 2879 254 2962 inmrporea
275 2886 421 2963 planeque
445 2884 585 2963 spiritalis
600 2882 676 2950 ,est‘i
701 2883 759 2956 Qui
782 2901 853 2961 ergo
876 2882 904 2943 id
928 2883 991 2944 lieri
1013 2891 1123 2962 potest,
1147 2881 1206 2942 nisi
1228 2882 1308 2944 Deus

92 2965 126 3025 sit
149 2967 231 3045 plane
258 2969 454 3048 incorporeus
485 2987 519 3029 ac
547 2965 695 3046 spiritus?
738 2967 782 3027 Ad
810 2968 883 3028 haec
909 2986 990 3040 vero,
1013 2967 1099 3046 plane
1122 2965 1231 3027 sufficit
1252 2965 1308 3026 ali-

93 3067 169 3126 quam
189 3053 224 3114 ab
246 3072 282 3113 eo
304 3053 420 3114 admitti
441 3051 635 3114 substantiam
657 3051 850 3129 spiritualem,
874 3052 952 3111 iuter
973 3069 1081 3130 corpus
1104 3059 1134 3112 et
1155 3049 1227 3110 nibil
1241 3067 1308 3110 me-

92 3132 170 3276 piam.
218 3137 290 3199 Nam
318 3137 347 3199 si
377 3155 451 3215 quae
478 3137 532 3209 sit,
566 3137 642 3197 hanc
668 3135 857 3214 potissimum
883 3135 978 3197 Deum
1007 3153 1074 3196 esse
1102 3133 1168 3214 quis
1196 3134 1307 3196 diiiite-

109 3217 184 3282 itari

167 3304 291 3367 lustabis
314 3313 414 3366 tamen
437 3304 473 3366 ab
495 3303 545 3364 illo
569 3303 641 3365 nibil
662 3303 781 3365 tertium
803 3303 881 3364 inter
903 3303 1055 3382 corporale
1078 3312 1108 3364 et
1121 3301 1308 3382 incorporale

91 3389 211 3464 agnosci.
247 3389 365 3451 Etenim
388 3389 531 3451 adversus
552 3389 769 3468 Hermogenem
792 3389 832 3449 ita
854 3395 1089 3467 argumentatur:
1112 3387 1182 3449 Nisi
1199 3387 1309 3467 fallor,

93 3477 248 3536 enatares
270 3485 326 3538 aut
350 3474 522 3554 corporalis
544 3483 598 3536 ant
619 3472 826 3554 incorporalis
849 3477 889 3535 eit
921 3491 1042 3535 atecesse
1065 3482 1110 3534 ast
1133 3471 1182 3552 (nt
1204 3489 1311 3533 conca-

93 3555 156 3618 daan
178 3562 299 3620 interim
327 3579 393 3620 esse
421 3559 536 3638 aliquid
556 3558 753 3638 incorporale
781 3560 816 3619 da
838 3559 1016 3620 substantiis
1038 3558 1210 3625 dumtaxat,
1243 3572 1311 3616 cnm
1358 3559 1363 3564 ’

95 3641 153 3716 ipsa
172 3645 341 3705 substantia
365 3661 475 3722 corpas
498 3646 538 3704 sit
560 3646 608 3703 rai
628 3640 803 3723 aninsqnel:
834 3654 913 3704 carte
932 3654 1006 3723 post
1028 3639 1189 3720 corporale
1210 3649 1240 3700 et
1261 3641 1312 3698 in-

95 3727 241 3804 corporale
262 3726 343 3789 nobil
365 3732 488 3804 tertiam
511 3727 603 3800 (ldem
626 3725 690 3786 adv.
712 3726 852 3804 Hermog.
876 3745 938 3804 cap.
963 3729 1038 3800 35.).
1068 3725 1175 3784 Verum
1198 3719 1240 3781 ibi
1260 3719 1311 3778 iu-

95 3811 242 3886 torporalin
270 3811 427 3872 admittere
455 3810 570 3889 potius,
602 3828 690 3889 quam
717 3828 825 3888 negare
853 3808 1047 3888 proculdubio
1069 3805 1193 3866 videtur.
1229 3801 1312 3898 'Nam

94 3889 131 3950 ibi
150 3893 257 3973 ipsum,
280 3905 314 3956 ut
334 3896 446 3956 dictum
469 3903 524 3967 est,
549 3894 656 3956 refellit
677 3893 909 3972 Hermogenem,
933 3893 982 3972 qui
1005 3888 1158 3953 materiam
1181 3892 1237 3946 etsi
1260 3903 1311 3948 rc·

96 3979 349 4042 terseristeutem
383 3988 413 4040 et
440 3997 612 4058 corpoream
643 3985 672 4038 et
702 3978 912 4058 incorpoream
935 3995 1004 4038 esse
1028 3970 1188 4036 effutiebat.
1233 3970 1311 4031 Ter-

95 4059 219 4125 tullianus
247 4083 337 4138 sero,
373 4070 407 4124 ut
432 4063 491 4124 hoc
516 4081 609 4125 vanae
638 4061 789 4140 opinionis
812 4069 1011 4123 commentum
1033 4055 1166 4119 funditus
1189 4061 1310 4129 evertat,

94 4159 153 4204 rem
180 4165 297 4210 omnem
331 4146 436 4209 dividit
468 4147 498 4207 in
525 4165 699 4227 corpoream
730 4155 760 4207 et
787 4146 1004 4226 incorpoream.
1049 4142 1151 4218 ltaque
1184 4139 1311 4218 aliquam

94 4225 192 4368 iptetur
210 4251 280 4296 esse
301 4232 530 4312 incorporalem.
569 4234 607 4293 at
627 4231 653 4292 si
674 4249 748 4310 quae
771 4229 822 4306 sit,
842 4249 913 4310 prae
936 4227 1043 4291 ceteris
1069 4231 1149 4288 certe
1173 4224 1313 4286 omnihus

119 4329 167 4374 eus
188 4325 240 4378 est

149 4399 292 4480 ·Urgebis
318 4401 449 4462 fortasse
471 4400 547 4462 banc
567 4400 742 4464 divisionem
769 4397 827 4478 ipsi
851 4397 972 4459 omnino
994 4396 1155 4476 perlectam
1176 4411 1238 4458 non
1266 4393 1313 4454 vi-

96 4475 163 4542 den.
189 4483 253 4546 Non
275 4485 412 4547 absolute
436 4485 580 4563 siquidem
602 4484 631 4545 id
653 4483 835 4564 pronuntiat,
858 4481 911 4542 sed
933 4481 1102 4542 adversario
1124 4497 1180 4542 suo
1195 4477 1314 4540 iuterim

96 4569 125 4622 tl
144 4569 228 4646 gratis
249 4569 380 4650 nihilque
408 4569 573 4632 adserendo
596 4569 730 4632 concedit
752 4567 879 4648 aliquam
901 4564 1096 4628 substantiam
1119 4581 1189 4628 osse
1210 4563 1313 4624 iocor·

1054 4662 1110 4718 12*
