3114 5240
475 365 608 410 sucronn
629 366 688 410 ure.
710 367 747 410 aa
767 365 895 410 ιιοιιιιιιι.
1230 349 1291 418 tta

89 517 253 597 scrioait'in
275 516 381 580 rerba:
407 517 488 603 Quid
504 517 689 582 Tertulliano
709 513 887 581 eruditius?
908 518 978 599 quid
992 517 1188 582 accuratius?
1209 519 1292 602 loo-

61 599 65 612 “
87 603 220 682 loyeticus
254 607 319 666 er'are
347 613 377 666 et
405 613 512 666 contra
534 603 641 666 deuter
662 602 737 665 libri
756 614 892 666 muctam
912 603 1027 666 soeculi
1046 605 1180 666 obtinent
1202 605 1293 668 disci-

87 689 193 768 plinaris
226 687 411 768 (Hieronym.
444 688 529 767 episc
548 687 603 752 83.
635 687 671 748 ad
691 687 861 766 Magnum).
916 687 991 761 eris
1024 696 1121 752 autem
1153 707 1214 750 non
1245 689 1292 750 ri-

87 773 144 835 deat
172 773 231 833 bos
265 771 303 834 de
330 771 437 852 quibus
470 772 583 852 agimus
615 771 762 851 designari
793 771 885 834 libros
907 780 938 852 et
958 771 994 834 ab
1014 771 1204 853 Apologctico
1227 773 1292 836 dis-

88 855 194 936 tingui?
218 856 362 930 Quamvis
384 857 462 918 enim
483 855 672 936 indgobardi
693 857 803 930 codice,
825 856 862 918 de
883 875 942 936 quo
964 857 1040 918 inira
1055 857 1219 932 dicendum,
1241 858 1291 920 in·

87 942 243 1003 scribantur
272 940 309 1003 ad
330 941 481 1015 Nationes,
512 941 637 1004 cundem
666 950 763 1004 umen
790 948 876 1021 atque
896 941 942 1004 Ad
957 942 1065 1005 Gentes
1086 941 1201 1004 titulum
1223 961 1292 1006 essa

88 1025 143 1105 uris
160 1024 359 1088 diffitebitur?
1308 1073 1310 1088 .

158 1111 224 1173 linc
237 1110 354 1174 accedit
363 1109 555 1191 Augustinus,
577 1110 627 1191 qni
638 1109 809 1172 Tertulliani
824 1109 919 1172 nostri
935 1109 1105 1189 opinionem
1130 1111 1291 1173 relabendo

88 1196 141 1256 eius
160 1195 285 1257 nomine
306 1195 399 1258 hosce
420 1195 521 1268 libros,
542 1194 659 1256 tametsi
678 1194 765 1274 paulo
788 1193 953 1269 obscurius,
978 1194 1088 1258 citant:
1124 1195 1195 1258 Non
1217 1195 1291 1266 dico,

87 1279 180 1358 iuquit,
201 1281 285 1362 quod
305 1281 435 1360 lucetius
457 1283 500 1342 nit
524 1279 727 1343 Tertullianus
748 1281 893 1359 sortasse,
927 1299 1016 1360 emm
1036 1283 1157 1343 uerius:
1194 1279 1231 1343 Si
1244 1281 1296 1344 dii
1354 1339 1356 1346 ,

87 1365 247 1444 reliquatur
267 1375 306 1427 ut
337 1365 427 1436 bulbi,
458 1367 561 1446 utique
597 1368 691 1426 ceteri
720 1365 846 1445 reprobi
873 1363 1048 1426 iudicantur
1079 1366 1212 1444 (August.
1241 1364 1291 1426 lib.

87 1449 137 1510 ut.
167 1451 203 1512 de
235 1449 325 1512 (livit.
359 1453 496 1529 cap.1.).
550 1447 668 1510 Scimus
704 1448 823 1528 quidem
860 1447 1011 1510 nonnullis
1042 1448 1139 1510 visum
1172 1449 1213 1510 ibi
1247 1449 1291 1510 ci-

68 1534 133 1594 tari
157 1533 233 1596 illius
255 1515 490 1613 Asbologeticum.
534 1533 593 1596 Sed
620 1551 794 1613 persuasum
822 1531 870 1594 alii
892 1531 932 1594 ita
953 1532 1117 1594 habuerunt
1137 1551 1199 1594 non
1220 1531 1293 1596 alios

89 1617 120 1678 ibi
140 1637 223 1698 qnam
245 1618 284 1680 ad
300 1617 442 1681 Nationes
463 1617 556 1680 libros
578 1617 675 1692 citari,
698 1626 730 1679 ut
749 1617 819 1678 inde
840 1616 956 1692 illorum
977 1623 1087 1678 textum
1113 1617 1222 1697 corrigi
1237 1635 1291 1678 ro-

88 1701 191 1764 luerint
212 1703 274 1764 tEt
306 1711 386 1764 certe
414 1710 515 1783 postea
544 1702 734 1764 ostendemus
761 1701 955 1781 Augustinnm
983 1701 1024 1762 ibi
1053 1701 1088 1762 ad
1115 1702 1171 1764 hos
1193 1703 1292 1781 potius
1385 1707 1390 1724 ⁸
1460 1783 1464 1792 Ι

90 1787 241 1866 respexisse
264 1787 406 1849 dumoris
428 1789 521 1850 nostri
542 1786 635 1848 libros
657 1805 744 1866 quam
766 1785 802 1847 ad
823 1785 1054 1865 Apologeticum.

165 1871 320 1934 Praeterea
352 1872 383 1934 hi
414 1871 480 1934 libn’
512 1872 543 1934 in
573 1878 688 1934 vetusto
708 1869 855 1950 Agebardi
881 1870 981 1933 codice
1011 1870 1209 1952 manuscripto
1230 1889 1292 1933 non

94 1955 174 2016 semel
196 1957 400 2020 inscribuntur
426 1957 492 2036 ipso
521 1955 691 2018 Tertrdliani
719 1955 848 2017 nomine
893 1955 1027 2018 Secunda
1056 1955 1134 2017 enim
1162 1955 1239 2017 illius
1261 1956 1291 2018 in

91 2040 182 2118 pagins
200 2041 274 2104 boec
298 2040 441 2121 legimus:
463 2059 511 2102 nro
532 2059 606 2102 suna
629 2057 822 2102 ιιιιιιιιιιιιι
843 2058 1290 2106 usn12snnan1onss1assnr.

91 2141 153 2186 nna
175 2145 209 2187 ιιι
236 2143 389 2188 narraras
417 2145 503 2188 ιιιιιιιι
523 2125 563 2186 ιι.Ι
598 2125 631 2186 ln
652 2124 740 2205 primi
769 2124 856 2186 ctiam
887 2124 954 2186 libri
986 2125 1062 2186 bne:
1098 2140 1293 2188 nonnosum

91 2227 121 2268 tn
144 2229 287 2272 moronus
321 2229 408 2272 unsa
429 2228 449 2271 ι.
480 2228 627 2271 sxnmcrn.
669 2228 779 2270 sacrorn
801 2227 886 2272 maan
908 2227 1055 2270 ssonnnns
1076 2229 1112 2270 ao
1134 2228 1291 2271 narrasse.

91 2291 171 2358 Huius
196 2313 291 2376 porro
321 2295 431 2357 codicis
458 2294 595 2356 librarius
620 2293 650 2354 in
676 2293 771 2374 prima
794 2293 856 2357 eius
876 2294 982 2374 pagina
1002 2293 1108 2356 litteris
1130 2294 1292 2356 maioribus

92 2379 211 2458 scripsit:
234 2398 326 2442 mnan
348 2397 477 2460 oscarus
498 2399 535 2440 ιιι
556 2396 667 2440 ursas
690 2383 740 2442 sc'i
760 2396 901 2440 orsenius
922 2396 1049 2440 sxroro
1071 2381 1214 2440 iconasor
1229 2383 1291 2452 nri,

92 2461 175 2538 idest,
197 2464 346 2546 episcopi.
375 2464 412 2525 Ac
425 2463 464 2538 is,
485 2463 630 2542 inquiunt,
651 2463 716 2542 ipsc
730 2471 775 2524 est
787 2462 958 2542 buchardus
972 2462 1179 2542 Lugdunensis
1193 2463 1292 2524 archi-

94 2547 245 2629 episcopus,
270 2549 325 2628 qui
341 2547 437 2610 Caroli
451 2548 548 2627 Magni
569 2547 753 2626 liliorumque
775 2547 839 2609 eius
861 2554 955 2609 aetate
977 2555 1063 2626 atque
1088 2547 1209 2610 incunte
1224 2566 1292 2610 sae-

93 2631 146 2692 culo
174 2653 256 2696 nono
293 2633 428 2716 florebat.
472 2632 547 2695 Tum
578 2632 676 2712 itaque
707 2632 872 2710 descriptus
904 2631 959 2692 luit
990 2630 1038 2692 ille
1065 2631 1157 2693 codex
1178 2651 1213 2693 ex
1235 2631 1292 2693 olio

92 2717 271 2794 prooddubio
307 2717 483 2797 antiquiore,
516 2717 547 2778 in
579 2735 649 2796 quo,
683 2723 770 2794 atque
791 2715 856 2777 aliis
878 2715 956 2777 baud
977 2716 1065 2777 dubie
1086 2715 1229 2793 pluribus,
1262 2715 1292 2776 hi

92 2799 147 2862 libri
165 2804 329 2882 praefixum
352 2801 489 2864 similiter
508 2800 656 2862 habebant
676 2798 847 2861 Tertulliani
868 2817 986 2861 nomen.
1015 2798 1185 2860 Communis
1205 2799 1294 2878 igitur

92 2901 142 2946 non
172 2907 206 2950 eo
237 2895 357 2949 tantum
394 2885 575 2966 agobardi„
590 2885 643 2946 sed
676 2883 877 2964 superioribus
911 2883 998 2945 etiam
1030 2881 1153 2944 saeculis
1192 2883 1292 2961 opinio

94 2979 144 3031 uat
162 2971 379 3034 Tertullianum
400 2971 541 3032 horumce
551 2967 603 3032 ,tn
625 2967 766 3030 Nationes
785 2967 927 3029 librorum
949 2985 1015 3028 esse
1035 2974 1195 3028 auctorem.

164 3056 307 3130 Quamvis
335 3064 434 3118 autem
454 3054 527 3117 tanti
547 3052 665 3114 roboris
686 3051 761 3113 ratio
782 3051 869 3113 nobis
896 3051 1029 3124 deesset,
1059 3051 1165 3112 borum
1197 3058 1294 3112 tamen

95 3136 219 3204 libronnn
241 3147 459 3220 argumentum,
482 3147 561 3201 aetas
583 3145 670 3216 atquc
691 3136 722 3197 in
743 3135 848 3216 primis
867 3135 933 3215 styli
960 3133 1187 3214 scriptionisquc
1202 3153 1295 3218 genus

95 3240 122 3284 sc
138 3243 247 3288 summa
271 3243 340 3288 cuno
359 3223 550 3304 Apologetico
572 3221 696 3284 allinitns
728 3219 795 3284 illos
816 3239 833 3282 a
855 3219 1033 3282 Tertulliano
1055 3219 1205 3300 proiectos
1228 3239 1295 3282 csse

96 3307 297 3372 demonstrant.
340 3309 384 3370 Ex
412 3309 476 3388 ipsa
502 3306 647 3387 siquidem
674 3326 690 3368 a
716 3305 804 3367 nohis
832 3305 890 3367 iam
912 3303 1038 3366 exhibita
1061 3323 1163 3367 eorum
1184 3304 1294 3385 analysi

97 3393 302 3458 evidentissime
329 3401 410 3474 patet
435 3393 552 3455 illorum
579 3391 752 3472 scriptorem
780 3390 812 3451 in
837 3389 896 3452 hoc
923 3407 991 3452 esse
1011 3397 1117 3464 totum,
1145 3396 1179 3452 ut
1198 3390 1294 3470 palam

98 3479 217 3544 omnibus
245 3479 335 3542 lauat
356 3477 539 3540 Christianos
568 3483 670 3538 contra
696 3475 794 3555 legsrm
816 3473 947 3537 omnium
968 3475 1147 3554 praescripta
1168 3475 1204 3536 ab
1227 3475 1294 3536 etb-

96 3560 156 3624 nicis
182 3563 373 3644 iniquissime
400 3561 496 3625 vexari
529 3579 689 3640 eorumque
716 3559 870 3622 criminum
897 3559 971 3622 lalso
998 3559 1139 3630 accusari,
1168 3575 1295 3638 quorum

97 3662 184 3710 resera
203 3647 318 3730 conscii
340 3654 425 3710 amnt
444 3646 564 3726 ipsimet
584 3643 717 3724 gentiles.
761 3635 869 3723 Scripsi
890 3652 960 3705 sunt
981 3662 1049 3723 ergo
1071 3643 1103 3703 hi
1135 3641 1203 3704 libri
1230 3642 1295 3721 ipsa

98 3727 253 3796 Terttdliani
284 3740 390 3806 aetate,
418 3749 483 3793 cum
513 3729 620 3792 ctbnici
648 3737 707 3790 um
735 3747 820 3791 caeco
849 3745 935 3808 ιιιιιιιι
964 3729 1103 3790 surenam
1132 3727 1231 3786 lurore
1263 3725 1295 3785 in

98 3811 265 3880 Christianos
288 3817 383 3879 adhuc
403 3815 578 3878 saeviebant.
606 3813 737 3892 [leuique
757 3811 830 3874 nibil
852 3813 881 3872 in
904 3813 947 3874 eis
968 3812 1029 3873 sire
1051 3811 1088 3870 de
1110 3807 1295 3882 Christianis,

100 3897 149 3990 sire
179 3903 215 3964 de
243 3900 383 3982 gentibus
410 3901 518 3962 dictum
546 3907 600 3998 est,
620 3897 710 3996 ‘quod
739 3889 908 3958 Tertulliani
936 3895 1022 3958 aetati
1050 3909 1111 3954 non
1144 3891 1297 3954 conveniat

102 3997 333 4152 lmffiffi
348 3981 793 4150 teqllalrli)c¹1113enlrlloriieroelilluorum
823 4064 923 4144 stylus,
954 4060 1106 4125 insolitum
1136 4057 1295 4157 dodanum

105 4149 301 4236 ruborumque
324 4172 427 4235 genus,
449 4152 535 4233 plane
557 4150 717 4214 ostendunt
738 4149 948 4212 Tertullianum
970 4165 1037 4208 esse
1057 4163 1158 4208 verum
1179 4143 1295 4207 illorum
1392 4209 1394 4216 ,

104 4247 248 4310 parntem.
292 4239 365 4302 Nam
392 4237 547 4318 peudiaris
574 4237 639 4300 rius
668 4253 703 4297 ac
728 4233 849 4314 propria
870 4231 1035 4310 ceterisque
1057 4229 1208 4292 dissimilis
1230 4230 1295 4292 eius

104 4316 211 4385 elocutio
231 4325 265 4386 in
286 4323 330 4387 eis
349 4323 459 4402 ubique
479 4321 590 4403 passim
612 4319 717 4384 emicat
746 4336 782 4380 ac
802 4316 979 4380 citio·citius
999 4333 1016 4377 a
1037 4315 1167 4394 quolibet
1186 4313 1297 4376 lectore

104 4400 324 4482 demorabitur.
366 4408 411 4470 Ad
438 4408 511 4470 baec
535 4425 616 4480 vero,
643 4405 675 4466 in
701 4402 758 4464 illis
786 4401 904 4482 saepius
935 4409 1090 4482 occurrunt
1115 4417 1176 4461 non
1199 4399 1297 4462 solum

105 4489 191 4554 uduo
216 4503 305 4574 utque
330 4493 362 4554 in
383 4490 571 4571 apologetico
591 4488 713 4570 propria
732 4486 906 4566 insolitaque
928 4484 1096 4547 Tarudliani
1115 4483 1214 4557 rerba,
1244 4480 1296 4544 sed

106 4567 220 4656 integrao
247 4578 336 4642 edam
363 4575 481 4642 eaedem
507 4575 631 4657 periodi.
672 4572 774 4652 Neque
805 4570 835 4634 id
863 4569 950 4651 longa
979 4569 1147 4634 inductione
1177 4564 1296 4648 probari
1335 4589 1339 4598 ·
