3144 5236
251 305 312 368 178
349 316 541 362 ntsssnrtrro
558 315 587 356 lN
604 313 653 363 QU.
669 311 753 354 SEPT.
769 309 855 353 stoa.
872 308 1067 352 TENTULLile
1081 307 1309 350 arctoosrtcul
1324 309 1416 353 GHT-

747 509 916 561 sarmatas
935 507 976 558 111.

272 623 401 668 Ostendimr
418 619 579 666 Tertullianum
598 629 675 661 revera
697 614 817 659 credidisse
835 613 906 656 Duum
924 623 975 655 esse
994 593 1093 667 spiritum
1112 612 1209 668 ninilque
1228 611 1311 656 babere
1329 613 1442 669 corporei,

641 690 663 727 et
682 681 791 726 contraria
815 685 946 734 argumenta
963 680 1085 722 solvuntur.

333 803 415 876 Quae
444 801 481 862 de
512 808 555 860 tot
582 757 730 877 tantisque
756 795 810 857 llei
836 793 1067 875 perfectionibus
1094 801 1125 854 et
1156 792 1305 856 attributis
1332 795 1475 858 hactenus

247 888 381 968 exposita
404 893 484 958 sunt,
508 885 582 946 haec
603 883 761 944 manifeste
782 881 987 942 demonstrant
1008 877 1071 938 illas
1088 896 1156 938 esse
1179 896 1310 939 summas
1332 899 1366 942 ac
1379 881 1476 942 ileum

245 994 263 1036 a
296 991 329 1033 se
359 971 426 1050 ipso
455 969 521 1030 solo
555 977 584 1030 et
613 985 629 1028 a
656 966 737 1028 uullo
760 965 817 1026 alio
850 963 959 1026 babere
981 961 1121 1041 quidquid
1143 962 1207 1040 ipse
1230 971 1284 1024 est
1337 965 1426 1044 Atqui
1449 966 1476 1026 si

245 1057 320 1118 nihil
342 1055 370 1116 ei
392 1074 428 1115 ex
450 1053 507 1130 alio
531 1051 644 1113 accidat
665 1059 695 1111 et
716 1049 913 1128 perfectiones
937 1046 1001 1108 eius
1023 1046 1085 1108 sint
1104 1045 1235 1108 infinitae
1256 1065 1313 1108 neo
1344 1048 1383 1110 ab
1415 1049 1476 1110 ulla

245 1159 376 1219 unquam
410 1136 614 1200 circumscribi
645 1133 813 1214 potuerint,
850 1130 1068 1210 simplicissima
1099 1129 1292 1210 proculdubio
1327 1141 1375 1194 est
1396 1133 1476 1196 illius

244 1234 350 1287 natura
371 1242 405 1286 ac
426 1221 555 1302 proinde
577 1219 741 1300 spiritualis
765 1227 795 1279 et
817 1217 915 1278 omnis
945 1233 1107 1294 corporeae
1128 1215 1328 1280 concretionis
1356 1235 1476 1296 expers.

244 1309 363 1372 Nullum
386 1325 456 1386 ergo
478 1305 569 1366 babet
590 1323 708 1384 corpus,
730 1303 810 1382 quod
831 1301 933 1380 utique
955 1300 1089 1379 partibus
1104 1298 1290 1378 componitur
1310 1309 1399 1380 atqrre
1427 1304 1476 1364 id-

245 1395 323 1455 circo
346 1400 446 1471 potest
467 1389 591 1452 dissolvi
615 1397 645 1450 et
665 1389 869 1466 imperfectum
891 1393 948 1446 est.
989 1384 1048 1446 Sed
1071 1384 1141 1463 quid
1162 1402 1286 1446 necesse
1308 1394 1356 1446 est
1378 1386 1478 1466 aliqua

244 1475 499 1557 argumentatione
531 1475 608 1536 banc
639 1473 767 1553 probare
794 1469 930 1532 Auctoris
962 1468 1059 1530 nostri
1086 1466 1273 1532 doctrinam?
1315 1469 1423 1532 Nonne
1445 1472 1478 1534 id

244 1560 432 1640 apertissime
468 1558 516 1620 bis
553 1557 732 1638 praedicavit
766 1554 865 1616 verbis
901 1553 1086 1630 (Tertulliau.
1114 1552 1267 1632 Apologet.
1296 1573 1359 1634 cap.
1389 1559 1475 1631 21.):

242 1647 342 1707 Deam
364 1645 521 1712 edicimus,
543 1645 704 1722 propriam
719 1641 921 1702 substantiam
936 1641 1079 1717 spiritum
1093 1637 1309 1700 inscribimus?
1329 1637 1366 1698 Et
1379 1640 1475 1718 paulo

243 1735 326 1807 post:
350 1727 428 1790 Nom
450 1737 480 1790 et
500 1725 583 1788 Dros
606 1731 745 1806 spiritus.

328 1811 429 1890 Neque
450 1809 634 1888 respondeas
657 1809 745 1870 velim
765 1808 808 1868 ibi
830 1807 952 1887 spiritus
974 1805 1096 1868 nomine
1118 1825 1226 1884 corpus
1249 1805 1383 1884 aliquod,
1416 1809 1476 1870 sed

243 1895 350 1957 ceteris
377 1895 465 1974 longe
493 1892 630 1956 subtilius
659 1892 696 1954 ab
719 1913 755 1952 eo
778 1891 908 1969 intelligi.
952 1889 1025 1950 Nam
1053 1890 1162 1952 ibidem
1185 1890 1329 1959 Verbum,
1364 1892 1473 1954 Sermo

243 1988 273 2041 et
292 1980 384 2042 Filius
406 1979 459 2040 bei
481 1977 518 2040 ab
541 1977 607 2056 ipso
630 1977 736 2038 dicitur
757 1995 794 2038 ex
818 1977 887 2037 sinu
907 1974 1004 2035 Patris
1033 1974 1080 2036 sui
1102 1975 1214 2036 aeterni
1234 1975 1402 2054 prodiisse,
1437 1979 1475 2040 de

242 2068 356 2144 spirito
378 2068 506 2144 spiritus
530 2072 558 2123 et
580 2062 614 2124 de
636 2063 698 2123 Deo
723 2061 803 2123 Deus
826 2060 936 2135 (ibid).
978 2061 1015 2119 At
1036 2067 1116 2120 certe
1136 2059 1184 2120 illa
1205 2068 1324 2122 aeterna
1348 2069 1377 2121 et
1402 2069 1474 2122 ante

242 2166 330 2210 omne
358 2166 467 2226 corpus
497 2156 625 2208 creatum
647 2146 700 2206 liei
722 2145 847 2223 prolatio
870 2143 942 2204 nibil
962 2143 1049 2221 plane
1070 2144 1206 2222 corporei
1228 2143 1384 2206 admittere
1398 2154 1473 2225 pot-

241 2241 297 2294 est
347 2231 413 2310 lpsa
436 2230 581 2309 siquidem
605 2240 650 2292 est
672 2229 725 2291 uei
748 2229 886 2308 cogitatio
909 2236 938 2288 et
959 2227 1159 2314 intelligentia,
1182 2247 1256 2307 quae
1276 2229 1397 2307 penitus
1421 2229 1473 2290 in-

240 2335 383 2396 corporea
407 2324 436 2377 et
457 2333 538 2376 mere
558 2313 721 2393 spiritualis
736 2331 804 2374 esse
819 2312 916 2374 debet.
946 2311 1022 2372 Vere
1037 2330 1108 2390 ergo
1124 2313 1320 2374 Tertullianus
1335 2314 1475 2391 credidit,

238 2399 333 2462 Deum
355 2399 472 2460 Patrem
494 2397 658 2478 Filiumque
680 2398 745 2458 eius
768 2416 834 2458 esse
858 2397 1011 2476 spiritum,
1040 2397 1090 2475 qui
1111 2397 1185 2458 nibil
1206 2415 1333 2476 prorsus
1355 2417 1474 2478 eorpo-

239 2484 282 2544 ris
306 2492 335 2544 et
355 2483 494 2545 materiae
517 2481 732 2562 quantumlibet
754 2480 868 2542 subtilis
890 2481 1005 2542 babeat.

325 2569 434 2630 Contra
455 2576 553 2628 tanam
575 2567 709 2628 nonnulli
730 2566 890 2628 reclamant
914 2563 1060 2644 nobisque
1087 2563 1229 2626 abiiciunt
1251 2565 1474 2630 Tertullianum

239 2651 387 2725 docuisse,
417 2651 560 2731 quidquid
582 2659 638 2724 est,
671 2659 720 2712 aut
741 2668 850 2729 corpus
874 2668 943 2712 esse
971 2659 1021 2712 aut
1048 2648 1123 2710 nihil
1151 2667 1206 2710 neo
1226 2667 1319 2728 posse
1341 2651 1471 2716 omnino

237 2736 347 2816 aliquid
370 2737 448 2797 inter
469 2744 626 2814 utrumque
660 2734 790 2796 medium
819 2734 981 2812 assignare.
1029 2733 1103 2794 Nam
1124 2733 1197 2794 haec
1218 2742 1288 2794 sunt
1310 2734 1475 2813 ipsissima

237 2821 302 2883 eius
324 2820 427 2882 rerba:
454 2819 546 2882 Omne
569 2821 649 2900 quod
670 2831 724 2891 est,
750 2836 860 2898 corpus
883 2829 928 2880 est
949 2822 1001 2880 soi
1018 2823 1145 2898 generis.
1188 2817 1274 2880 Niiril
1294 2830 1339 2880 est
1359 2825 1474 2883 incor-

233 2905 354 2984 porale,
377 2909 440 2966 nisi
459 2905 537 2986 quad
558 2922 621 2966 aaa
643 2915 687 2966 est
709 2903 801 2977 (idem
822 2902 872 2963 lib.
896 2903 932 2964 de
955 2903 1048 2963 Carne
1070 2902 1181 2964 Christi
1202 2921 1265 2981 cap.
1292 2907 1363 2979 11.).
1404 2904 1472 2966 Ge-

236 2989 345 3049 neralis
366 2987 471 3068 procul
493 2987 593 3050 dubio¹
607 2997 654 3050 est
676 2988 750 3049 baec
770 2988 834 3048 eius
855 2987 1022 3066 propositio
1045 3005 1078 3048 ao
1106 2986 1232 3066 proinde
1247 2985 1283 3048 ab
1299 3005 1336 3048 eo
1351 2988 1472 3052 diserte

237 3071 376 3133 delinitam
403 3071 546 3152 quidquid
574 3071 623 3141 sit,
652 3072 714 3132 sive
743 3070 820 3134 Deus
848 3071 910 3132 sive
936 3071 1007 3149 quid
1037 3071 1122 3144 alius,
1150 3089 1186 3132 eo
1213 3071 1281 3149 ipso
1304 3072 1386 3150 quod
1407 3083 1471 3148 est,

234 3155 308 3216 illud
331 3174 400 3216 esse
422 3174 538 3234 corpus.
585 3155 658 3217 Cum
679 3164 724 3216 tot
745 3155 842 3235 igitur,
865 3156 908 3216 uti
930 3155 1068 3228 vidimus,
1090 3155 1271 3234 argumentis
1293 3156 1473 3235 probaverit

234 3237 334 3382 lletpppi
350 3257 442 3300 uuum
464 3248 494 3301 et
514 3257 616 3300 rerum
644 3240 787 3313 existere,
819 3259 887 3301 eum
918 3240 1019 3318 utique
1050 3257 1152 3302 revera
1184 3257 1360 3318 corporeum
1395 3261 1471 3306 esse

235 3339 285 3384 cre
306 3322 315 3382 i
338 3323 369 3383 it.

321 3405 380 3467 Sed
414 3405 484 3484 quid
517 3407 582 3480 hac,
615 3407 749 3486 inquient
780 3407 838 3480 alii,
875 3407 965 3468 aliare
998 3407 1251 3486 argumentatione
1279 3426 1355 3486 opus
1391 3410 1468 3474 est?

232 3488 338 3552 Nonne
361 3490 397 3551 de
419 3491 549 3569 ipsomet
570 3490 631 3552 beo
654 3491 733 3553 bunc
753 3491 889 3570 loquitur.
902 3492 933 3552 in
955 3490 1100 3554 moduni?
1130 3493 1206 3565 Quis
1228 3493 1348 3572 negabit
1362 3493 1471 3560 Deam

233 3593 346 3658 corpas
369 3594 443 3648 esse,
467 3581 526 3638 etsi
545 3573 627 3638 Deos
650 3580 778 3656 spiritus
801 3574 871 3638 est?
907 3575 1042 3656 Spiritus
1064 3581 1142 3639 enim
1163 3595 1275 3657 corpus
1297 3581 1348 3639 aui
1367 3597 1469 3658 ρεπε-

232 3663 279 3722 ris
306 3664 339 3722 ia
364 3679 421 3722 soa
450 3659 561 3740 effigie.
606 3659 665 3722 Sed
687 3672 716 3722 et
736 3660 901 3722 r'acisidr'iio
929 3660 994 3733 itta,
1024 3679 1214 3741 quaecunque
1235 3673 1316 3733 suat,
1349 3661 1470 3729 babent

231 3746 314 3824 opud
333 3745 432 3808 Deum
454 3754 483 3806 et
504 3761 593 3806 suum
616 3762 727 3824 eorpus
749 3757 779 3808 et
800 3763 887 3806 suam
907 3746 1049 3824 samm,
1067 3763 1126 3824 per
1148 3745 1304 3825 quarrati
1322 3745 1388 3810 Deo
1411 3755 1469 3812 oi-

147 3903 154 3914 „
230 3829 331 3891 sibilia
353 3840 426 3893 snat
448 3827 540 3904 (idom
562 3827 613 3888 lib.
637 3829 701 3888 adv.
723 3829 809 3890 Prax.
832 3847 895 3908 cap.
919 3833 973 3906 1.).

314 3911 423 3974 Verum
445 3911 633 3991 quantumvis
656 3913 799 3990 generalis
821 3913 861 3975 sit
873 3913 969 3993 prima
984 3907 1049 3976 eiu's
1064 3914 1241 3992 propositio,
1264 3914 1392 3976 mediam
1407 3917 1465 3978 ni-

229 3993 391 4057 hilominus
413 3997 541 4076 aliquam
561 3997 640 4058 inter
661 4015 769 4076 corpus
786 4008 816 4059 et
829 3997 902 4059 nibil
916 3997 1111 4060 substantiam
1126 3999 1277 4072 discernit,
1299 4017 1375 4078 quae
1389 4001 1465 4080 spi-

228 4077 332 4152 ritalis,
356 4099 390 4141 ac
411 4081 536 4160 spiritus
559 4100 576 4142 a
598 4099 722 4160 corpore
744 4081 901 4144 distinctus
923 4091 978 4144 est
1014 4082 1172 4146 Enimvero
1194 4084 1226 4146 iu
1247 4085 1313 4155 boa,
1336 4084 1374 4146 de
1396 4105 1465 4165 quo

228 4161 359 4238 agimm,
390 4164 582 4244 Apologetico
610 4165 685 4228 libro
715 4166 789 4228 dixit
816 4173 942 4228 creatam
964 4186 981 4229 a
1002 4167 1064 4229 lieo
1092 4168 1181 4230 istam
1208 4169 1311 4231 mundi
1332 4169 1462 4248 malem,

229 4263 296 4306 eom
318 4251 402 4309 amai
420 4253 623 4312 instromenta
638 4249 862 4322 sinceriorum,
884 4269 1058 4333 carporum,
1081 4257 1245 4333 spirituum
1264 4253 1359 4328 (idern
1371 4255 1463 4334 Apo-

226 4327 401 4410 logetcap.
428 4336 499 4409 171.
544 4334 622 4408 Quid
645 4344 742 4398 autem
764 4355 887 4398 necesse
916 4345 978 4398 erat
999 4336 1039 4398 ibi
1061 4338 1188 4400 adiicere
1210 4343 1391 4419 spirituum,
1426 4343 1462 4404 si

226 4431 335 4492 corpus
359 4421 388 4476 et
409 4416 547 4495 spiritum
568 4438 659 4482 unum
681 4421 818 4500 idemque
840 4439 908 4482 esse
929 4421 1126 4485 credidisset?
1151 4422 1300 4502 Numquid
1319 4441 1459 4504 respon-

225 4495 309 4561 debis
332 4519 496 4581 carporam
517 4503 637 4568 immine
659 4505 818 4586 significari
846 4523 971 4586 corpora
993 4507 1086 4570 densa
1107 4515 1137 4570 et
1158 4507 1321 4582 crassiora,
1355 4513 1462 4591 spira·-
