3126 5250
502 361 635 407 xoerons
656 361 714 408 mc.
736 363 774 408 us
795 363 921 408 nouum.
1254 347 1318 414 205

109 514 250 578 dicmtur
270 515 353 576 onst
371 511 419 574 illa
441 517 623 578 conterendo
644 518 783 594 capreae·
801 511 981 591 (tertullian.
995 515 1147 596 apologet
1169 533 1230 598 cap.
1242 517 1317 596 111),

109 599 139 662 id
161 606 211 660 est
231 598 271 660 ita
293 595 426 659 exhausti
446 605 480 660 ut
500 597 658 660 deficerent
678 598 812 678 corporis
834 597 935 661 rires‘l
960 591 966 604 '

192 683 303 744 Verum
331 682 367 743 ab
394 681 450 744 hac
476 681 707 744 Christianorum
734 683 905 764 frugalitate,
934 683 1066 746 ciborum
1094 683 1267 748 abstinentia
1289 695 1319 748 et

108 766 231 832 ieiuniis
261 767 349 847 plane
379 766 555 863 penitusque
587 767 769 830 dissidebant
801 785 913 864 'coenae
948 767 1152 844 ethnicorum,
1187 771 1319 850 prolusis

107 851 677 1010 ttffitllltttttffttnfflttttt
696 861 1320 1018 tttttnttmttltttntmttttt:

104 1022 259 1096 tullianus,
281 1020 367 1100 plane
387 1019 571 1100 redarguitur
591 1021 650 1082 hoc
670 1021 810 1103 Diogenis
831 1023 925 1084 dicto:
952 1022 1141 1104 Megarenses
1164 1025 1318 1096 obsonant,

105 1110 201 1190 quoae·
222 1110 357 1170 croatam
378 1107 424 1168 dle
443 1109 589 1168 morituri
593 1123 602 1180 ς
625 1107 784 1188 aedificent
805 1125 886 1179 uero,
909 1111 995 1190 quoae·
1012 1126 1165 1189 nunquam
1177 1112 1324 1171 moritura·

104 1191 198 1266 (ibid.
222 1208 285 1271 cap.
307 1191 381 1267 aa).
424 1189 483 1251 Sed
505 1190 531 1252 si
553 1189 670 1252 Laertio
691 1190 777 1252 fidem
798 1191 917 1265 habeas,
944 1191 1148 1272 Agrigentinos
1170 1192 1321 1272 Empedo-

104 1277 172 1338 cles
195 1274 305 1350 (baert.
327 1274 378 1336 lib.
389 1273 462 1335 Vlll.
484 1272 515 1335 in
536 1275 600 1336 Vita
622 1274 789 1355 Empedocl.
812 1279 841 1353 θ.
864 1278 938 1353 331,
961 1277 987 1338 si
1009 1276 1139 1350 heliano,
1161 1277 1217 1340 hos
1237 1277 1320 1356 ipsos

105 1361 196 1423 Plato
218 1359 340 1436 (helian.
361 1358 411 1420 lib.
434 1359 496 1420 Xll.
518 1360 584 1421 Ver.
605 1359 718 1422 Hister.
741 1378 804 1439 cap.
826 1362 907 1438 28.),
938 1361 964 1422 si
991 1361 1156 1436 Plutarcho,
1189 1361 1321 1424 Rhodios

107 1443 300 1508 Stratonicus
322 1443 380 1504 hoc
400 1441 531 1505 convicio
552 1443 715 1506 verberarit
735 1443 892 1517 (Plutarch.
915 1444 951 1506 de
966 1445 1091 1527 Cupidit.
1107 1445 1192 1507 nisit
1206 1465 1236 1527 p.
1248 1449 1320 1511 525.

108 1540 186 1592 tom.
208 1527 269 1605 lt).
311 1528 348 1590 ht
374 1527 446 1588 illud
472 1547 488 1590 a
514 1527 646 1608 pluribus
675 1537 705 1591 et
730 1528 766 1590 de
786 1527 919 1609 pluribus
941 1529 997 1592 dici
1018 1548 1053 1591 ac
1072 1530 1166 1610 repeti
1186 1531 1322 1610 potuisse

107 1615 183 1696 quis
204 1609 402 1674 inficiabitur?
431 1611 603 1692 Quicunque
624 1631 714 1692 porro
735 1612 844 1675 luerint
864 1613 895 1675 hi
915 1614 1028 1694 populi,
1051 1634 1068 1677 a
1089 1615 1322 1678 Christianorum

108 1697 276 1762 sobrietate
297 1705 326 1758 et
346 1695 463 1758 ieiuniis
484 1713 624 1776 perquam
645 1697 769 1759 maxime
790 1696 876 1760 alieni
898 1705 989 1760 erant

197 1783 235 1844 tt
266 1800 328 1843 non
360 1781 396 1843 dc
427 1781 484 1844 illis
511 1781 716 1861 proculdubio,
749 1781 802 1844 sed
829 1783 866 1844 de
893 1782 1027 1861 pluribus
1054 1782 1117 1845 aliis
1137 1783 1196 1845 hoc
1214 1783 1324 1847 ductor

108 1874 220 1930 noster
240 1864 406 1928 subiunxit:
430 1865 485 1930 Tot
505 1865 643 1930 tribubus
664 1877 692 1929 et
714 1869 806 1929 neniis
829 1878 857 1931 et
879 1868 1007 1930 decuriis
1022 1867 1213 1930 ructantibus
1235 1868 1323 1943 (Ter-

110 1950 227 2013 tullian.
239 1951 392 2032 Apologet.
414 1969 477 2030 cap.
491 1953 563 2027 39.),
584 1950 718 2013 videlicet
738 1951 835 2013 cibum
852 1960 1016 2032 potumque
1035 1952 1167 2026 nimium,
1189 1952 1240 2032 qui
1261 1971 1323 2014 non

106 2044 251 2117 potuerat
269 2035 301 2096 in
323 2035 474 2097 stomacho
495 2034 829 2114 digeri,·exha1anuhus,
858 2040 965 2099 acescat
986 2042 1050 2099 etr.
1092 2036 1151 2098 Sed
1170 2037 1322 2116 numquid,

108 2121 242 2201 inquies,
264 2120 295 2181 id
316 2119 379 2180 sine
401 2137 503 2199 magna
524 2119 682 2200 hyperbole
704 2119 739 2182 ab
761 2120 826 2200 ipso
848 2119 938 2182 scribi
958 2117 1077 2200 potuit?
1116 2121 1193 2194 Quid
1214 2129 1321 2196 autem,

111 2205 219 2268 amabo
241 2213 282 2278 te,
303 2210 381 2266 vetet
401 2203 558 2283 quominus
580 2204 610 2266 id
631 2204 689 2266 diei
708 2203 805 2285 possit
825 2205 861 2266 de
882 2205 1006 2284 publicis
1028 2205 1176 2277 conuiciis,
1198 2225 1271 2284 quae
1292 2207 1324 2268 in

111 2290 230 2370 magnis
259 2288 441 2368 quorundam
470 2288 592 2350 dierum·
610 2307 644 2352 ac
664 2289 837 2369 praesertim
858 2289 1068 2370 imperatorum
1089 2289 1323 2353 solemnitatibus

4 2377 5 2382 ’
115 2375 143 2438 in
175 2376 255 2448 loro,
287 2373 392 2453 plateis
423 2373 556 2453 publicis,
590 2373 662 2436 vicis
691 2382 720 2436 et
745 2373 863 2436 urbium
884 2373 1019 2453 compitis
1041 2373 1146 2436 instrui
1168 2371 1324 2437 solebant?

118 2458 196 2521 'luno
220 2457 300 2520 enim
322 2457 452 2538 singulae
473 2477 507 2519 ac
527 2466 605 2520 totae
626 2459 715 2520 urbes
737 2459 920 2534 exhibebant,
943 2465 976 2520 ut
992 2459 1067 2520 intra
1081 2459 1254 2533 uidebimus,
1276 2467 1322 2521 ta-

121 2541 274 2606 bernarum
295 2550 325 2603 et
344 2542 518 2621 popinarum
541 2541 679 2622 speciem.
722 2543 800 2615 Quid
822 2561 892 2622 ergo
913 2543 1020 2605 mirum
1042 2544 1067 2605 si
1090 2551 1167 2605 taum
1189 2544 1323 2627 multitu-

122 2625 182 2689 dine
207 2626 363 2688 hominum
389 2625 471 2688 cibos
495 2625 661 2714 indigestus
689 2635 719 2688 et
750 2627 941 2688 immoderate
973 2636 1107 2707 sumptos
1129 2627 1324 2690 exhalantium

117 2711 246 2774 rombus
275 2717 327 2773 aer
355 2709 527 2773 acesceret?
569 2711 724 2773 Turnebus
752 2711 850 2790 itaque
876 2711 996 2774 nomine
1025 2717 1119 2775 curiis
1141 2713 1248 2774 trustra
1270 2712 1324 2773 de-

117 2796 227 2877 signari
256 2795 376 2876 putabat
401 2813 435 2858 ea
457 2795 597 2870 convivia,
626 2814 700 2875 quae
722 2795 753 2856 in
774 2796 837 2874 ipsa
859 2795 938 2857 curia
959 2815 975 2857 a
997 2795 1161 2856 curialibus
1183 2795 1325 2857 dabantur

115 2880 258 2956 (ltuneb.
282 2880 332 2942 lib.
354 2879 416 2941 Xll.
430 2879 559 2941 advers.
581 2899 644 2960 cap.
669 2883 741 2957 13.).
783 2879 857 2941 Nam
871 2879 1067 2942 Tertullianus
1089 2880 1125 2942 de
1146 2879 1203 2940 illis
1225 2879 1323 2959 puhli-

115 2966 156 3028 cis
179 2965 324 3028 conviviis
346 2964 533 3026 hauddubie
556 2963 760 3043 intelligendus
782 2970 837 3025 est.

200 3050 279 3112 'l'um
300 3049 350 3110 ille
370 3057 489 3127 postea:
513 3047 614 3122 Sulcis,
638 3048 742 3127 inquit,
765 3048 801 3109 de
823 3047 929 3127 quihus
951 3066 1008 3109 nos
1030 3045 1097 3110 alibi
1112 3047 1235 3126 egimus,
1259 3065 1326 3110 coe-

113 3139 238 3198 actun's
261 3135 394 3198 creditor
415 3138 473 3196 err't
492 3137 682 3196 necessarius
703 3132 883 3206 (Tertullian.
904 3132 960 3194 loc.
982 3131 1059 3208 cit);
1081 3132 1147 3211 quia
1162 3131 1257 3193 nullus
1271 3149 1325 3210 par

113 3229 176 3282 erat
205 3219 356 3298 impensas
383 3217 499 3279 illorum
521 3217 678 3297 derepente
700 3216 851 3278 solvendo.
897 3215 928 3278 si
950 3225 1047 3278 tamma
1069 3216 1155 3278 nobis
1176 3234 1235 3276 nou
1258 3235 1323 3278 cre·

112 3305 167 3368 das
188 3303 354 3379 (Dissertat.
376 3302 408 3363 in
427 3301 534 3364 Minue.
558 3302 657 3364 Oetae.
680 3319 742 3381 cap.
764 3305 814 3366 20.
836 3302 898 3362 Art.
921 3303 974 3378 3.),
997 3301 1084 3380 idque
1099 3301 1151 3362 tibi
1164 3299 1236 3362 vebs
1250 3319 1324 3386 pro-

112 3389 188 3461 bari,
209 3387 287 3450 audi·
300 3387 373 3448 haec
385 3385 464 3448 Festi
486 3387 589 3449 rerba:
612 3387 713 3450 Solios
735 3387 916 3449 cenitando
939 3387 1040 3458 dictos,
1063 3387 1169 3467 quidus
1187 3404 1246 3467 per
1261 3405 1325 3448 om·

114 3491 168 3536 aee
195 3475 268 3544 dier,
296 3473 462 3553 ubicunqne
488 3483 617 3544 monent,
650 3477 720 3554 qnia
741 3471 856 3552 amplae
874 3482 1035 3552 ponuntur
1057 3489 1173 3542 coenae,
1203 3475 1324 3552 siquae

115 3557 192 3620 oliae
212 3574 339 3638 magone
361 3568 441 3628 scor,
463 3556 591 3619 cultores
614 3555 810 3638 appellentur
832 3555 921 3631 (Fest.
944 3556 981 3617 ad
1002 3575 1029 3617 r.
1045 3555 1137 3633 Salii).
1181 3555 1324 3627 Quocirca

118 3643 240 3705 canebat
259 3639 416 3702 Horatius:

321 3723 409 3787 Nunc
430 3735 476 3788 est
497 3725 659 3795 bibendam,
681 3743 761 3786 nune
779 3724 854 3804 pede
876 3723 970 3786 libero

319 3809 476 3872 Polecnde
496 3809 595 3880 tellus,
616 3827 697 3870 nnnc
718 3809 881 3870 collaribus

388 3894 509 3956 Ornure
527 3893 675 3976 pulvinar
696 3893 820 3955 deorum

387 3978 511 4060 Tempus
533 3987 600 4042 eret
622 3977 755 4057 depiles,
777 3975 906 4039 sodales.

869 4060 981 4134 (Horat.
1002 4058 1053 4120 lib.
1074 4058 1097 4119 1.
1121 4056 1175 4119 Od.
1198 4059 1262 4133 27.)

123 4146 215 4230 hspes
236 4149 345 4228 quippe
360 4147 481 4210 saliares
495 4153 579 4209 vocat
593 4145 718 4226 opimas,
741 4143 982 4224 exquisitissimas
1004 4143 1175 4222 magnisque
1200 4140 1326 4221 sumpti·-

122 4231 173 4296 bus
195 4240 390 4313 comparatas,
412 4231 518 4312 quihus
541 4230 717 4293 onerabatur
737 4229 870 4310 pulvinar
891 4228 1013 4290 deorum
1035 4234 1064 4289 et
1083 4227 1253 4306 posthaeca
1270 4225 1326 4288 Sa-

123 4315 165 4380 liis
185 4317 375 4380 vorabantur.
416 4317 488 4378 Eam
510 4333 581 4377 sane
603 4315 641 4376 ob
663 4333 780 4377 causam
802 4313 937 4376 Claudius
959 4313 1126 4392 imperator,
1158 4312 1200 4374 uti
1228 4319 1335 4374 narret·

123 4401 290 4476 Suetonius,
320 4405 402 4465 lctus
417 4401 523 4464 nidore
546 4402 673 4482 prendit
697 4400 774 4482 qood
795 4403 827 4460 in
844 4402 989 4479 proclino
1010 4395 1118 4458 Mortis
1140 4399 1210 4460 cede
1230 4413 1327 4477 oppo-

125 4489 249 4550 rnbotur
278 4489 395 4551 decerto
429 4485 578 4549 tribunali
602 4485 751 4548 descendit
781 4484 820 4546 od
852 4481 1020 4544 sacerdotes
1041 4501 1158 4564 noeque
1179 4483 1327 4545 discubuit

128 4570 256 4646 tamon.
276 4572 310 4636 in
330 4569 394 4634 Vita
415 4568 526 4635 Claudii
547 4573 578 4648 ξ.
600 4572 675 4649 dd).
703 4567 842 4650 Apuleius
863 4584 933 4630 vero
955 4565 996 4632 ait
1016 4585 1122 4648 equum
1143 4585 1231 4630 suum
1248 4571 1327 4628 tanta
