<?xml version="1.0" encoding="UTF-8"?>
<!DOCTYPE html PUBLIC "-//W3C//DTD XHTML 1.0 Transitional//EN"
    "http://www.w3.org/TR/xhtml1/DTD/xhtml1-transitional.dtd">
<html xmlns="http://www.w3.org/1999/xhtml" xml:lang="en" lang="en">
 <head>
  <title>
</title>
<meta http-equiv="Content-Type" content="text/html;charset=utf-8" />
  <meta name='ocr-system' content='tesseract 3.04.00' />
  <meta name='ocr-capabilities' content='ocr_page ocr_carea ocr_par ocr_line ocrx_word'/>
</head>
<body>
  <div class='ocr_page' id='page_1' title='image "./quaesupersuntom01oehlgoog_0051.png"; bbox 0 0 3132 5238; ppageno 0'>
   <div class='ocr_carea' id='block_1_1' title="bbox 232 337 1224 408">
    <p class='ocr_par' dir='ltr' id='par_1_1' title="bbox 232 337 1224 408">
     <span class='ocr_line' id='line_1_1' title="bbox 232 337 1224 408; baseline -0.008 -12"><span class='ocrx_word' id='word_1_1' title='bbox 232 337 277 408; x_wconf 71' lang='lat' dir='ltr'><strong>dh</strong></span> <span class='ocrx_word' id='word_1_2' title='bbox 456 349 648 403; x_wconf 75' lang='lat' dir='ltr'><strong>urssrnrrrrc</strong></span> <span class='ocrx_word' id='word_1_3' title='bbox 669 349 710 402; x_wconf 79' lang='lat' dir='ltr'><strong>us</strong></span> <span class='ocrx_word' id='word_1_4' title='bbox 730 347 925 398; x_wconf 77' lang='lat' dir='ltr'><strong>amaracum</strong></span> <span class='ocrx_word' id='word_1_5' title='bbox 944 347 1013 390; x_wconf 79' lang='lat' dir='ltr'><strong>vrri</strong></span> <span class='ocrx_word' id='word_1_6' title='bbox 1034 347 1072 390; x_wconf 82' lang='lat' dir='ltr'><strong>rr</strong></span> <span class='ocrx_word' id='word_1_7' title='bbox 1094 345 1224 389; x_wconf 87' lang='lat' dir='ltr'><strong>scnrrrvs</strong></span> 
     </span>
    </p>
   </div>
   <div class='ocr_carea' id='block_1_2' title="bbox 218 493 1460 1424">
    <p class='ocr_par' dir='ltr' id='par_1_2' title="bbox 218 493 1460 1424">
     <span class='ocr_line' id='line_1_2' title="bbox 318 493 1457 578; baseline -0.007 -14"><span class='ocrx_word' id='word_1_8' title='bbox 318 501 449 564; x_wconf 85' lang='lat' dir='ltr'><strong>Pamelio</strong></span> <span class='ocrx_word' id='word_1_9' title='bbox 478 501 508 562; x_wconf 90' lang='lat' dir='ltr'><strong>iu</strong></span> <span class='ocrx_word' id='word_1_10' title='bbox 536 519 570 560; x_wconf 91' lang='lat' dir='ltr'><strong>ea</strong></span> <span class='ocrx_word' id='word_1_11' title='bbox 596 499 768 578; x_wconf 75' lang='lat' dir='ltr'>quaestione</span> <span class='ocrx_word' id='word_1_12' title='bbox 797 499 884 578; x_wconf 91' lang='lat' dir='ltr'><strong>longe</strong></span> <span class='ocrx_word' id='word_1_13' title='bbox 905 498 1050 562; x_wconf 81' lang='lat' dir='ltr'><strong>infelicior</strong></span> <span class='ocrx_word' id='word_1_14' title='bbox 1072 497 1215 576; x_wconf 78' lang='lat' dir='ltr'><strong>Georgius</strong></span> <span class='ocrx_word' id='word_1_15' title='bbox 1236 493 1457 558; x_wconf 78' lang='lat' dir='ltr'><strong>Ambianensis.</strong></span> 
     </span>
     <span class='ocr_line' id='line_1_3' title="bbox 218 581 1456 666; baseline -0.009 -14"><span class='ocrx_word' id='word_1_16' title='bbox 218 588 278 652; x_wconf 74' lang='lat' dir='ltr'><strong>bc</strong></span> <span class='ocrx_word' id='word_1_17' title='bbox 298 587 352 650; x_wconf 90' lang='lat' dir='ltr'><strong>ille</strong></span> <span class='ocrx_word' id='word_1_18' title='bbox 368 586 484 666; x_wconf 91' lang='lat' dir='ltr'><strong>quidem</strong></span> <span class='ocrx_word' id='word_1_19' title='bbox 506 585 537 646; x_wconf 92' lang='lat' dir='ltr'><strong>iu</strong></span> <span class='ocrx_word' id='word_1_20' title='bbox 551 584 692 646; x_wconf 77' lang='lat' dir='ltr'><strong>vindiciis</strong></span> <span class='ocrx_word' id='word_1_21' title='bbox 708 583 922 646; x_wconf 90' lang='lat' dir='ltr'><strong>Tertullianicis</strong></span> <span class='ocrx_word' id='word_1_22' title='bbox 944 593 1026 663; x_wconf 89' lang='lat' dir='ltr'><strong>parte</strong></span> <span class='ocrx_word' id='word_1_23' title='bbox 1048 582 1084 643; x_wconf 93' lang='lat' dir='ltr'><strong>ll.</strong></span> <span class='ocrx_word' id='word_1_24' title='bbox 1108 601 1171 661; x_wconf 88' lang='lat' dir='ltr'><strong>cap.</strong></span> <span class='ocrx_word' id='word_1_25' title='bbox 1186 585 1212 646; x_wconf 89' lang='lat'><strong>1.</strong></span> <span class='ocrx_word' id='word_1_26' title='bbox 1236 581 1408 659; x_wconf 69' lang='lat' dir='ltr'><strong>quaestione</strong></span> <span class='ocrx_word' id='word_1_27' title='bbox 1428 585 1456 642; x_wconf 95' lang='lat' dir='ltr'><strong>t.</strong></span> 
     </span>
     <span class='ocr_line' id='line_1_4' title="bbox 235 665 1457 748; baseline -0.007 -13"><span class='ocrx_word' id='word_1_28' title='bbox 235 673 316 742; x_wconf 83' lang='lat' dir='ltr'><strong>varia</strong></span> <span class='ocrx_word' id='word_1_29' title='bbox 343 670 481 734; x_wconf 84' lang='lat' dir='ltr'><strong>laudabili</strong></span> <span class='ocrx_word' id='word_1_30' title='bbox 508 689 579 730; x_wconf 91' lang='lat' dir='ltr'><strong>saue</strong></span> <span class='ocrx_word' id='word_1_31' title='bbox 601 669 751 748; x_wconf 78' lang='lat' dir='ltr'><strong>diligentia</strong></span> <span class='ocrx_word' id='word_1_32' title='bbox 779 669 939 747; x_wconf 79' lang='lat' dir='ltr'><strong>congessit,</strong></span> <span class='ocrx_word' id='word_1_33' title='bbox 967 687 1041 748; x_wconf 92' lang='lat' dir='ltr'><strong>quae</strong></span> <span class='ocrx_word' id='word_1_34' title='bbox 1070 666 1281 728; x_wconf 80' lang='lat' dir='ltr'><strong>Tertullianum</strong></span> <span class='ocrx_word' id='word_1_35' title='bbox 1308 667 1345 726; x_wconf 91' lang='lat' dir='ltr'><strong>ad</strong></span> <span class='ocrx_word' id='word_1_36' title='bbox 1367 665 1457 726; x_wconf 87' lang='lat' dir='ltr'><strong>tidem</strong></span> 
     </span>
     <span class='ocr_line' id='line_1_5' title="bbox 235 750 1456 838; baseline -0.007 -20"><span class='ocrx_word' id='word_1_37' title='bbox 235 765 397 838; x_wconf 89' lang='lat' dir='ltr'><strong>potuerunt</strong></span> <span class='ocrx_word' id='word_1_38' title='bbox 417 755 576 828; x_wconf 78' lang='lat' dir='ltr'><strong>adducere3</strong></span> <span class='ocrx_word' id='word_1_39' title='bbox 604 754 700 832; x_wconf 92' lang='lat' dir='ltr'><strong>qualia</strong></span> <span class='ocrx_word' id='word_1_40' title='bbox 726 762 796 815; x_wconf 90' lang='lat' dir='ltr'><strong>sunt</strong></span> <span class='ocrx_word' id='word_1_41' title='bbox 814 753 996 816; x_wconf 82' lang='lat' dir='ltr'><strong>Christianae</strong></span> <span class='ocrx_word' id='word_1_42' title='bbox 1017 751 1168 831; x_wconf 83' lang='lat' dir='ltr'><strong>religionis</strong></span> <span class='ocrx_word' id='word_1_43' title='bbox 1191 750 1329 812; x_wconf 69' lang='lat' dir='ltr'><strong>saunitas</strong></span> <span class='ocrx_word' id='word_1_44' title='bbox 1351 769 1386 812; x_wconf 89' lang='lat' dir='ltr'><strong>ac</strong></span> <span class='ocrx_word' id='word_1_45' title='bbox 1405 750 1456 810; x_wconf 91' lang='lat' dir='ltr'><strong>in-</strong></span> 
     </span>
     <span class='ocr_line' id='line_1_6' title="bbox 236 834 1456 922; baseline -0.005 -18"><span class='ocrx_word' id='word_1_46' title='bbox 236 843 358 922; x_wconf 81' lang='lat' dir='ltr'><strong>tegritas</strong></span> <span class='ocrx_word' id='word_1_47' title='bbox 380 839 491 902; x_wconf 91' lang='lat' dir='ltr'><strong>nemini</strong></span> <span class='ocrx_word' id='word_1_48' title='bbox 513 839 561 918; x_wconf 94' lang='lat' dir='ltr'><strong>qui</strong></span> <span class='ocrx_word' id='word_1_49' title='bbox 584 858 648 900; x_wconf 89' lang='lat' dir='ltr'><strong>eam</strong></span> <span class='ocrx_word' id='word_1_50' title='bbox 672 857 733 900; x_wconf 91' lang='lat' dir='ltr'><strong>non</strong></span> <span class='ocrx_word' id='word_1_51' title='bbox 753 838 931 916; x_wconf 86' lang='lat' dir='ltr'><strong>ignoraverit</strong></span> <span class='ocrx_word' id='word_1_52' title='bbox 953 855 1052 910; x_wconf 85' lang='lat' dir='ltr'><strong>exosa,</strong></span> <span class='ocrx_word' id='word_1_53' title='bbox 1084 845 1117 900; x_wconf 89' lang='lat' dir='ltr'><strong>ut</strong></span> <span class='ocrx_word' id='word_1_54' title='bbox 1136 836 1292 915; x_wconf 87' lang='lat' dir='ltr'><strong>profitetur</strong></span> <span class='ocrx_word' id='word_1_55' title='bbox 1305 834 1456 914; x_wconf 75' lang='lat' dir='ltr'><strong>apologe-</strong></span> 
     </span>
     <span class='ocr_line' id='line_1_7' title="bbox 235 921 1458 1006; baseline -0.006 -17"><span class='ocrx_word' id='word_1_56' title='bbox 235 927 287 989; x_wconf 88' lang='lat' dir='ltr'><strong>tici</strong></span> <span class='ocrx_word' id='word_1_57' title='bbox 309 945 370 1006; x_wconf 88' lang='lat' dir='ltr'><strong>cap.</strong></span> <span class='ocrx_word' id='word_1_58' title='bbox 386 928 414 988; x_wconf 91' lang='lat'><strong>1.</strong></span> <span class='ocrx_word' id='word_1_59' title='bbox 436 942 536 986; x_wconf 90' lang='lat' dir='ltr'><strong>sacrae</strong></span> <span class='ocrx_word' id='word_1_60' title='bbox 550 923 712 1002; x_wconf 90' lang='lat' dir='ltr'><strong>scripturae</strong></span> <span class='ocrx_word' id='word_1_61' title='bbox 733 923 819 984; x_wconf 89' lang='lat' dir='ltr'><strong>obvia</strong></span> <span class='ocrx_word' id='word_1_62' title='bbox 841 931 870 984; x_wconf 90' lang='lat' dir='ltr'><strong>et</strong></span> <span class='ocrx_word' id='word_1_63' title='bbox 890 930 993 1001; x_wconf 88' lang='lat' dir='ltr'><strong>patens</strong></span> <span class='ocrx_word' id='word_1_64' title='bbox 1017 922 1115 983; x_wconf 89' lang='lat' dir='ltr'><strong>divina</strong></span> <span class='ocrx_word' id='word_1_65' title='bbox 1135 921 1253 994; x_wconf 90' lang='lat' dir='ltr'><strong>veritas,</strong></span> <span class='ocrx_word' id='word_1_66' title='bbox 1276 939 1362 999; x_wconf 92' lang='lat' dir='ltr'><strong>quam</strong></span> <span class='ocrx_word' id='word_1_67' title='bbox 1384 939 1458 1000; x_wconf 91' lang='lat' dir='ltr'><strong>pas-</strong></span> 
     </span>
     <span class='ocr_line' id='line_1_8' title="bbox 238 1005 1458 1087; baseline -0.007 -14"><span class='ocrx_word' id='word_1_68' title='bbox 238 1012 296 1075; x_wconf 88' lang='lat' dir='ltr'><strong>sim</strong></span> <span class='ocrx_word' id='word_1_69' title='bbox 324 1010 432 1072; x_wconf 85' lang='lat' dir='ltr'><strong>ibidem</strong></span> <span class='ocrx_word' id='word_1_70' title='bbox 460 1008 645 1087; x_wconf 83' lang='lat' dir='ltr'><strong>depraedicat</strong></span> <span class='ocrx_word' id='word_1_71' title='bbox 671 1010 934 1087; x_wconf 76' lang='lat' dir='ltr'><strong>cap.18.et20.</strong></span> <span class='ocrx_word' id='word_1_72' title='bbox 964 1025 998 1068; x_wconf 92' lang='lat' dir='ltr'><strong>ac</strong></span> <span class='ocrx_word' id='word_1_73' title='bbox 1026 1007 1152 1086; x_wconf 91' lang='lat' dir='ltr'><strong>denique</strong></span> <span class='ocrx_word' id='word_1_74' title='bbox 1179 1006 1288 1068; x_wconf 89' lang='lat' dir='ltr'><strong>mirum</strong></span> <span class='ocrx_word' id='word_1_75' title='bbox 1316 1005 1402 1084; x_wconf 90' lang='lat' dir='ltr'><strong>plane</strong></span> <span class='ocrx_word' id='word_1_76' title='bbox 1426 1005 1458 1066; x_wconf 92' lang='lat' dir='ltr'><strong>iu</strong></span> 
     </span>
     <span class='ocr_line' id='line_1_9' title="bbox 237 1089 1458 1172; baseline -0.007 -14"><span class='ocrx_word' id='word_1_77' title='bbox 237 1097 396 1158; x_wconf 90' lang='lat' dir='ltr'><strong>daemones</strong></span> <span class='ocrx_word' id='word_1_78' title='bbox 423 1093 656 1156; x_wconf 88' lang='lat' dir='ltr'><strong>Christianorum</strong></span> <span class='ocrx_word' id='word_1_79' title='bbox 689 1092 887 1172; x_wconf 90' lang='lat' dir='ltr'><strong>quorumlihet</strong></span> <span class='ocrx_word' id='word_1_80' title='bbox 916 1091 1074 1170; x_wconf 91' lang='lat' dir='ltr'><strong>imperium</strong></span> <span class='ocrx_word' id='word_1_81' title='bbox 1106 1109 1140 1152; x_wconf 90' lang='lat' dir='ltr'><strong>ac</strong></span> <span class='ocrx_word' id='word_1_82' title='bbox 1168 1090 1344 1162; x_wconf 89' lang='lat' dir='ltr'><strong>dominatio,</strong></span> <span class='ocrx_word' id='word_1_83' title='bbox 1377 1089 1458 1168; x_wconf 91' lang='lat' dir='ltr'><strong>quod</strong></span> 
     </span>
     <span class='ocr_line' id='line_1_10' title="bbox 238 1174 1460 1256; baseline -0.005 -14"><span class='ocrx_word' id='word_1_84' title='bbox 238 1178 497 1243; x_wconf 89' lang='lat' dir='ltr'><strong>demonstrationis</strong></span> <span class='ocrx_word' id='word_1_85' title='bbox 529 1177 615 1256; x_wconf 90' lang='lat' dir='ltr'><strong>plane</strong></span> <span class='ocrx_word' id='word_1_86' title='bbox 637 1177 829 1238; x_wconf 89' lang='lat' dir='ltr'><strong>ineluetabilis</strong></span> <span class='ocrx_word' id='word_1_87' title='bbox 850 1176 916 1238; x_wconf 89' lang='lat' dir='ltr'><strong>leco</strong></span> <span class='ocrx_word' id='word_1_88' title='bbox 937 1176 1080 1255; x_wconf 83' lang='lat' dir='ltr'><strong>proponit</strong></span> <span class='ocrx_word' id='word_1_89' title='bbox 1102 1175 1262 1254; x_wconf 89' lang='lat' dir='ltr'><strong>Septimius</strong></span> <span class='ocrx_word' id='word_1_90' title='bbox 1276 1174 1460 1254; x_wconf 79' lang='lat' dir='ltr'><strong>Apologetici</strong></span> 
     </span>
     <span class='ocr_line' id='line_1_11' title="bbox 239 1265 944 1342; baseline 0.003 -16"><span class='ocrx_word' id='word_1_91' title='bbox 239 1265 372 1327; x_wconf 87' lang='lat' dir='ltr'><strong>eiusdem</strong></span> <span class='ocrx_word' id='word_1_92' title='bbox 395 1282 458 1342; x_wconf 91' lang='lat' dir='ltr'><strong>cap.</strong></span> <span class='ocrx_word' id='word_1_93' title='bbox 481 1265 533 1328; x_wconf 81' lang='lat'><strong>23.</strong></span> <span class='ocrx_word' id='word_1_94' title='bbox 936 1278 944 1296; x_wconf 80' lang='lat'><strong><em>‘</em></strong></span> 
     </span>
     <span class='ocr_line' id='line_1_12' title="bbox 242 1344 1459 1424; baseline -0.006 -13"><span class='ocrx_word' id='word_1_95' title='bbox 242 1410 247 1424; x_wconf 84' lang='grc'><em>,</em></span> <span class='ocrx_word' id='word_1_96' title='bbox 326 1349 406 1410; x_wconf 90' lang='lat' dir='ltr'><strong>llaec</strong></span> <span class='ocrx_word' id='word_1_97' title='bbox 425 1357 523 1408; x_wconf 77' lang='lat' dir='ltr'><strong>mmen</strong></span> <span class='ocrx_word' id='word_1_98' title='bbox 544 1345 623 1408; x_wconf 93' lang='lat' dir='ltr'><strong>velut</strong></span> <span class='ocrx_word' id='word_1_99' title='bbox 643 1346 765 1409; x_wconf 90' lang='lat' dir='ltr'><strong>minime</strong></span> <span class='ocrx_word' id='word_1_100' title='bbox 786 1345 955 1408; x_wconf 87' lang='lat' dir='ltr'><strong>sufficerent</strong></span> <span class='ocrx_word' id='word_1_101' title='bbox 968 1345 1081 1406; x_wconf 90' lang='lat' dir='ltr'><strong>visione</strong></span> <span class='ocrx_word' id='word_1_102' title='bbox 1096 1344 1192 1424; x_wconf 93' lang='lat' dir='ltr'><strong>aliqua</strong></span> <span class='ocrx_word' id='word_1_103' title='bbox 1206 1353 1342 1406; x_wconf 90' lang='lat' dir='ltr'><strong>vocatum</strong></span> <span class='ocrx_word' id='word_1_104' title='bbox 1358 1344 1459 1422; x_wconf 86' lang='lat' dir='ltr'><strong>Septi-</strong></span> 
     </span>
    </p>
   </div>
   <div class='ocr_carea' id='block_1_3' title="bbox 210 1429 1559 1510">
    <p class='ocr_par' dir='ltr' id='par_1_3' title="bbox 210 1429 1559 1510">
     <span class='ocr_line' id='line_1_13' title="bbox 210 1429 1559 1510; baseline -0.005 -14"><span class='ocrx_word' id='word_1_105' title='bbox 210 1461 211 1464; x_wconf 42' lang='lat'><em>*</em></span> <span class='ocrx_word' id='word_1_106' title='bbox 238 1436 331 1508; x_wconf 86' lang='lat' dir='ltr'><strong>mium</strong></span> <span class='ocrx_word' id='word_1_107' title='bbox 359 1433 515 1494; x_wconf 80' lang='lat' dir='ltr'><strong>arbitratur</strong></span> <span class='ocrx_word' id='word_1_108' title='bbox 542 1431 696 1510; x_wconf 89' lang='lat' dir='ltr'><strong>Georgius.</strong></span> <span class='ocrx_word' id='word_1_109' title='bbox 731 1430 857 1503; x_wconf 84' lang='lat' dir='ltr'><strong>Quidni,</strong></span> <span class='ocrx_word' id='word_1_110' title='bbox 890 1430 998 1508; x_wconf 89' lang='lat' dir='ltr'><strong>inquit,</strong></span> <span class='ocrx_word' id='word_1_111' title='bbox 1028 1448 1131 1491; x_wconf 91' lang='lat' dir='ltr'><strong>omnes</strong></span> <span class='ocrx_word' id='word_1_112' title='bbox 1163 1430 1199 1490; x_wconf 92' lang='lat' dir='ltr'><strong>de</strong></span> <span class='ocrx_word' id='word_1_113' title='bbox 1220 1430 1271 1490; x_wconf 92' lang='lat' dir='ltr'><strong>illo</strong></span> <span class='ocrx_word' id='word_1_114' title='bbox 1293 1429 1462 1510; x_wconf 87' lang='lat' dir='ltr'><strong>spondeant</strong></span> <span class='ocrx_word' id='word_1_115' title='bbox 1558 1475 1559 1482; x_wconf 64' lang='lat'><strong>.</strong></span> 
     </span>
    </p>
   </div>
   <div class='ocr_carea' id='block_1_4' title="bbox 239 1514 1461 1597">
    <p class='ocr_par' dir='ltr' id='par_1_4' title="bbox 239 1514 1461 1597">
     <span class='ocr_line' id='line_1_14' title="bbox 239 1514 1461 1597; baseline -0.007 -15"><span class='ocrx_word' id='word_1_116' title='bbox 239 1537 307 1582; x_wconf 91' lang='lat' dir='ltr'><strong>cum</strong></span> <span class='ocrx_word' id='word_1_117' title='bbox 328 1519 394 1597; x_wconf 89' lang='lat' dir='ltr'><strong>ipse</strong></span> <span class='ocrx_word' id='word_1_118' title='bbox 415 1517 452 1578; x_wconf 93' lang='lat' dir='ltr'><strong>de</strong></span> <span class='ocrx_word' id='word_1_119' title='bbox 475 1517 612 1578; x_wconf 91' lang='lat' dir='ltr'><strong>omnibus</strong></span> <span class='ocrx_word' id='word_1_120' title='bbox 633 1521 732 1578; x_wconf 81' lang='lat' dir='ltr'><strong>maior</strong></span> <span class='ocrx_word' id='word_1_121' title='bbox 752 1534 846 1595; x_wconf 86' lang='lat' dir='ltr'><strong>paene</strong></span> <span class='ocrx_word' id='word_1_122' title='bbox 867 1519 913 1577; x_wconf 81' lang='lat' dir='ltr'><strong>cis</strong></span> <span class='ocrx_word' id='word_1_123' title='bbox 930 1516 1089 1586; x_wconf 80' lang='lat' dir='ltr'><strong>bominum,</strong></span> <span class='ocrx_word' id='word_1_124' title='bbox 1113 1515 1209 1594; x_wconf 89' lang='lat' dir='ltr'><strong>inquit</strong></span> <span class='ocrx_word' id='word_1_125' title='bbox 1223 1514 1259 1575; x_wconf 91' lang='lat' dir='ltr'><strong>de</strong></span> <span class='ocrx_word' id='word_1_126' title='bbox 1275 1514 1379 1594; x_wconf 79' lang='lat' dir='ltr'><strong>Anima</strong></span> <span class='ocrx_word' id='word_1_127' title='bbox 1394 1533 1461 1592; x_wconf 88' lang='lat' dir='ltr'><strong>cap.</strong></span> 
     </span>
    </p>
   </div>
   <div class='ocr_carea' id='block_1_5' title="bbox 238 1599 1559 1678">
    <p class='ocr_par' dir='ltr' id='par_1_5' title="bbox 238 1599 1559 1678">
     <span class='ocr_line' id='line_1_15' title="bbox 238 1599 1559 1678; baseline -0.005 -11"><span class='ocrx_word' id='word_1_128' title='bbox 238 1607 291 1667; x_wconf 86' lang='grc'><strong>47.</strong></span> <span class='ocrx_word' id='word_1_129' title='bbox 322 1621 360 1664; x_wconf 74' lang='lat' dir='ltr'><strong>erc</strong></span> <span class='ocrx_word' id='word_1_130' title='bbox 388 1603 551 1664; x_wconf 82' lang='lat' dir='ltr'><strong>dicionibus</strong></span> <span class='ocrx_word' id='word_1_131' title='bbox 575 1600 670 1662; x_wconf 75' lang='lat' dir='ltr'><strong>barm</strong></span> <span class='ocrx_word' id='word_1_132' title='bbox 692 1601 820 1663; x_wconf 82' lang='lat' dir='ltr'><strong>discunt.</strong></span> <span class='ocrx_word' id='word_1_133' title='bbox 864 1599 943 1662; x_wconf 89' lang='lat' dir='ltr'><strong>llaec</strong></span> <span class='ocrx_word' id='word_1_134' title='bbox 963 1599 1057 1678; x_wconf 91' lang='lat' dir='ltr'><strong>prima</strong></span> <span class='ocrx_word' id='word_1_135' title='bbox 1080 1599 1199 1678; x_wconf 87' lang='lat' dir='ltr'><strong>Georgii</strong></span> <span class='ocrx_word' id='word_1_136' title='bbox 1220 1599 1305 1660; x_wconf 90' lang='lat' dir='ltr'><strong>ratio.</strong></span> <span class='ocrx_word' id='word_1_137' title='bbox 1330 1599 1459 1660; x_wconf 76' lang='lat' dir='ltr'><strong>Alteram</strong></span> <span class='ocrx_word' id='word_1_138' title='bbox 1558 1649 1559 1660; x_wconf 71' lang='lat'><strong>.</strong></span> 
     </span>
    </p>
   </div>
   <div class='ocr_carea' id='block_1_6' title="bbox 239 1683 1459 1762">
    <p class='ocr_par' dir='ltr' id='par_1_6' title="bbox 239 1683 1459 1762">
     <span class='ocr_line' id='line_1_16' title="bbox 239 1683 1459 1762; baseline -0.004 -14"><span class='ocrx_word' id='word_1_139' title='bbox 239 1687 288 1758; x_wconf 90' lang='lat' dir='ltr'><strong>bis</strong></span> <span class='ocrx_word' id='word_1_140' title='bbox 308 1686 406 1748; x_wconf 90' lang='lat' dir='ltr'><strong>verbis</strong></span> <span class='ocrx_word' id='word_1_141' title='bbox 434 1684 566 1747; x_wconf 87' lang='lat' dir='ltr'><strong>subiicit:</strong></span> <span class='ocrx_word' id='word_1_142' title='bbox 600 1684 708 1747; x_wconf 90' lang='lat' dir='ltr'><strong>Credas</strong></span> <span class='ocrx_word' id='word_1_143' title='bbox 737 1683 907 1762; x_wconf 86' lang='lat' dir='ltr'><strong>Ulpianum,</strong></span> <span class='ocrx_word' id='word_1_144' title='bbox 942 1684 1131 1759; x_wconf 88' lang='lat' dir='ltr'><strong>Suetonium,</strong></span> <span class='ocrx_word' id='word_1_145' title='bbox 1164 1684 1297 1746; x_wconf 91' lang='lat' dir='ltr'><strong>Tacitum</strong></span> <span class='ocrx_word' id='word_1_146' title='bbox 1329 1683 1459 1760; x_wconf 89' lang='lat' dir='ltr'><strong>ahosque</strong></span> 
     </span>
    </p>
   </div>
   <div class='ocr_carea' id='block_1_7' title="bbox 240 1767 1559 1849">
    <p class='ocr_par' dir='ltr' id='par_1_7' title="bbox 240 1767 1559 1849">
     <span class='ocr_line' id='line_1_17' title="bbox 240 1767 1559 1849; baseline -0.003 -17"><span class='ocrx_word' id='word_1_147' title='bbox 240 1771 318 1832; x_wconf 89' lang='lat' dir='ltr'><strong>inter</strong></span> <span class='ocrx_word' id='word_1_148' title='bbox 346 1771 482 1849; x_wconf 86' lang='lat' dir='ltr'><strong>gentiles,</strong></span> <span class='ocrx_word' id='word_1_149' title='bbox 515 1769 693 1848; x_wconf 91' lang='lat' dir='ltr'><strong>losepbum,</strong></span> <span class='ocrx_word' id='word_1_150' title='bbox 725 1767 898 1842; x_wconf 87' lang='lat' dir='ltr'><strong>Philonem,</strong></span> <span class='ocrx_word' id='word_1_151' title='bbox 933 1768 1120 1847; x_wconf 79' lang='lat' dir='ltr'><strong>Tryphonem</strong></span> <span class='ocrx_word' id='word_1_152' title='bbox 1148 1767 1281 1847; x_wconf 90' lang='lat' dir='ltr'><strong>aliosque</strong></span> <span class='ocrx_word' id='word_1_153' title='bbox 1310 1769 1383 1830; x_wconf 89' lang='lat' dir='ltr'><strong>inter</strong></span> <span class='ocrx_word' id='word_1_154' title='bbox 1402 1767 1457 1828; x_wconf 90' lang='lat' dir='ltr'><strong>lu·</strong></span> <span class='ocrx_word' id='word_1_155' title='bbox 1558 1829 1559 1834; x_wconf 66' lang='grc'>,</span> 
     </span>
    </p>
   </div>
   <div class='ocr_carea' id='block_1_8' title="bbox 239 1853 1471 4049">
    <p class='ocr_par' dir='ltr' id='par_1_8' title="bbox 239 1853 1464 2355">
     <span class='ocr_line' id='line_1_18' title="bbox 241 1853 1460 1932; baseline -0.004 -15"><span class='ocrx_word' id='word_1_156' title='bbox 241 1855 341 1927; x_wconf 87' lang='lat' dir='ltr'><strong>dacos,</strong></span> <span class='ocrx_word' id='word_1_157' title='bbox 378 1854 504 1916; x_wconf 91' lang='lat' dir='ltr'><strong>scientes</strong></span> <span class='ocrx_word' id='word_1_158' title='bbox 541 1872 574 1914; x_wconf 90' lang='lat' dir='ltr'><strong>ac</strong></span> <span class='ocrx_word' id='word_1_159' title='bbox 603 1853 763 1931; x_wconf 88' lang='lat' dir='ltr'><strong>prudentes</strong></span> <span class='ocrx_word' id='word_1_160' title='bbox 791 1853 883 1926; x_wconf 90' lang='lat' dir='ltr'><strong>viros,</strong></span> <span class='ocrx_word' id='word_1_161' title='bbox 919 1853 1117 1930; x_wconf 35' lang='lat' dir='ltr'><strong>Christianam,</strong></span> <span class='ocrx_word' id='word_1_162' title='bbox 1148 1853 1319 1932; x_wconf 86' lang='lat' dir='ltr'><strong>religionem</strong></span> <span class='ocrx_word' id='word_1_163' title='bbox 1348 1853 1460 1931; x_wconf 88' lang='lat' dir='ltr'><strong>ingenii</strong></span> 
     </span>
     <span class='ocr_line' id='line_1_19' title="bbox 239 1937 1462 2016; baseline -0.002 -16"><span class='ocrx_word' id='word_1_164' title='bbox 239 1937 362 2000; x_wconf 91' lang='lat' dir='ltr'><strong>humaui</strong></span> <span class='ocrx_word' id='word_1_165' title='bbox 383 1939 493 2000; x_wconf 85' lang='lat' dir='ltr'><strong>trutina</strong></span> <span class='ocrx_word' id='word_1_166' title='bbox 514 1955 575 1998; x_wconf 92' lang='lat' dir='ltr'><strong>non</strong></span> <span class='ocrx_word' id='word_1_167' title='bbox 597 1937 782 2016; x_wconf 83' lang='lat' dir='ltr'><strong>expendisse,</strong></span> <span class='ocrx_word' id='word_1_168' title='bbox 805 1946 834 1998; x_wconf 89' lang='lat' dir='ltr'><strong>et</strong></span> <span class='ocrx_word' id='word_1_169' title='bbox 862 1957 953 2016; x_wconf 89' lang='lat' dir='ltr'><strong>aeque</strong></span> <span class='ocrx_word' id='word_1_170' title='bbox 982 1947 1103 2010; x_wconf 87' lang='lat' dir='ltr'><strong>attento,</strong></span> <span class='ocrx_word' id='word_1_171' title='bbox 1125 1948 1159 2001; x_wconf 90' lang='lat' dir='ltr'><strong>ut</strong></span> <span class='ocrx_word' id='word_1_172' title='bbox 1173 1938 1334 2016; x_wconf 82' lang='lat' dir='ltr'><strong>Septimius</strong></span> <span class='ocrx_word' id='word_1_173' title='bbox 1349 1939 1462 2008; x_wconf 86' lang='lat' dir='ltr'><strong>animo,</strong></span> 
     </span>
     <span class='ocr_line' id='line_1_20' title="bbox 242 2020 1464 2103; baseline -0.001 -19"><span class='ocrx_word' id='word_1_174' title='bbox 242 2024 313 2103; x_wconf 92' lang='lat' dir='ltr'><strong>quid</strong></span> <span class='ocrx_word' id='word_1_175' title='bbox 340 2024 371 2084; x_wconf 93' lang='lat' dir='ltr'><strong>in</strong></span> <span class='ocrx_word' id='word_1_176' title='bbox 398 2022 447 2085; x_wconf 93' lang='lat' dir='ltr'><strong>illa</strong></span> <span class='ocrx_word' id='word_1_177' title='bbox 475 2031 570 2094; x_wconf 87' lang='lat' dir='ltr'><strong>esset,</strong></span> <span class='ocrx_word' id='word_1_178' title='bbox 600 2041 659 2083; x_wconf 90' lang='lat' dir='ltr'><strong>non</strong></span> <span class='ocrx_word' id='word_1_179' title='bbox 688 2020 887 2083; x_wconf 80' lang='lat' dir='ltr'><strong>discussisse?</strong></span> <span class='ocrx_word' id='word_1_180' title='bbox 929 2022 975 2083; x_wconf 92' lang='lat' dir='ltr'><strong>llli</strong></span> <span class='ocrx_word' id='word_1_181' title='bbox 1008 2031 1105 2084; x_wconf 90' lang='lat' dir='ltr'><strong>tamen</strong></span> <span class='ocrx_word' id='word_1_182' title='bbox 1128 2021 1301 2084; x_wconf 87' lang='lat' dir='ltr'><strong>Christianis</strong></span> <span class='ocrx_word' id='word_1_183' title='bbox 1323 2033 1464 2100; x_wconf 84' lang='lat' dir='ltr'><strong>tanquam</strong></span> 
     </span>
     <span class='ocr_line' id='line_1_21' title="bbox 240 2105 1463 2186; baseline -0.001 -17"><span class='ocrx_word' id='word_1_184' title='bbox 240 2108 381 2170; x_wconf 88' lang='lat' dir='ltr'><strong>maleficis</strong></span> <span class='ocrx_word' id='word_1_185' title='bbox 415 2107 653 2169; x_wconf 90' lang='lat' dir='ltr'><strong>adversabantur.</strong></span> <span class='ocrx_word' id='word_1_186' title='bbox 698 2105 871 2185; x_wconf 87' lang='lat' dir='ltr'><strong>Septimium</strong></span> <span class='ocrx_word' id='word_1_187' title='bbox 905 2107 1008 2185; x_wconf 88' lang='lat' dir='ltr'><strong>igitur,</strong></span> <span class='ocrx_word' id='word_1_188' title='bbox 1041 2107 1136 2185; x_wconf 91' lang='lat' dir='ltr'><strong>inquit</strong></span> <span class='ocrx_word' id='word_1_189' title='bbox 1169 2107 1329 2185; x_wconf 89' lang='lat' dir='ltr'><strong>Georgius,</strong></span> <span class='ocrx_word' id='word_1_190' title='bbox 1362 2107 1463 2186; x_wconf 88' lang='lat' dir='ltr'><strong>aliquo</strong></span> 
     </span>
     <span class='ocr_line' id='line_1_22' title="bbox 240 2191 1457 2272; baseline -0.003 -17"><span class='ocrx_word' id='word_1_191' title='bbox 240 2192 361 2272; x_wconf 86' lang='lat' dir='ltr'><strong>speciali</strong></span> <span class='ocrx_word' id='word_1_192' title='bbox 383 2191 555 2254; x_wconf 80' lang='lat' dir='ltr'><strong>charismate</strong></span> <span class='ocrx_word' id='word_1_193' title='bbox 577 2210 645 2252; x_wconf 91' lang='lat' dir='ltr'><strong>reor</strong></span> <span class='ocrx_word' id='word_1_194' title='bbox 666 2201 872 2269; x_wconf 90' lang='lat' dir='ltr'><strong>praeventum,</strong></span> <span class='ocrx_word' id='word_1_195' title='bbox 896 2191 1014 2254; x_wconf 81' lang='lat' dir='ltr'><strong>atinde</strong></span> <span class='ocrx_word' id='word_1_196' title='bbox 1035 2191 1067 2253; x_wconf 93' lang='lat' dir='ltr'><strong>in</strong></span> <span class='ocrx_word' id='word_1_197' title='bbox 1089 2192 1229 2264; x_wconf 88' lang='lat' dir='ltr'><strong>visiones,</strong></span> <span class='ocrx_word' id='word_1_198' title='bbox 1252 2192 1383 2266; x_wconf 86' lang='lat' dir='ltr'><strong>scmrria,</strong></span> <span class='ocrx_word' id='word_1_199' title='bbox 1407 2210 1457 2252; x_wconf 92' lang='lat' dir='ltr'><strong>re-</strong></span> 
     </span>
     <span class='ocr_line' id='line_1_23' title="bbox 241 2275 1038 2355; baseline 0 -17"><span class='ocrx_word' id='word_1_200' title='bbox 241 2277 413 2351; x_wconf 83' lang='lat' dir='ltr'><strong>velationes,</strong></span> <span class='ocrx_word' id='word_1_201' title='bbox 437 2277 521 2339; x_wconf 90' lang='lat' dir='ltr'><strong>etiam</strong></span> <span class='ocrx_word' id='word_1_202' title='bbox 544 2284 613 2355; x_wconf 90' lang='lat' dir='ltr'><strong>post</strong></span> <span class='ocrx_word' id='word_1_203' title='bbox 634 2276 722 2338; x_wconf 91' lang='lat' dir='ltr'><strong>fidem</strong></span> <span class='ocrx_word' id='word_1_204' title='bbox 744 2275 827 2337; x_wconf 93' lang='lat' dir='ltr'><strong>avide</strong></span> <span class='ocrx_word' id='word_1_205' title='bbox 848 2295 1038 2355; x_wconf 87' lang='lat' dir='ltr'><strong>propensum.</strong></span> 
     </span>
    </p>

    <p class='ocr_par' dir='ltr' id='par_1_9' title="bbox 240 2359 1471 3964">
     <span class='ocr_line' id='line_1_24' title="bbox 325 2359 1461 2442; baseline -0.002 -20"><span class='ocrx_word' id='word_1_206' title='bbox 325 2362 423 2442; x_wconf 80' lang='lat' dir='ltr'><strong>Apage</strong></span> <span class='ocrx_word' id='word_1_207' title='bbox 444 2370 503 2423; x_wconf 89' lang='lat' dir='ltr'><strong>tarn</strong></span> <span class='ocrx_word' id='word_1_208' title='bbox 524 2359 667 2422; x_wconf 90' lang='lat' dir='ltr'><strong>insulsam</strong></span> <span class='ocrx_word' id='word_1_209' title='bbox 690 2360 808 2440; x_wconf 90' lang='lat' dir='ltr'><strong>Georgii</strong></span> <span class='ocrx_word' id='word_1_210' title='bbox 830 2361 1038 2439; x_wconf 75' lang='lat' dir='ltr'><strong>opinationem.</strong></span> <span class='ocrx_word' id='word_1_211' title='bbox 1083 2361 1155 2422; x_wconf 91' lang='lat' dir='ltr'><strong>Cum</strong></span> <span class='ocrx_word' id='word_1_212' title='bbox 1177 2361 1283 2422; x_wconf 89' lang='lat' dir='ltr'><strong>librum</strong></span> <span class='ocrx_word' id='word_1_213' title='bbox 1305 2361 1342 2422; x_wconf 94' lang='lat' dir='ltr'><strong>de</strong></span> <span class='ocrx_word' id='word_1_214' title='bbox 1356 2360 1461 2422; x_wconf 83' lang='lat' dir='ltr'><strong>haimo</strong></span> 
     </span>
     <span class='ocr_line' id='line_1_25' title="bbox 242 2445 1458 2523; baseline -0.003 -13"><span class='ocrx_word' id='word_1_215' title='bbox 242 2447 385 2510; x_wconf 82' lang='lat' dir='ltr'><strong>scriberet</strong></span> <span class='ocrx_word' id='word_1_216' title='bbox 406 2445 619 2519; x_wconf 80' lang='lat' dir='ltr'><strong>Tertullianus,</strong></span> <span class='ocrx_word' id='word_1_217' title='bbox 651 2445 780 2506; x_wconf 86' lang='lat' dir='ltr'><strong>Montani</strong></span> <span class='ocrx_word' id='word_1_218' title='bbox 813 2445 918 2523; x_wconf 91' lang='lat' dir='ltr'><strong>spiritu</strong></span> <span class='ocrx_word' id='word_1_219' title='bbox 940 2446 997 2506; x_wconf 90' lang='lat' dir='ltr'><strong>iam</strong></span> <span class='ocrx_word' id='word_1_220' title='bbox 1019 2445 1135 2507; x_wconf 85' lang='lat' dir='ltr'><strong>adlatus</strong></span> <span class='ocrx_word' id='word_1_221' title='bbox 1157 2447 1226 2518; x_wconf 84' lang='lat' dir='ltr'><strong>tuit,</strong></span> <span class='ocrx_word' id='word_1_222' title='bbox 1257 2454 1289 2508; x_wconf 89' lang='lat' dir='ltr'><strong>ut</strong></span> <span class='ocrx_word' id='word_1_223' title='bbox 1310 2446 1386 2506; x_wconf 83' lang='lat' dir='ltr'><strong>intra</strong></span> <span class='ocrx_word' id='word_1_224' title='bbox 1409 2445 1458 2506; x_wconf 89' lang='lat' dir='ltr'><strong>in-</strong></span> 
     </span>
     <span class='ocr_line' id='line_1_26' title="bbox 242 2529 1464 2618; baseline -0.002 -26"><span class='ocrx_word' id='word_1_225' title='bbox 242 2531 319 2592; x_wconf 88' lang='lat' dir='ltr'><strong>victe</strong></span> <span class='ocrx_word' id='word_1_226' title='bbox 341 2530 617 2592; x_wconf 87' lang='lat' dir='ltr'><strong>demonstrabimus.</strong></span> <span class='ocrx_word' id='word_1_227' title='bbox 663 2530 757 2602; x_wconf 79' lang='lat' dir='ltr'><strong>Quam</strong></span> <span class='ocrx_word' id='word_1_228' title='bbox 780 2529 818 2590; x_wconf 91' lang='lat' dir='ltr'><strong>oh</strong></span> <span class='ocrx_word' id='word_1_229' title='bbox 833 2549 904 2618; x_wconf 64' lang='lat' dir='ltr'><strong>¹rem</strong></span> <span class='ocrx_word' id='word_1_230' title='bbox 926 2531 1046 2608; x_wconf 90' lang='lat' dir='ltr'><strong>siquas</strong></span> <span class='ocrx_word' id='word_1_231' title='bbox 1068 2531 1198 2592; x_wconf 91' lang='lat' dir='ltr'><strong>visiones</strong></span> <span class='ocrx_word' id='word_1_232' title='bbox 1219 2537 1327 2608; x_wconf 86' lang='lat' dir='ltr'><strong>crepat,</strong></span> <span class='ocrx_word' id='word_1_233' title='bbox 1350 2530 1386 2590; x_wconf 92' lang='lat' dir='ltr'><strong>ad</strong></span> <span class='ocrx_word' id='word_1_234' title='bbox 1410 2549 1464 2591; x_wconf 81' lang='lat' dir='ltr'><strong>ex-</strong></span> 
     </span>
     <span class='ocr_line' id='line_1_27' title="bbox 241 2614 1463 2694; baseline 0.001 -18"><span class='ocrx_word' id='word_1_235' title='bbox 241 2615 349 2678; x_wconf 87' lang='lat' dir='ltr'><strong>taticcs</strong></span> <span class='ocrx_word' id='word_1_236' title='bbox 377 2625 475 2678; x_wconf 89' lang='lat' dir='ltr'><strong>motus</strong></span> <span class='ocrx_word' id='word_1_237' title='bbox 504 2615 613 2676; x_wconf 84' lang='lat' dir='ltr'><strong>luerint</strong></span> <span class='ocrx_word' id='word_1_238' title='bbox 640 2615 822 2676; x_wconf 81' lang='lat' dir='ltr'><strong>referendae.</strong></span> <span class='ocrx_word' id='word_1_239' title='bbox 872 2615 946 2686; x_wconf 80' lang='lat' dir='ltr'><strong>Quis</strong></span> <span class='ocrx_word' id='word_1_240' title='bbox 973 2624 1070 2676; x_wconf 88' lang='lat' dir='ltr'><strong>autern</strong></span> <span class='ocrx_word' id='word_1_241' title='bbox 1098 2615 1285 2694; x_wconf 87' lang='lat' dir='ltr'><strong>pronuntiet,</strong></span> <span class='ocrx_word' id='word_1_242' title='bbox 1313 2614 1339 2676; x_wconf 92' lang='lat' dir='ltr'><strong>si</strong></span> <span class='ocrx_word' id='word_1_243' title='bbox 1370 2633 1463 2677; x_wconf 89' lang='lat' dir='ltr'><strong>sanus</strong></span> 
     </span>
     <span class='ocr_line' id='line_1_28' title="bbox 242 2698 1464 2778; baseline -0.002 -16"><span class='ocrx_word' id='word_1_244' title='bbox 242 2700 293 2773; x_wconf 92' lang='lat' dir='ltr'><strong>sit,</strong></span> <span class='ocrx_word' id='word_1_245' title='bbox 315 2699 440 2762; x_wconf 90' lang='lat' dir='ltr'><strong>ludaeos</strong></span> <span class='ocrx_word' id='word_1_246' title='bbox 462 2719 495 2761; x_wconf 88' lang='lat' dir='ltr'><strong>ac</strong></span> <span class='ocrx_word' id='word_1_247' title='bbox 516 2698 648 2761; x_wconf 89' lang='lat' dir='ltr'><strong>ethnicos</strong></span> <span class='ocrx_word' id='word_1_248' title='bbox 669 2699 841 2777; x_wconf 88' lang='lat' dir='ltr'><strong>religionem</strong></span> <span class='ocrx_word' id='word_1_249' title='bbox 857 2699 1050 2761; x_wconf 83' lang='lat' dir='ltr'><strong>Christianam</strong></span> <span class='ocrx_word' id='word_1_250' title='bbox 1072 2719 1107 2761; x_wconf 89' lang='lat' dir='ltr'><strong>eo</strong></span> <span class='ocrx_word' id='word_1_251' title='bbox 1123 2718 1183 2760; x_wconf 90' lang='lat' dir='ltr'><strong>non</strong></span> <span class='ocrx_word' id='word_1_252' title='bbox 1198 2701 1360 2778; x_wconf 80' lang='lat' dir='ltr'><strong>amplexos,</strong></span> <span class='ocrx_word' id='word_1_253' title='bbox 1382 2700 1464 2762; x_wconf 91' lang='lat' dir='ltr'><strong>illam</strong></span> 
     </span>
     <span class='ocr_line' id='line_1_29' title="bbox 242 2783 1467 2864; baseline 0 -18"><span class='ocrx_word' id='word_1_254' title='bbox 242 2802 336 2864; x_wconf 89' lang='lat' dir='ltr'><strong>aeque</strong></span> <span class='ocrx_word' id='word_1_255' title='bbox 358 2793 468 2847; x_wconf 88' lang='lat' dir='ltr'><strong>attento</strong></span> <span class='ocrx_word' id='word_1_256' title='bbox 491 2785 568 2855; x_wconf 91' lang='lat' dir='ltr'><strong>licet,</strong></span> <span class='ocrx_word' id='word_1_257' title='bbox 591 2792 623 2847; x_wconf 92' lang='lat' dir='ltr'><strong>ut</strong></span> <span class='ocrx_word' id='word_1_258' title='bbox 638 2783 809 2863; x_wconf 89' lang='lat' dir='ltr'><strong>Septimius,</strong></span> <span class='ocrx_word' id='word_1_259' title='bbox 832 2785 930 2846; x_wconf 90' lang='lat' dir='ltr'><strong>animo</strong></span> <span class='ocrx_word' id='word_1_260' title='bbox 952 2784 1142 2858; x_wconf 85' lang='lat' dir='ltr'><strong>discuterent,</strong></span> <span class='ocrx_word' id='word_1_261' title='bbox 1164 2784 1301 2862; x_wconf 90' lang='lat' dir='ltr'><strong>quodhis</strong></span> <span class='ocrx_word' id='word_1_262' title='bbox 1316 2785 1467 2846; x_wconf 86' lang='lat' dir='ltr'><strong>caruerint</strong></span> 
     </span>
     <span class='ocr_line' id='line_1_30' title="bbox 242 2868 1468 2948; baseline -0.005 -12"><span class='ocrx_word' id='word_1_263' title='bbox 242 2870 407 2936; x_wconf 77' lang='lat' dir='ltr'><strong>visionibus</strong></span> <span class='ocrx_word' id='word_1_264' title='bbox 436 2889 470 2932; x_wconf 94' lang='lat' dir='ltr'><strong>ac</strong></span> <span class='ocrx_word' id='word_1_265' title='bbox 501 2868 744 2940; x_wconf 89' lang='lat' dir='ltr'><strong>revelationibus,</strong></span> <span class='ocrx_word' id='word_1_266' title='bbox 772 2887 828 2930; x_wconf 89' lang='lat' dir='ltr'><strong>nec</strong></span> <span class='ocrx_word' id='word_1_267' title='bbox 849 2887 884 2930; x_wconf 83' lang='lat' dir='ltr'><strong>ex</strong></span> <span class='ocrx_word' id='word_1_268' title='bbox 905 2869 963 2930; x_wconf 90' lang='lat' dir='ltr'><strong>illis</strong></span> <span class='ocrx_word' id='word_1_269' title='bbox 986 2870 1135 2948; x_wconf 87' lang='lat' dir='ltr'><strong>potuerint</strong></span> <span class='ocrx_word' id='word_1_270' title='bbox 1157 2869 1272 2930; x_wconf 87' lang='lat' dir='ltr'><strong>discere</strong></span> <span class='ocrx_word' id='word_1_271' title='bbox 1294 2869 1404 2940; x_wconf 88' lang='lat' dir='ltr'><strong>Deum,</strong></span> <span class='ocrx_word' id='word_1_272' title='bbox 1437 2879 1468 2930; x_wconf 90' lang='lat' dir='ltr'><strong>et</strong></span> 
     </span>
     <span class='ocr_line' id='line_1_31' title="bbox 244 2953 1466 3032; baseline -0.004 -13"><span class='ocrx_word' id='word_1_273' title='bbox 244 2965 347 3021; x_wconf 88' lang='lat' dir='ltr'><strong>contra</strong></span> <span class='ocrx_word' id='word_1_274' title='bbox 367 2957 459 3016; x_wconf 89' lang='lat' dir='ltr'><strong>Deum</strong></span> <span class='ocrx_word' id='word_1_275' title='bbox 482 2954 662 3016; x_wconf 88' lang='lat' dir='ltr'><strong>Tertulliano</strong></span> <span class='ocrx_word' id='word_1_276' title='bbox 685 2953 843 3032; x_wconf 91' lang='lat' dir='ltr'><strong>cognitum,</strong></span> <span class='ocrx_word' id='word_1_277' title='bbox 877 2953 956 3032; x_wconf 87' lang='lat' dir='ltr'><strong>quod</strong></span> <span class='ocrx_word' id='word_1_278' title='bbox 976 2955 1054 3015; x_wconf 91' lang='lat' dir='ltr'><strong>illum</strong></span> <span class='ocrx_word' id='word_1_279' title='bbox 1077 2973 1112 3014; x_wconf 83' lang='lat' dir='ltr'><strong>ex</strong></span> <span class='ocrx_word' id='word_1_280' title='bbox 1133 2954 1214 3016; x_wconf 86' lang='lat' dir='ltr'><strong>hisce</strong></span> <span class='ocrx_word' id='word_1_281' title='bbox 1235 2953 1466 3016; x_wconf 87' lang='lat' dir='ltr'><strong>revelationibus</strong></span> 
     </span>
     <span class='ocr_line' id='line_1_32' title="bbox 246 3038 992 3102; baseline -0.001 -2"><span class='ocrx_word' id='word_1_282' title='bbox 246 3040 421 3102; x_wconf 87' lang='lat' dir='ltr'><strong>blontauicis</strong></span> <span class='ocrx_word' id='word_1_283' title='bbox 444 3038 605 3101; x_wconf 90' lang='lat' dir='ltr'><strong>didicisset.</strong></span> <span class='ocrx_word' id='word_1_284' title='bbox 990 3041 992 3053; x_wconf 61' lang='lat'><em>¹</em></span> 
     </span>
     <span class='ocr_line' id='line_1_33' title="bbox 255 3122 1463 3202; baseline 0.002 -22"><span class='ocrx_word' id='word_1_285' title='bbox 255 3175 258 3180; x_wconf 92' lang='lat'><strong>.</strong></span> <span class='ocrx_word' id='word_1_286' title='bbox 330 3123 465 3185; x_wconf 87' lang='lat' dir='ltr'><strong>Ceterum</strong></span> <span class='ocrx_word' id='word_1_287' title='bbox 488 3123 608 3183; x_wconf 87' lang='lat' dir='ltr'><strong>omnino</strong></span> <span class='ocrx_word' id='word_1_288' title='bbox 632 3123 737 3184; x_wconf 81' lang='lat' dir='ltr'><strong>salsum</strong></span> <span class='ocrx_word' id='word_1_289' title='bbox 759 3131 820 3194; x_wconf 89' lang='lat' dir='ltr'><strong>est,</strong></span> <span class='ocrx_word' id='word_1_290' title='bbox 843 3122 921 3201; x_wconf 87' lang='lat' dir='ltr'><strong>quod</strong></span> <span class='ocrx_word' id='word_1_291' title='bbox 943 3141 998 3201; x_wconf 90' lang='lat' dir='ltr'><strong>pre</strong></span> <span class='ocrx_word' id='word_1_292' title='bbox 1021 3141 1089 3184; x_wconf 91' lang='lat' dir='ltr'><strong>vero</strong></span> <span class='ocrx_word' id='word_1_293' title='bbox 1112 3124 1203 3185; x_wconf 88' lang='lat' dir='ltr'><strong>sumit</strong></span> <span class='ocrx_word' id='word_1_294' title='bbox 1225 3123 1384 3202; x_wconf 88' lang='lat' dir='ltr'><strong>Georgius,</strong></span> <span class='ocrx_word' id='word_1_295' title='bbox 1406 3140 1463 3183; x_wconf 89' lang='lat' dir='ltr'><strong>seu</strong></span> 
     </span>
     <span class='ocr_line' id='line_1_34' title="bbox 244 3206 1467 3287; baseline 0 -19"><span class='ocrx_word' id='word_1_296' title='bbox 244 3206 369 3268; x_wconf 88' lang='lat' dir='ltr'><strong>ludaeos</strong></span> <span class='ocrx_word' id='word_1_297' title='bbox 392 3226 445 3267; x_wconf 92' lang='lat' dir='ltr'><strong>seu</strong></span> <span class='ocrx_word' id='word_1_298' title='bbox 467 3207 599 3267; x_wconf 90' lang='lat' dir='ltr'><strong>ethnicos</strong></span> <span class='ocrx_word' id='word_1_299' title='bbox 622 3225 713 3284; x_wconf 89' lang='lat' dir='ltr'><strong>aeque</strong></span> <span class='ocrx_word' id='word_1_300' title='bbox 736 3215 856 3277; x_wconf 92' lang='lat' dir='ltr'><strong>attento,</strong></span> <span class='ocrx_word' id='word_1_301' title='bbox 879 3216 912 3267; x_wconf 91' lang='lat' dir='ltr'><strong>ut</strong></span> <span class='ocrx_word' id='word_1_302' title='bbox 933 3207 1102 3286; x_wconf 89' lang='lat' dir='ltr'><strong>Septimius,</strong></span> <span class='ocrx_word' id='word_1_303' title='bbox 1127 3207 1223 3269; x_wconf 89' lang='lat' dir='ltr'><strong>auimb</strong></span> <span class='ocrx_word' id='word_1_304' title='bbox 1246 3209 1315 3287; x_wconf 91' lang='lat' dir='ltr'><strong>quid</strong></span> <span class='ocrx_word' id='word_1_305' title='bbox 1337 3208 1368 3268; x_wconf 90' lang='lat' dir='ltr'><strong>in</strong></span> <span class='ocrx_word' id='word_1_306' title='bbox 1389 3207 1467 3268; x_wconf 90' lang='lat' dir='ltr'><strong>reli-</strong></span> 
     </span>
     <span class='ocr_line' id='line_1_35' title="bbox 245 3290 1467 3370; baseline 0.004 -21"><span class='ocrx_word' id='word_1_307' title='bbox 245 3290 332 3370; x_wconf 87' lang='lat' dir='ltr'><strong>gione</strong></span> <span class='ocrx_word' id='word_1_308' title='bbox 355 3290 518 3352; x_wconf 90' lang='lat' dir='ltr'><strong>Christiana</strong></span> <span class='ocrx_word' id='word_1_309' title='bbox 540 3299 629 3364; x_wconf 89' lang='lat' dir='ltr'><strong>esset,</strong></span> <span class='ocrx_word' id='word_1_310' title='bbox 652 3291 838 3362; x_wconf 88' lang='lat' dir='ltr'><strong>discussisse,</strong></span> <span class='ocrx_word' id='word_1_311' title='bbox 872 3300 1019 3352; x_wconf 90' lang='lat' dir='ltr'><strong>ettamen</strong></span> <span class='ocrx_word' id='word_1_312' title='bbox 1042 3291 1215 3354; x_wconf 89' lang='lat' dir='ltr'><strong>Christianis</strong></span> <span class='ocrx_word' id='word_1_313' title='bbox 1238 3301 1375 3370; x_wconf 89' lang='lat' dir='ltr'><strong>tanquam</strong></span> <span class='ocrx_word' id='word_1_314' title='bbox 1397 3311 1467 3354; x_wconf 91' lang='lat' dir='ltr'><strong>ma-</strong></span> 
     </span>
     <span class='ocr_line' id='line_1_36' title="bbox 245 3374 1466 3456; baseline 0.002 -19"><span class='ocrx_word' id='word_1_315' title='bbox 245 3375 337 3437; x_wconf 88' lang='lat' dir='ltr'><strong>leficis</strong></span> <span class='ocrx_word' id='word_1_316' title='bbox 358 3374 449 3436; x_wconf 87' lang='lat' dir='ltr'><strong>tuisse</strong></span> <span class='ocrx_word' id='word_1_317' title='bbox 471 3375 649 3436; x_wconf 88' lang='lat' dir='ltr'><strong>adversatos.</strong></span> <span class='ocrx_word' id='word_1_318' title='bbox 678 3374 833 3454; x_wconf 84' lang='lat' dir='ltr'><strong>Repugnat</strong></span> <span class='ocrx_word' id='word_1_319' title='bbox 855 3375 931 3436; x_wconf 86' lang='lat' dir='ltr'><strong>enirn</strong></span> <span class='ocrx_word' id='word_1_320' title='bbox 955 3376 1151 3438; x_wconf 86' lang='lat' dir='ltr'><strong>Tertullianus</strong></span> <span class='ocrx_word' id='word_1_321' title='bbox 1166 3378 1346 3456; x_wconf 80' lang='lat' dir='ltr'><strong>Apologetici</strong></span> <span class='ocrx_word' id='word_1_322' title='bbox 1362 3383 1466 3456; x_wconf 81' lang='lat' dir='ltr'><strong>capt.</strong></span> 
     </span>
     <span class='ocr_line' id='line_1_37' title="bbox 248 3457 1471 3543; baseline 0.002 -21"><span class='ocrx_word' id='word_1_323' title='bbox 248 3457 462 3522; x_wconf 79' lang='lat' dir='ltr'><strong>Testimonium</strong></span> <span class='ocrx_word' id='word_1_324' title='bbox 489 3463 680 3538; x_wconf 79' lang='lat' dir='ltr'><strong>ignorantiae</strong></span> <span class='ocrx_word' id='word_1_325' title='bbox 709 3470 770 3530; x_wconf 84' lang='lat' dir='ltr'><strong>est,</strong></span> <span class='ocrx_word' id='word_1_326' title='bbox 803 3460 913 3538; x_wconf 92' lang='lat' dir='ltr'><strong>iuquit,</strong></span> <span class='ocrx_word' id='word_1_327' title='bbox 943 3481 1018 3541; x_wconf 86' lang='lat' dir='ltr'><strong>qncc</strong></span> <span class='ocrx_word' id='word_1_328' title='bbox 1039 3466 1223 3543; x_wconf 79' lang='lat' dir='ltr'><strong>iniquitatem</strong></span> <span class='ocrx_word' id='word_1_329' title='bbox 1247 3464 1316 3525; x_wconf 87' lang='lat' dir='ltr'><strong>dum</strong></span> <span class='ocrx_word' id='word_1_330' title='bbox 1338 3474 1471 3524; x_wconf 78' lang='lat' dir='ltr'><strong>accusat</strong></span> 
     </span>
     <span class='ocr_line' id='line_1_38' title="bbox 247 3545 1471 3628; baseline 0.002 -22"><span class='ocrx_word' id='word_1_331' title='bbox 247 3545 436 3615; x_wconf 84' lang='lat' dir='ltr'><strong>condemnat,</strong></span> <span class='ocrx_word' id='word_1_332' title='bbox 460 3563 648 3606; x_wconf 76' lang='lat' dir='ltr'><strong>comumnes</strong></span> <span class='ocrx_word' id='word_1_333' title='bbox 672 3549 723 3625; x_wconf 81' lang='lat' dir='ltr'><strong>qui</strong></span> <span class='ocrx_word' id='word_1_334' title='bbox 744 3557 829 3608; x_wconf 84' lang='lat' dir='ltr'><strong>retro</strong></span> <span class='ocrx_word' id='word_1_335' title='bbox 853 3546 997 3617; x_wconf 85' lang='lat' dir='ltr'><strong>oderant,</strong></span> <span class='ocrx_word' id='word_1_336' title='bbox 1019 3550 1090 3626; x_wconf 80' lang='lat' dir='ltr'><strong>quio</strong></span> <span class='ocrx_word' id='word_1_337' title='bbox 1110 3549 1293 3625; x_wconf 78' lang='lat' dir='ltr'><strong>ignorabunt</strong></span> <span class='ocrx_word' id='word_1_338' title='bbox 1313 3545 1402 3628; x_wconf 87' lang='lat' dir='ltr'><strong>quale</strong></span> <span class='ocrx_word' id='word_1_339' title='bbox 1426 3552 1471 3608; x_wconf 81' lang='lat' dir='ltr'><strong>sir</strong></span> 
     </span>
     <span class='ocr_line' id='line_1_39' title="bbox 246 3628 1471 3710; baseline 0.002 -20"><span class='ocrx_word' id='word_1_340' title='bbox 246 3629 326 3710; x_wconf 84' lang='lat' dir='ltr'><strong>quod</strong></span> <span class='ocrx_word' id='word_1_341' title='bbox 348 3629 488 3699; x_wconf 82' lang='lat' dir='ltr'><strong>oderunt,</strong></span> <span class='ocrx_word' id='word_1_342' title='bbox 511 3628 603 3690; x_wconf 85' lang='lat' dir='ltr'><strong>sr&#39;mnl</strong></span> <span class='ocrx_word' id='word_1_343' title='bbox 624 3630 765 3692; x_wconf 79' lang='lat' dir='ltr'><strong>desinunt</strong></span> <span class='ocrx_word' id='word_1_344' title='bbox 779 3634 933 3707; x_wconf 80' lang='lat' dir='ltr'><strong>igriorcre,</strong></span> <span class='ocrx_word' id='word_1_345' title='bbox 958 3641 1075 3692; x_wconf 84' lang='lat' dir='ltr'><strong>cessant</strong></span> <span class='ocrx_word' id='word_1_346' title='bbox 1090 3645 1118 3694; x_wconf 87' lang='lat' dir='ltr'><strong>cr</strong></span> <span class='ocrx_word' id='word_1_347' title='bbox 1133 3633 1246 3694; x_wconf 78' lang='lat' dir='ltr'><strong>odisse:</strong></span> <span class='ocrx_word' id='word_1_348' title='bbox 1271 3649 1309 3693; x_wconf 80' lang='lat' dir='ltr'><strong>ec</strong></span> <span class='ocrx_word' id='word_1_349' title='bbox 1324 3633 1370 3692; x_wconf 77' lang='lat' dir='ltr'><strong>bis</strong></span> <span class='ocrx_word' id='word_1_350' title='bbox 1385 3632 1471 3710; x_wconf 81' lang='lat' dir='ltr'><strong>ficar</strong></span> 
     </span>
     <span class='ocr_line' id='line_1_40' title="bbox 248 3713 1470 3796; baseline 0.002 -20"><span class='ocrx_word' id='word_1_351' title='bbox 248 3713 429 3786; x_wconf 78' lang='lat' dir='ltr'><strong>Christiani,</strong></span> <span class='ocrx_word' id='word_1_352' title='bbox 452 3719 554 3793; x_wconf 80' lang='lat' dir='ltr'><strong>utique</strong></span> <span class='ocrx_word' id='word_1_353' title='bbox 577 3732 614 3774; x_wconf 77' lang='lat' dir='ltr'><strong>etc</strong></span> <span class='ocrx_word' id='word_1_354' title='bbox 637 3725 803 3795; x_wconf 86' lang='lat' dir='ltr'><strong>comperto,</strong></span> <span class='ocrx_word' id='word_1_355' title='bbox 827 3726 854 3776; x_wconf 88' lang='lat' dir='ltr'><strong>et</strong></span> <span class='ocrx_word' id='word_1_356' title='bbox 877 3718 1024 3794; x_wconf 72' lang='lat' dir='ltr'><strong>incipiunt</strong></span> <span class='ocrx_word' id='word_1_357' title='bbox 1048 3717 1147 3778; x_wconf 80' lang='lat' dir='ltr'><strong>odisse</strong></span> <span class='ocrx_word' id='word_1_358' title='bbox 1168 3716 1247 3796; x_wconf 87' lang='lat' dir='ltr'><strong>quod</strong></span> <span class='ocrx_word' id='word_1_359' title='bbox 1267 3718 1411 3794; x_wconf 81' lang='lat' dir='ltr'><strong>faverant,</strong></span> <span class='ocrx_word' id='word_1_360' title='bbox 1437 3728 1470 3778; x_wconf 85' lang='lat' dir='ltr'><strong>ct</strong></span> 
     </span>
     <span class='ocr_line' id='line_1_41' title="bbox 240 3798 1471 3879; baseline 0.002 -19"><span class='ocrx_word' id='word_1_361' title='bbox 240 3800 390 3879; x_wconf 77' lang='lat' dir='ltr'><strong>profiteri</strong></span> <span class='ocrx_word' id='word_1_362' title='bbox 402 3800 481 3878; x_wconf 87' lang='lat' dir='ltr'><strong>quod</strong></span> <span class='ocrx_word' id='word_1_363' title='bbox 496 3799 631 3862; x_wconf 83' lang='lat' dir='ltr'><strong>oderant.</strong></span> <span class='ocrx_word' id='word_1_364' title='bbox 655 3798 704 3860; x_wconf 89' lang='lat' dir='ltr'><strong>Sic</strong></span> <span class='ocrx_word' id='word_1_365' title='bbox 715 3817 777 3876; x_wconf 88' lang='lat' dir='ltr'><strong>cap.</strong></span> <span class='ocrx_word' id='word_1_366' title='bbox 796 3801 844 3864; x_wconf 86' lang='grc'><strong>18.</strong></span> <span class='ocrx_word' id='word_1_367' title='bbox 867 3799 903 3861; x_wconf 86' lang='lat' dir='ltr'><strong>de</strong></span> <span class='ocrx_word' id='word_1_368' title='bbox 925 3799 1069 3878; x_wconf 91' lang='lat' dir='ltr'><strong>scriptura</strong></span> <span class='ocrx_word' id='word_1_369' title='bbox 1083 3800 1218 3879; x_wconf 90' lang='lat' dir='ltr'><strong>loquens,</strong></span> <span class='ocrx_word' id='word_1_370' title='bbox 1245 3801 1307 3874; x_wconf 73' lang='lat' dir='ltr'><strong>Qua</strong></span> <span class='ocrx_word' id='word_1_371' title='bbox 1320 3802 1471 3873; x_wconf 74' lang='lat' dir='ltr'><strong>audierit,</strong></span> 
     </span>
     <span class='ocr_line' id='line_1_42' title="bbox 246 3883 1414 3964; baseline -0.003 -19"><span class='ocrx_word' id='word_1_372' title='bbox 246 3889 378 3948; x_wconf 80' lang='lat' dir='ltr'><strong>inueniet</strong></span> <span class='ocrx_word' id='word_1_373' title='bbox 400 3884 510 3956; x_wconf 83' lang='lat' dir='ltr'><strong>Deum,</strong></span> <span class='ocrx_word' id='word_1_374' title='bbox 534 3886 586 3963; x_wconf 79' lang='lat' dir='ltr'><strong>qni</strong></span> <span class='ocrx_word' id='word_1_375' title='bbox 607 3885 695 3945; x_wconf 81' lang='lat' dir='ltr'><strong>ctiam</strong></span> <span class='ocrx_word' id='word_1_376' title='bbox 717 3885 868 3946; x_wconf 82' lang='lat' dir='ltr'><strong>studuerit</strong></span> <span class='ocrx_word' id='word_1_377' title='bbox 889 3883 1065 3964; x_wconf 77' lang='lat' dir='ltr'><strong>intelligere,</strong></span> <span class='ocrx_word' id='word_1_378' title='bbox 1090 3895 1212 3964; x_wconf 79' lang='lat' dir='ltr'><strong>cogetur</strong></span> <span class='ocrx_word' id='word_1_379' title='bbox 1234 3887 1414 3949; x_wconf 78' lang='lat' dir='ltr'><strong>accredere.</strong></span> 
     </span>
    </p>

    <p class='ocr_par' dir='ltr' id='par_1_10' title="bbox 330 3967 1468 4049">
     <span class='ocr_line' id='line_1_43' title="bbox 330 3967 1468 4049; baseline 0.003 -22"><span class='ocrx_word' id='word_1_380' title='bbox 330 3967 425 4045; x_wconf 76' lang='lat' dir='ltr'><strong>Atque</strong></span> <span class='ocrx_word' id='word_1_381' title='bbox 448 3967 582 4048; x_wconf 86' lang='lat' dir='ltr'><strong>equidem</strong></span> <span class='ocrx_word' id='word_1_382' title='bbox 605 3985 664 4028; x_wconf 90' lang='lat' dir='ltr'><strong>nou</strong></span> <span class='ocrx_word' id='word_1_383' title='bbox 687 3968 750 4028; x_wconf 92' lang='lat' dir='ltr'><strong>aliis</strong></span> <span class='ocrx_word' id='word_1_384' title='bbox 766 3987 798 4029; x_wconf 91' lang='lat' dir='ltr'><strong>se</strong></span> <span class='ocrx_word' id='word_1_385' title='bbox 814 3969 850 4030; x_wconf 91' lang='lat' dir='ltr'><strong>ad</strong></span> <span class='ocrx_word' id='word_1_386' title='bbox 864 3968 1016 4047; x_wconf 91' lang='lat' dir='ltr'><strong>religionis</strong></span> <span class='ocrx_word' id='word_1_387' title='bbox 1042 3969 1223 4032; x_wconf 90' lang='lat' dir='ltr'><strong>Christianae</strong></span> <span class='ocrx_word' id='word_1_388' title='bbox 1245 3969 1468 4049; x_wconf 80' lang='lat' dir='ltr'><strong>professionem</strong></span> 
     </span>
    </p>
   </div>
   <div class='ocr_carea' id='block_1_9' title="bbox 246 4049 1471 4646">
    <p class='ocr_par' dir='ltr' id='par_1_11' title="bbox 246 4049 1471 4646">
     <span class='ocr_line' id='line_1_44' title="bbox 247 4049 1469 4134; baseline 0.005 -24"><span class='ocrx_word' id='word_1_389' title='bbox 247 4049 389 4126; x_wconf 78' lang='lat' dir='ltr'><strong>adductus</strong></span> <span class='ocrx_word' id='word_1_390' title='bbox 411 4052 575 4114; x_wconf 88' lang='lat' dir='ltr'><strong>rationibus</strong></span> <span class='ocrx_word' id='word_1_391' title='bbox 603 4053 735 4114; x_wconf 82' lang='lat' dir='ltr'><strong>raserunt</strong></span> <span class='ocrx_word' id='word_1_392' title='bbox 768 4063 836 4116; x_wconf 89' lang='lat' dir='ltr'><strong>ante</strong></span> <span class='ocrx_word' id='word_1_393' title='bbox 868 4053 1080 4116; x_wconf 88' lang='lat' dir='ltr'><strong>Tertullianum</strong></span> <span class='ocrx_word' id='word_1_394' title='bbox 1101 4055 1229 4116; x_wconf 89' lang='lat' dir='ltr'><strong>lustinus</strong></span> <span class='ocrx_word' id='word_1_395' title='bbox 1251 4061 1359 4134; x_wconf 81' lang='lat' dir='ltr'><strong>martyr</strong></span> <span class='ocrx_word' id='word_1_396' title='bbox 1379 4071 1469 4116; x_wconf 90' lang='lat' dir='ltr'><strong>suam</strong></span> 
     </span>
     <span class='ocr_line' id='line_1_45' title="bbox 247 4135 1470 4218; baseline 0.003 -24"><span class='ocrx_word' id='word_1_397' title='bbox 247 4135 470 4208; x_wconf 87' lang='lat' dir='ltr'><strong>conversionem</strong></span> <span class='ocrx_word' id='word_1_398' title='bbox 492 4155 615 4199; x_wconf 90' lang='lat' dir='ltr'><strong>narrans</strong></span> <span class='ocrx_word' id='word_1_399' title='bbox 637 4137 672 4198; x_wconf 92' lang='lat' dir='ltr'><strong>ad</strong></span> <span class='ocrx_word' id='word_1_400' title='bbox 694 4137 806 4218; x_wconf 87' lang='lat' dir='ltr'><strong>Dialcgi</strong></span> <span class='ocrx_word' id='word_1_401' title='bbox 828 4156 894 4200; x_wconf 91' lang='lat' dir='ltr'><strong>cum</strong></span> <span class='ocrx_word' id='word_1_402' title='bbox 916 4137 1074 4216; x_wconf 76' lang='lat' dir='ltr'><strong>Tryphone</strong></span> <span class='ocrx_word' id='word_1_403' title='bbox 1094 4139 1221 4210; x_wconf 87' lang='lat' dir='ltr'><strong>initium,</strong></span> <span class='ocrx_word' id='word_1_404' title='bbox 1246 4140 1385 4202; x_wconf 89' lang='lat' dir='ltr'><strong>Tatianus</strong></span> <span class='ocrx_word' id='word_1_405' title='bbox 1407 4137 1470 4217; x_wconf 87' lang='lat' dir='ltr'><strong>Sy-</strong></span> 
     </span>
     <span class='ocr_line' id='line_1_46' title="bbox 246 4218 1471 4286; baseline 0.003 -6"><span class='ocrx_word' id='word_1_406' title='bbox 246 4237 300 4280; x_wconf 88' lang='lat' dir='ltr'><strong>rus</strong></span> <span class='ocrx_word' id='word_1_407' title='bbox 329 4218 360 4278; x_wconf 90' lang='lat' dir='ltr'><strong>in</strong></span> <span class='ocrx_word' id='word_1_408' title='bbox 388 4220 522 4282; x_wconf 89' lang='lat' dir='ltr'><strong>oratione</strong></span> <span class='ocrx_word' id='word_1_409' title='bbox 550 4230 651 4284; x_wconf 87' lang='lat' dir='ltr'><strong>contra</strong></span> <span class='ocrx_word' id='word_1_410' title='bbox 679 4222 805 4284; x_wconf 86' lang='lat' dir='ltr'><strong>Graecos</strong></span> <span class='ocrx_word' id='word_1_411' title='bbox 834 4223 908 4286; x_wconf 86' lang='lat' dir='ltr'><strong>ultra</strong></span> <span class='ocrx_word' id='word_1_412' title='bbox 935 4223 1063 4284; x_wconf 89' lang='lat' dir='ltr'><strong>medium</strong></span> <span class='ocrx_word' id='word_1_413' title='bbox 1093 4243 1177 4286; x_wconf 92' lang='lat' dir='ltr'><strong>suam</strong></span> <span class='ocrx_word' id='word_1_414' title='bbox 1203 4225 1305 4286; x_wconf 90' lang='lat' dir='ltr'><strong>itidem</strong></span> <span class='ocrx_word' id='word_1_415' title='bbox 1332 4225 1471 4286; x_wconf 86' lang='lat' dir='ltr'><strong>reterens</strong></span> 
     </span>
     <span class='ocr_line' id='line_1_47' title="bbox 247 4304 1471 4388; baseline 0.004 -23"><span class='ocrx_word' id='word_1_416' title='bbox 247 4304 482 4380; x_wconf 85' lang='lat' dir='ltr'><strong>conversionem,</strong></span> <span class='ocrx_word' id='word_1_417' title='bbox 505 4305 685 4385; x_wconf 91' lang='lat' dir='ltr'><strong>Theophilus</strong></span> <span class='ocrx_word' id='word_1_418' title='bbox 705 4307 904 4370; x_wconf 81' lang='lat' dir='ltr'><strong>bntioclrenus</strong></span> <span class='ocrx_word' id='word_1_419' title='bbox 926 4306 975 4368; x_wconf 90' lang='lat' dir='ltr'><strong>lib.</strong></span> <span class='ocrx_word' id='word_1_420' title='bbox 998 4307 1021 4368; x_wconf 96' lang='lat'><strong>1.</strong></span> <span class='ocrx_word' id='word_1_421' title='bbox 1044 4309 1079 4370; x_wconf 89' lang='lat' dir='ltr'><strong>ad</strong></span> <span class='ocrx_word' id='word_1_422' title='bbox 1101 4310 1281 4388; x_wconf 74' lang='lat' dir='ltr'><strong>Autolycum.</strong></span> <span class='ocrx_word' id='word_1_423' title='bbox 1310 4309 1377 4370; x_wconf 91' lang='lat' dir='ltr'><strong>Non</strong></span> <span class='ocrx_word' id='word_1_424' title='bbox 1399 4307 1471 4370; x_wconf 90' lang='lat' dir='ltr'><strong>aliis</strong></span> 
     </span>
     <span class='ocr_line' id='line_1_48' title="bbox 246 4389 1469 4473; baseline 0.002 -21"><span class='ocrx_word' id='word_1_425' title='bbox 246 4389 387 4452; x_wconf 85' lang='lat' dir='ltr'><strong>commoti</strong></span> <span class='ocrx_word' id='word_1_426' title='bbox 408 4397 477 4468; x_wconf 90' lang='lat' dir='ltr'><strong>post</strong></span> <span class='ocrx_word' id='word_1_427' title='bbox 491 4389 661 4452; x_wconf 90' lang='lat' dir='ltr'><strong>Tertulliani</strong></span> <span class='ocrx_word' id='word_1_428' title='bbox 683 4411 786 4455; x_wconf 88' lang='lat' dir='ltr'><strong>aevum</strong></span> <span class='ocrx_word' id='word_1_429' title='bbox 800 4392 962 4454; x_wconf 90' lang='lat' dir='ltr'><strong>rationibus</strong></span> <span class='ocrx_word' id='word_1_430' title='bbox 976 4402 1176 4456; x_wconf 90' lang='lat' dir='ltr'><strong>memorantur</strong></span> <span class='ocrx_word' id='word_1_431' title='bbox 1189 4395 1347 4473; x_wconf 87' lang='lat' dir='ltr'><strong>Gregorius</strong></span> <span class='ocrx_word' id='word_1_432' title='bbox 1362 4393 1469 4455; x_wconf 89' lang='lat' dir='ltr'><strong>Thau-</strong></span> 
     </span>
     <span class='ocr_line' id='line_1_49' title="bbox 248 4473 1468 4557; baseline 0.002 -22"><span class='ocrx_word' id='word_1_433' title='bbox 248 4481 400 4552; x_wconf 89' lang='lat' dir='ltr'><strong>maturgus</strong></span> <span class='ocrx_word' id='word_1_434' title='bbox 428 4493 444 4534; x_wconf 94' lang='lat' dir='ltr'><strong>a</strong></span> <span class='ocrx_word' id='word_1_435' title='bbox 474 4473 617 4552; x_wconf 91' lang='lat' dir='ltr'><strong>Gregorio</strong></span> <span class='ocrx_word' id='word_1_436' title='bbox 645 4477 794 4557; x_wconf 90' lang='lat' dir='ltr'><strong>Nysseno,</strong></span> <span class='ocrx_word' id='word_1_437' title='bbox 825 4477 1052 4540; x_wconf 89' lang='lat' dir='ltr'><strong>Commodianus</strong></span> <span class='ocrx_word' id='word_1_438' title='bbox 1075 4499 1092 4540; x_wconf 90' lang='lat' dir='ltr'><strong>a</strong></span> <span class='ocrx_word' id='word_1_439' title='bbox 1114 4479 1264 4540; x_wconf 90' lang='lat' dir='ltr'><strong>Gennadio</strong></span> <span class='ocrx_word' id='word_1_440' title='bbox 1287 4478 1468 4540; x_wconf 78' lang='lat' dir='ltr'><strong>Massiliensi</strong></span> 
     </span>
     <span class='ocr_line' id='line_1_50' title="bbox 248 4557 1469 4646; baseline 0.002 -25"><span class='ocrx_word' id='word_1_441' title='bbox 248 4578 311 4639; x_wconf 87' lang='lat' dir='ltr'><strong>cap.</strong></span> <span class='ocrx_word' id='word_1_442' title='bbox 338 4563 385 4623; x_wconf 85' lang='lat'><strong>15.</strong></span> <span class='ocrx_word' id='word_1_443' title='bbox 409 4559 445 4621; x_wconf 90' lang='lat' dir='ltr'><strong>dc</strong></span> <span class='ocrx_word' id='word_1_444' title='bbox 468 4557 545 4620; x_wconf 87' lang='lat' dir='ltr'><strong>Viris</strong></span> <span class='ocrx_word' id='word_1_445' title='bbox 567 4559 686 4637; x_wconf 68' lang='lat' dir='ltr'><strong>illustr„</strong></span> <span class='ocrx_word' id='word_1_446' title='bbox 710 4563 874 4624; x_wconf 80' lang='lat' dir='ltr'><strong>Victorinus</strong></span> <span class='ocrx_word' id='word_1_447' title='bbox 896 4561 1007 4624; x_wconf 74' lang='lat' dir='ltr'><strong>Rhetor-</strong></span> <span class='ocrx_word' id='word_1_448' title='bbox 1025 4563 1060 4624; x_wconf 91' lang='lat' dir='ltr'><strong>ab</strong></span> <span class='ocrx_word' id='word_1_449' title='bbox 1082 4563 1243 4644; x_wconf 81' lang='lat' dir='ltr'><strong>Augustino</strong></span> <span class='ocrx_word' id='word_1_450' title='bbox 1257 4564 1389 4646; x_wconf 86' lang='lat' dir='ltr'><strong>Conless.</strong></span> <span class='ocrx_word' id='word_1_451' title='bbox 1410 4561 1469 4624; x_wconf 92' lang='lat' dir='ltr'><strong>lib.</strong></span> 
     </span>
    </p>
   </div>
   <div class='ocr_carea' id='block_1_10' title="bbox 0 0 1589 5238">
    <p class='ocr_par' dir='ltr' id='par_1_12' title="bbox 0 0 1589 5238">
     <span class='ocr_line' id='line_1_51' title="bbox 0 0 1589 5238; baseline 0 0"><span class='ocrx_word' id='word_1_452' title='bbox 0 0 1589 5238; x_wconf 95' lang='lat' dir='ltr'><strong> </strong></span> 
     </span>
    </p>
   </div>
  </div>
 </body>
</html>
