3036 5230
288 293 353 355 714
506 307 698 352 blesensium
723 307 761 350 ns
783 307 987 350 Tssiiwffliliil
1010 305 1049 350 BT
1072 307 1138 349 stus
1162 305 1299 350 soumis

291 459 412 520 undam
435 457 524 519 ducit.
568 456 724 518 Praeterea
746 455 772 516 si
794 456 870 518 liber
890 457 938 518 ille
961 457 1090 536 scriptus
1113 463 1197 516 esset
1220 473 1240 515 a
1262 453 1444 515 lloutanistat

291 549 390 604 turum
419 541 511 602 luisse
537 541 691 620 probabile
719 549 766 601 est
795 549 828 602 ut
854 539 949 619 aliqua
971 541 1113 601 Paracleti
1140 540 1260 600 mentio
1282 539 1359 598 fieret
1374 541 1395 597 in
1409 541 1440 598 ln

293 627 361 688 iidei
383 643 497 688 summa
520 643 596 704 quae
615 633 695 686 extat
715 623 746 684 in
768 643 794 684 c.
819 628 887 697 tue
923 624 1170 703 quemadmodum
1194 625 1231 683 lit
1253 623 1286 684 iu
1307 622 1387 700 prino
1401 646 1426 700 sq

291 709 358 772 libri
380 712 417 772 dc
439 709 605 788 Virginibus
626 709 773 772 Velandis.
823 708 884 769 Nee
904 708 1003 770 minus
1031 708 1184 769 conclusio
1208 707 1282 767 libri
1303 708 1369 766 banc
1384 723 1440 766 uus

293 795 363 857 dnm
379 795 503 864 firmati,
527 811 594 854 eum
610 792 748 856 omnibus
771 791 1030 854 dissertationibus
1051 793 1198 852 adversus
1223 791 1381 870 singulares
1395 793 1442 850 bur

293 899 343 942 ses
364 879 496 958 priorem
524 896 607 939 esse:
630 877 705 938 libro
727 877 846 956 quidem
870 875 1023 938 dederas
1046 875 1175 937 consur
1199 877 1337 956 priorem
1350 893 1440 934 mum

293 971 420 1026 constat.
1319 999 1332 1018 .

379 1047 453 1107 ltem
475 1047 558 1124 prior
579 1045 635 1106 luit
655 1044 731 1106 libro
755 1046 896 1105 adversus
912 1043 1138 1122 Hermogenem,
1161 1045 1253 1104 cuius
1268 1045 1302 1103 in
1316 1043 1439 1121 rapiupu

293 1139 370 1193 tecte
383 1130 589 1209 significatur&
617 1129 740 1190 dllixius
756 1129 967 1190 Tertullianum
983 1129 1191 1189 Monunistarn
1208 1129 1312 1208 luisse
1324 1135 1447 1206 putate.

294 1217 435 1278 adversus
451 1214 667 1292 Hermogenem
690 1213 842 1284 scriberet,
865 1219 1022 1293 propterea
1044 1213 1122 1290 quod
1145 1212 1233 1272 illum
1257 1213 1444 1272 baeretieunu

292 1301 361 1382 pins
376 1299 413 1359 de
428 1298 614 1359 matrimonio
630 1297 806 1375 vituperat·;
828 1297 930 1358 dubito
952 1307 1051 1359 umen
1072 1315 1109 1356 au
1131 1296 1225 1357 rerba
1249 1306 1313 1358 tam
1327 1295 1435 1354 disertae

293 1393 327 1446 ut
348 1384 424 1458 bane
445 1382 666 1443 conclusionem
688 1381 851 1442 admittant.

377 1467 598 1546 Apologeticntn
621 1466 738 1544 quando
760 1465 902 1544 scriptum
924 1464 973 1535 sit,
1003 1481 1107 1541 magna
1129 1471 1176 1524 est
1199 1463 1286 1524 inter
1307 1473 1447 1524 commuue

294 1571 344 1614 res
367 1551 551 1630 opinionum,
563 1548 724 1610 dissensio.
755 1549 828 1609 Hoc*
840 1548 958 1628 quidem
980 1547 1101 1608 Allixins
1124 1548 1198 1608 mibi
1215 1549 1296 1610 satis
1311 1545 1447 1625 compule-¹

294 1637 424 1706 ridetur,
454 1653 521 1696 eum
543 1633 650 1694 librum
672 1651 732 1693 non
754 1633 884 1704 Romae,
913 1632 967 1694 sed
990 1631 1366 1712 Cartbagine'scriptumb
1390 1649 1447 1688 rus.

294 1728 439 1792 senatum,
464 1719 516 1779 sed
539 1717 574 1778 ad
596 1718 786 1796 magistratus
809 1717 922 1778 dirime
943 1715 1164 1795 proconsularis
1187 1717 1321 1777 missum
1342 1727 1412 1776 esse·¹
1426 1713 1447 1766 [Ψ

292 1804 363 1866 illud
386 1802 499 1864 minore
520 1820 660 1862 successu
681 1802 939 1862 demonstraturus
961 1809 1038 1870 erat,
1072 1817 1139 1861 eum
1167 1801 1320 1880 scripturn
1346 1817 1398 1860 esse
1416 1815 1438 1853 e=

294 1889 412 1950 demum
435 1885 567 1948 sexui.
612 1886 684 1946 Nam
708 1885 843 1964 equidem
866 1879 897 1946 iri
921 1903 957 1945 eo
978 1885 1082 1956 loco¹‚
1112 1883 1162 1944 ubi
1185 1883 1385 1945 Tertullianus
1401 1883 1447 1940 tn

296 1991 363 2053 prm
385 1971 541 2050 Papiarum
563 1969 775 2032 reformatione
796 1967 883 2030 rerba
912 1969 996 2038 lacit,
1029 1967 1100 2029 nihil
1129 1969 1271 2040 invenio,
1307 1987 1355 2030 nir
1372 1967 1439 2026 sere

293 2067 364 2118 tunc
379 2064 527 2117 mortuum
543 2055 633 2117 brisso
648 2063 801 2133 putemus3
824 2054 914 2114 immo
936 2053 1037 2131 potius
1058 2053 1244 2114 contrarium
1269 2053 1338 2112 inde
1358 2053 1437 2110 edem·

237 2215 242 2226 ¹
293 2139 331 2200 Et
352 2138 525 2220 significatio
547 2139 794 2209 coniurationum,
817 2155 892 2216 quac
914 2136 1046 2215 quotidie
1067 2136 1287 2214 detegebantur
1307 2155 1342 2197 eo
1356 2135 1442 2214 iper»

294 2241 368 2302 pore
390 2241 448 2300 quo
470 2222 544 2280 liber
571 2221 844 2300 perscribebatur,
874 2229 904 2281 et
925 2221 1108 2282 enumeratio
1136 2221 1299 2282 nationum
1320 2220 1443 2279 barbanu,

294 2325 368 2385 quae
397 2305 458 2366 sive
486 2313 557 2365 tunc
584 2306 731 2366 bellabant
758 2306 820 2366 sive
848 2304 936 2383 paulo
958 2313 1026 2366 ante
1048 2304 1230 2365 bellaverunt
1260 2324 1328 2366 enm
1349 2305 1435 2364 lone·

256 2467 259 2476 .
294 2390 407 2452 eventis
429 2389 612 2466 respondent
632 2409 706 2468 quac
728 2389 840 2460 Severo
862 2396 1003 2466 regnante
1025 2389 1210 2460 acciderunt;
1236 2387 1445 2468 cumquelibe

294 2483 378 2536 terna
410 2473 579 2534 testimonia
601 2474 769 2546 contineat,
803 2473 985 2534 Christianos
1014 2481 1083 2533 tirno
1104 2475 1358 2550 persecutionem
1373 2470 1438 2530 sulii<-

294 2559 396 2638 quidni
419 2557 547 2636 scriptus
570 2557 610 2619 sit
631 2557 718 2637 paulo
739 2565 812 2637 post
830 2557 1045 2637 promulgatam
1072 2556 1202 2634 legem·,
1228 2577 1308 2636 quae
1335 2555 1447 2617 curum

294 2763 363 2812 lateat
387 2763 412 2810 in
436 2777 482 2824 qua
503 2761 640 2826 principalis
657 2763 761 2825 quaestio
780 2762 877 2811 dimica·
929 2758 1049 2822 appellat3
1068 2759 1129 2807 seirat
1146 2761 1254 2810 unitatis
1273 2759 1447 2822 extorqueatur*

293 2835 346 2878 turn
364 2835 405 2878 est.
425 2844 444 2876 c.
465 2827 487 2877 l.
929 2828 992 2876 sides
1010 2842 1030 2875 c.
1048 2825 1072 2875 2.
1103 2827 1139 2874 lia
1159 2829 1232 2890 ipsis·
1247 2831 1318 2878 etiam
1334 2827 1447 2874 mltis-'1⁴

326 2909 352 2958 p.
376 2897 403 2945 C.
422 2895 462 2944 t5.
487 2895 533 2944 Sed
556 2909 616 2944 nurse
633 2895 726 2958 quidem
742 2896 880 2957 gamaliten
928 2897 973 2944 nris
990 2901 1012 2942 et
1030 2895 1181 2944 emanantis
1198 2896 1225 2942 irs
1245 2911 1290 2946 nos
1300 2893 1447 2959 praesideri*

284 2970 370 3014 vacturus
393 2970 425 3012 ert
449 2979 464 3012 a
487 2963 554 3012 nobis
577 2963 688 3012 adsersus
706 2963 811 3012 baereses
829 2979 878 3014 ons·
930 2961 978 3012 ilos
995 2963 1064 3024 agite,
1075 2963 1137 3012 'boni
1153 2965 1279 3024 praesides
1294 2980 1314 3012 a.
1331 2961 1367 3012 50·
1381 2955 1414 3006 02
1432 2963 1447 2994 b*

293 3046 334 3080 nes
360 3033 428 3080 certis
456 3035 476 3078 et
503 3030 571 3077 iustis
597 3035 617 3078 et
646 3031 784 3078 accessoriis
809 3045 878 3092 prae·
931 3029 1004 3078 utitur
1028 3029 1146 3077 dictione:
1170 3029 1218 3078 lios
1246 3033 1364 3094 imperium
1382 3038 1447 3072 aarum

294 3099 458 3160 eruptionibus
495 3097 640 3160 repellendus
676 3113 690 3144 a
721 3097 879 3146 consolatione
930 3098 998 3144 nistri
1023 3098 1094 3155 estis,·
1118 3103 1140 3142 et
1159 3110 1171 3143 e
1191 3095 1249 3146 loco
1270 3113 1291 3146 c.
1309 3097 1346 3145 lb.
1372 3095 1417 3141 iesu
1446 3099 1447 3124 l

294 3165 470 3227 Scripturnrum.
508 3165 539 3212 lie
561 3165 665 3228 reliquo,
692 3164 713 3211 si
736 3164 779 3212 liei
802 3165 878 3226 qratia
928 3163 1087 3212 Peaeoasuiarn
1111 3164 1222 3222 timenter,
1256 3164 1320 3212 band
1338 3157 1447 3222 terpus-³

295 3233 410 3290 annunit
436 3232 504 3280 etiam
519 3233 650 3296 specialiter
674 3232 821 3293 quibasasodi
840 3245 878 3280 re·
929 3237 1017 3292 potest,
1037 3243 1091 3278 earn
1109 3229 1241 3292 scripsisse
1262 3234 1287 3280 in
1305 3227 1447 3294 prouocati*

240 3315 249 3336 ι
295 3298 465 3360 spondebimus.
753 3334 756 3342 s
930 3297 1028 3346 consule
1047 3297 1219 3346 administrata.

329 3377 352 3424 q.
377 3362 436 3410 (1.2.
462 3365 506 3412 Sed
522 3365 614 3426 plenius
633 3365 746 3414 eiunnodi
761 3367 878 3428 praesori-
962 3378 984 3412 x.
1002 3363 1082 3414 Nonne
1098 3365 1237 3414 vanissimas
1257 3367 1339 3428 lbpias
1355 3364 1410 3422 lepte
1426 3365 1447 3388 ‘³

290 3430 411 3494 ptionibus
443 3431 552 3478 aduersus
583 3447 660 3481 omnes
691 3433 797 3480 haereses
821 3431 878 3482 olibi
930 3437 981 3480 ante
1009 3431 1094 3480 liberos
1120 3433 1207 3494 suscipi
1234 3439 1322 3494 cogunt
1349 3423 1431 3492 quani

293 3499 341 3546 ianr
357 3498 395 3545 usi
413 3513 499 3546 sumus.
928 3499 1098 3547 matrimonium
1116 3501 1228 3558 contrabi,
1246 3505 1304 3562 post
1321 3504 1386 3546 tentae
1398 3507 1422 3538 αι’

327 3579 348 3613 r.
378 3565 404 3613 C.
425 3564 446 3612 l.
471 3565 576 3614 Salamas
604 3565 725 3614 baselicis
751 3566 879 3628 conpendii
929 3568 983 3615 totis
1008 3571 1143 3614 senectutem
1166 3568 1215 3614 beri
1239 3567 1339 3616 Seuerus
1354 3567 1447 3612 mnus*

294 3634 370 3694 patio
388 3634 416 3682 de
432 3634 566 3696 posteritsb
583 3633 745 3695 praescribere.
928 3647 979 3682 naus
995 3633 1125 3696 principum
1143 3633 1264 3682 exclusit?
1283 3649 1304 3682 c.
1321 3633 1343 3682 l.

327 3713 346 3746 s.
372 3698 397 3746 C.
420 3699 440 3748 l.
464 3699 583 3748 Praetereo
604 3701 678 3761 pinpit
696 3699 785 3757 illicite,
813 3701 878 3749 nubit
963 3714 983 3761 y.
1005 3699 1067 3747 Unde
1076 3699 1150 3747 Cassii
1159 3707 1180 3748 et
1190 3699 1258 3761 Niqri
1272 3709 1293 3750 et
1302 3697 1385 3750 libini?
1398 3691 1424 3738 la·

293 3767 395 3814 assidue.
432 3767 511 3828 lepem
528 3765 570 3812 Dei
587 3767 612 3813 irs
630 3766 749 3814 libidinem
767 3767 878 3828 defendit.
930 3767 976 3815 Sed
999 3773 1019 3814 et
1037 3767 1077 3829 qui
1094 3781 1154 3815 nana
1173 3767 1324 3817 scelestarum
1338 3763 1433 3829 pausas

326 3839 344 3880 t.
362 3831 396 3880 lle
414 3833 488 3887 Roma
507 3831 590 3880 dicens
601 3831 764 3880 Tertullianus
774 3833 807 3880 sit
817 3831 877 3881 o.9.:
930 3839 970 3882 aut
986 3832 1107 3895 plausores
1125 3825 1230 3896 qoutidie
1246 3836 1376 3884 reverante.
1389 3836 1420 3888 pl

292 3899 351 3948 Eece
373 3902 399 3948 in
422 3901 463 3948 iiia
492 3899 692 3961 reiiqisiorissime
713 3901 769 3948 urbe
791 3900 878 3950 ienen-
930 3901 1028 3949 drauum
1053 3901 1224 3962 parricidarum
1253 3901 1370 3951 remita
1388 3903 1429 3950 „pe

292 3968 363 4026 duna,
386 3973 409 4016 et
428 3983 447 4015 a.
467 3965 506 4014 il.
526 3966 571 4014 snb
590 3967 605 4013 i.
626 3963 656 4013 ita
676 3966 797 4014 Romanos
815 3966 877 4014 allo·
930 3975 975 4015 sto.
994 3981 1013 4015 c.
1032 3965 1073 4014 35.
1109 3965 1153 4014 llic
1178 3967 1246 4015 locus
1273 3967 1354 4017 reterri
1370 3961 1428 4010 ebir

293 4033 389 4096 quitur:
426 4034 453 4082 ur
474 4035 505 4082 od
527 4047 567 4082 ror
592 4047 695 4098 qaoque,
722 4034 877 4082 destinatores
930 4033 1010 4082 Severi
1035 4033 1182 4096 triumphum
1207 4041 1266 4096 post
1290 4034 1381 4084 reditun
1398 4023 1431 4098 ‘i‘

292 4102 406 4161 peruium,
435 4102 553 4164 aspiciann
589 4099 665 4148 Porro
689 4114 710 4147 c.
729 4097 786 4148 db:
813 4099 877 4162 bros
927 4100 1053 4158 Parthico,
1080 4107 1104 4148 et
1127 4100 1156 4148 ad
1180 4100 1300 4150 Plautiani
1324 4097 1444 4149 uniames

293 4166 411 4226 Quirites
427 4169 501 4232 ipsun
518 4167 664 4217 ammonicus
681 4172 766 4230 septem
783 4167 878 4216 callium
927 4181 988 4231 qnae
1007 4167 1068 4215 lactu
1087 4174 1124 4215 est
1141 4167 1236 4216 circiter
1253 4183 1277 4216 a.
1297 4165 1364 4217 cdli.

289 4229 379 4294 plebem
396 4237 520 4285 coneraia:
544 4249 590 4298 qne
608 4233 705 4297 quidem
724 4233 817 4286 dicendi
836 4247 877 4282 ra·
960 4249 981 4282 a.
999 4249 1019 4283 a.
1039 4233 1080 4282 et.
1097 4235 1175 4282 Plures
1192 4235 1304 4284 nimirum
1320 4233 1382 4284 taut
1395 4220 1442 4273 ΗΓ

291 4297 358 4372 tione
381 4299 416 4346 uir
439 4315 497 4350 usus
522 4309 601 4361 esset,
629 4300 649 4349 si
674 4298 762 4349 libram
787 4300 876 4349 liumus
926 4303 1032 4351 conmuni
1049 4303 1140 4364 ipsique
1157 4301 1241 4350 Periit
1413 4355 1415 4361 ¹

292 4363 440 4426 scripsisset.
960 4382 981 4416 a.
1000 4367 1069 4425 Quod
1084 4367 1136 4429 Syri
1148 4368 1337 4416 Pslsestinenscs
1353 4360 1442 4418 ,pignus

326 4441 349 4477 u.
374 4429 421 4479 Eos
440 4433 503 4488 viros
520 4434 665 4494 significans,
683 4433 713 4482 sd
732 4448 793 4497 quos
812 4434 876 4498 ipo·
925 4434 990 4483 tibus
1008 4434 1111 4491 stabant,
1129 4433 1243 4483 Severum
1260 4435 1395 4482 veliementer
1407 4427 1437 4466 ar*

290 4495 420 4557 lagerieum
438 4500 539 4550 missam
558 4509 603 4560 est,
621 4503 731 4550 universe
750 4501 875 4550 Praesides
927 4501 957 4550 rit
974 4501 1114 4564 videturque
1133 4501 1204 4551 baius
1222 4501 1284 4562 legis
1302 4493 1445 4550 oeersioaeat
