3078 5248
204 450 210 462 ,
314 400 376 466 508
419 415 596 467 ursoorsrrro
619 415 657 458 nn
678 415 885 478 remansura
908 413 993 462 carr.
1015 413 1211 460 moaoosrrcr
1233 415 1407 463 rnnronunrr

316 587 346 630 n.
369 569 398 632 3.
420 585 448 646 p.
474 569 567 641 toan.
610 565 742 628 Aetatem
769 565 836 628 libri
863 565 972 628 idcirco
1000 573 1080 628 reete
1108 574 1211 627 notare
1231 583 1290 626 non
1310 566 1402 644 potuit,
1425 585 1475 644 qua-

316 653 393 714 ninm
409 671 434 712 a.
451 649 596 714 CXCVIII.
621 651 762 712 Severum
785 651 923 714 reducem
945 653 1051 716 Iactum
1074 650 1164 714 luisse
1179 650 1299 713 Romam
1314 669 1346 712 ae
1358 650 1475 714 aulul

314 737 430 800 Partbis
453 737 538 815 signa
559 737 677 798 demum
699 735 777 798 illata
799 753 867 796 esse
888 733 998 798 statuit.
1043 733 1246 801 Tillemontius
1268 753 1344 808 aero,
1365 735 1432 796 cuius
1447 735 1476 796 in-

315 821 459 906 dustriam
479 821 653 900 stupendam
676 820 783 900 alioqui
806 838 875 882 esse
897 821 1000 893 Iateor,
1023 819 1059 882 de
1074 819 1155 899 Nigri
1177 838 1243 882 eum
1259 819 1432 882 sectatoribus
1442 819 1476 880 iu·

315 906 436 986 provide
465 905 615 977 intellexit,
644 921 718 984 qnos
746 923 836 984 quum
857 905 974 968 Parthis
1002 904 1060 968 iam
1083 904 1209 968 Severus
1231 903 1396 974 immineret,
1420 905 1475 966 Plu·

316 991 394 1052 tiano
422 1007 556 1062 suasore,
584 1005 651 1050 eum
679 999 866 1069 persecutum
889 1009 967 1062 esse,
998 988 1170 1070 Spartianus
1196 988 1272 1064 (Vita
1294 989 1385 1050 Severi
1405 1007 1425 1049 c
1442 989 1476 1050 lt.

316 1095 346 1155 p.
371 1077 454 1150 181.)
483 1074 591 1152 prodit.
634 1075 791 1154 Propterea
820 1093 846 1134 n.
870 1073 925 1134 CC.
956 1083 1006 1134 aut
1032 1073 1100 1136 CCI.
1129 1074 1346 1154 Apologetirum
1372 1084 1476 1134 exaratur

316 1163 384 1222 esse
407 1159 532 1221 votuit-¹.
578 1158 760 1237 Quamquam
788 1177 826 1220 ne
847 1158 877 1218 id
899 1157 1017 1238 quidam
1050 1158 1191 1236 intelligo,
1220 1177 1273 1220 cnr
1305 1159 1374 1220 banc
1399 1157 1475 1234 Nigrin-

315 1263 421 1306 norum
454 1253 592 1323 stragem,
623 1262 710 1320 quarn
731 1244 904 1322 Spartianus
937 1243 1014 1306 inter
1042 1241 1110 1306 belli
1133 1242 1259 1308 Parthici
1285 1243 1364 1306 initia
1388 1241 1476 1305 colunt

315 1337 386 1409 post
405 1329 500 1408 ipsam
523 1327 719 1390 difficillinrnm
741 1328 823 1392 urbis
838 1327 925 1390 Atrne
947 1327 1132 1390 obsidionem
1154 1326 1307 1400 nondinae,
1328 1328 1369 1388 vir
1388 1327 1476 1388 eruditu

317 1422 444 1476 censent.
487 1413 549 1474 Nos
581 1412 735 1490 diligenter
758 1429 881 1474 ercusso
905 1412 1077 1476 'Iertrdliani
1098 1412 1164 1474 loeo
1187 1412 1299 1476 facilem
1321 1412 1425 1490 negotio
1442 1411 1476 1470 ni·

316 1509 378 1562 tum
401 1498 592 1560 iurenIemus.
621 1496 786 1558 Parricidae
808 1497 926 1576 quinam
949 1497 1061 1560 sintin
1083 1517 1130 1571 eo,
1146 1507 1278 1575 apertum
1295 1507 1352 1560 est:
1373 1497 1390 1556 ii
1404 1513 1475 1572 nenpe

316 1583 366 1662 qni
387 1583 490 1644 Albino
513 1582 668 1662 Imperium
690 1581 836 1644 affectanti
864 1590 913 1644 aut
935 1601 992 1661 ope
1013 1591 1063 1644 aut
1083 1582 1208 1646 consilio
1230 1583 1378 1644 alluerant
1415 1579 1476 1640 tito

316 1668 485 1730 iamdudum
518 1668 563 1728 sic
592 1675 727 1730 senserat
759 1667 894 1746 (Philipp.
917 1667 953 1728 II.
983 1687 1007 1728 n
1033 1667 1081 1730 13.
1103 1683 1133 1745 p.
1156 1669 1228 1732 446.
1252 1667 1287 1728 Τ.
1309 1666 1345 1726 II.
1373 1665 1475 1744 oppd

158 1795 162 1802 .
236 1797 240 1806 ,
318 1752 446 1829 Gruteri)
471 1751 543 1832 plor
571 1757 660 1814 etiarn
687 1771 777 1832 quom
794 1753 968 1832 parricidas
990 1751 1136 1814 eiusmodi
1159 1769 1228 1812 esse
1252 1751 1395 1814 homines:
1423 1753 1475 1828 ripa

319 1839 391 1906 dem,
425 1845 459 1898 ut
489 1835 578 1907 addit,
612 1839 746 1898 otron'os
774 1849 819 1901 est
843 1840 964 1915 patriae
989 1847 1147 1916 parentem
1168 1855 1256 1916 qooor
1278 1854 1363 1898 snum
1383 1835 1476 1896 erutor

317 1923 353 1982 At
385 1921 491 1982 borum
519 1919 606 1998 longe
633 1919 750 1998 plurimi
778 1920 827 1998 qui
855 1927 905 1982 not
921 1931 1001 1982 'vera
1028 1921 1160 1984 crIminis
1182 1919 1269 1984 istIus
1292 1921 1335 1982 rei
1351 1927 1434 1987 erant,
1454 1927 1475 1974 aa

317 2005 392 2068 laiso
414 2004 605 2077 habebantur,
634 2013 692 2066 tam
715 2003 743 2064 iu
768 2003 867 2078 Gallia,
896 2023 983 2084 quam
1005 2005 1114 2068 Itomae
1137 2005 1243 2068 deinde
1265 2005 1403 2084 supplicio
1422 2003 1475 2063 atr

185 2141 189 2158 ,
318 2099 411 2162 erant,
434 2099 551 2169 praeter
572 2107 624 2152 eos
646 2088 696 2167 qui
718 2096 818 2167 aperte
841 2107 920 2152 arma
942 2089 1076 2152 tulerant.
1105 2089 1292 2152 Herodianus
1315 2099 1344 2158 et
1357 2087 1475 2168 spartian

318 2175 366 2238 laic
386 2183 515 2254 possunt
535 2171 658 2236 consuli.
690 2173 783 2251 Atque
805 2173 862 2234 boo
883 2182 939 2246 est,
962 2175 1040 2252 quod
1063 2176 1241 2238 vindemiam
1256 2174 1436 2236 Tertullianus
1451 2189 1470 2226 u

319 2267 374 2320 cat
418 2259 587 2320 &amotio
609 2257 759 2336 quaedam,
782 2266 815 2318 ut
835 2258 952 2336 quidem
973 2257 1136 2338 imperator
1157 2259 1288 2338 putabat,
1311 2260 1399 2322 adbuc
1414 2273 1474 2334 supe*

320 2352 391 2404 erat.
437 2342 577 2421 Suspicor
605 2341 716 2404 scilicet
742 2350 771 2402 et
799 2341 885 2403 simul
907 2344 1017 2422 argenti
1040 2343 1164 2423 cupidus
1185 2344 1336 2423 priuceps,
1363 2361 1436 2422 quum
1451 2341 1475 2396 iu

205 2421 208 2438 '
320 2427 417 2490 omnin
447 2426 643 2506 tranquillitati
672 2425 807 2488 restituta
840 2437 951 2499 essent,
980 2428 1170 2492 nibilominus
1200 2429 1349 2506 quosdam
1375 2425 1476 2488 aialdu

319 2513 406 2574 veluti
429 2511 627 2590 protrahebat,
650 2529 726 2590 quos
749 2510 872 2574 insidias
896 2511 952 2572 sibi
974 2512 1081 2574 lesisse
1102 2513 1198 2576 aiebat
1218 2532 1252 2575 ac
1272 2513 1312 2576 ad
1326 2523 1433 2575 mortem
1444 2507 1476 2568 ida

320 2597 384 2677 rapi
404 2595 531 2660 iubebat.
574 2597 635 2658 Ista
658 2596 772 2674 vigente
795 2601 1002 2669 rocernotr'one,
1025 2607 1058 2660 ιιι
1079 2597 1218 2676 quuitur,
1234 2597 1421 2660 Tertullianus
1437 2591 1476 2680 sal

319 2681 415 2742 bebnt.
460 2681 541 2742 Scire
562 2680 669 2759 itaque,
692 2699 750 2759 quo
772 2689 904 2759 tempore
925 2681 1063 2760 reIIquias
1086 2683 1299 2745 seditiosorum
1318 2681 1478 2758 investigant

319 2767 473 2850 Semnus,-
488 2774 534 2825 est
561 2765 658 2845 ipsum
679 2765 860 2844 apologetici
887 2783 995 2828 annum
1023 2767 1109 2830 solra.
1153 2767 1220 2846 Ipse
1242 2785 1314 2830 vero
1337 2767 1401 2829 illud
1416 2761 1479 2826 indidi

320 2859 389 2930 post
409 2849 553 2914 solemnia
573 2850 714 2929 quaedam
730 2850 840 2912 Romae
862 2851 936 2912 lacta
956 2851 1102 2924 evenisse,
1125 2852 1155 2914 in
1176 2851 1284 2931 quibus
1307 2853 1356 2914 isti
1372 2853 1476 2930 impuno·

319 2937 362 3000 ris
389 2935 499 3000 inimici
527 2953 663 3014 magnum
691 2935 766 2998 lalso
789 2935 926 3013 gaudium
947 2955 1018 3015 prae
1040 2955 1073 2998 se
1094 2935 1222 2998 tullerint.
1267 2937 1409 3010 Quantum
1423 2933 1478 2992 intrr-

320 3022 446 3083 cesserit
466 3020 649 3082 intervallum
670 3039 734 3090 non
753 3019 842 3080 addit
885 3020 970 3082 Patet
991 3029 1097 3094 tnmen,
1119 3021 1197 3084 baud
1218 3021 1260 3084 ita
1282 3041 1412 3100 magnum
1428 3011 1478 3076 tort·

319 3105 370 3184 ligi
399 3104 517 3168 debere.
561 3105 615 3166 Est
643 3113 674 3166 et
694 3105 769 3168 alius
791 3105 822 3166 io
844 3105 900 3166 allo
923 3105 986 3168 eius
1008 3105 1083 3168 libro
1106 3105 1199 3178 Iocus,
1228 3106 1289 3185 qui,
1319 3107 1394 3186 quod
1412 3101 1437 3164 ad
1451 3099 1479 3156 bl(

320 3196 510 3260 momentum,
533 3190 603 3252 binc
623 3190 706 3268 quasi
728 3188 851 3268 explicat
872 3189 948 3260 (bib.
971 3190 1007 3250 ad
1030 3190 1182 3270 Scapulam
1204 3210 1230 3252 o
1245 3195 1271 3254 t.
1296 3211 1326 3272 p.
1340 3194 1405 3256 552.
1418 3189 1480 3262 appr:

248 3348 251 3357 Ι
321 3273 490 3354 Nunquam,
513 3274 562 3346 nit,
585 3273 738 3336 Albiniani
757 3283 811 3336 eat
826 3273 968 3354 thrr'onr'
986 3275 1035 3336 oel
1062 3275 1200 3338 Gnatam
1221 3279 1357 3338 r'nnem'rr'
1366 3279 1490 3363 paratusq

324 3358 503 3420 Christiani:
528 3360 578 3420 aed
598 3359 685 3422 tidem
706 3362 774 3438 apat,
802 3363 854 3440 qni
870 3377 927 3438 per
947 3363 1049 3440 pentae
1071 3364 1229 3423 eorumne
1247 3362 1349 3441 pridie
1370 3373 1445 3438 aspra
1458 3355 1489 3420 itu

322 3454 478 3512 reuerent,
501 3447 554 3523 qan'
569 3461 630 3522 pro
653 3441 751 3504 salute
772 3461 876 3504 eornm
898 3443 1011 3506 beatior
1033 3453 1062 3506 et
1084 3457 1232 3508 nouerant
1252 3455 1280 3507 et
1302 3447 1435 3526 fecerant.
1463 3433 1480 3492 Il

323 3526 424 3588 eadam
445 3543 478 3586 re
499 3526 628 3604 quuitur
649 3525 693 3586 vir
715 3527 895 3604 ingeniosus,
918 3528 954 3590 de
976 3547 1031 3607 qun
1053 3529 1084 3592 in
1107 3528 1228 3602 nostris,
1251 3547 1326 3608 quae
1348 3523 1489 3608 exponinn

261 3684 267 3695 ⁸
322 3611 428 3674 Vocem
455 3610 553 3690 itaque
572 3612 680 3692 pridie,
708 3627 782 3690 qnae
803 3612 892 3674 breve
912 3613 1033 3676 denotat
1052 3621 1181 3694 tempus,
1209 3614 1245 3674 ad
1267 3625 1418 3693 utromque
1435 3605 1489 3682 tob]

321 3695 390 3776 quid
417 3694 578 3777 probibet?
621 3695 771 3768 Quaenam
799 3715 869 3758 vero
892 3707 975 3760 erant
1002 3697 1073 3760 baec
1101 3698 1204 3777 gaudia
1231 3699 1363 3778 publica,
1389 3695 1419 3758 ad
1443 3705 1481 3782 ott

321 3779 465 3862 reepIcit?
507 3780 604 3842 Fallor
625 3787 674 3842 aut
695 3781 920 3862 quinquennalia
941 3781 1045 3855 innuit.
1088 3781 1211 3846 Romam
1233 3783 1350 3862 quidem
1371 3797 1447 3861 quun
1462 3789 1482 3830 n

321 3867 493 3945 graderetur
515 3865 644 3926 Severus
665 3874 735 3945 post
761 3867 945 3928 Interfectum
965 3867 1112 3941 Albinum,
1140 3867 1253 3946 gaudiis
1276 3867 1373 3930 omnia
1393 3873 1419 3926 et
1435 3859 1481 3949 pbl-

320 3952 404 4014 sibus
431 3951 630 4031 personabant
658 3951 853 4024 (Herodianus
875 3952 986 4014 IIistor.
1014 3951 1080 4014 Lib.
1101 3952 1152 4014 III.
1180 3971 1205 4014 c.
1229 3955 1259 4018 8.
1280 3973 1310 4032 p.
1335 3954 1423 4026 145.).
1455 3942 1481 4002 Il

321 4036 409 4098 nobis
438 4035 467 4098 id
490 4036 620 4108 obesset,
650 4034 674 4096 si
696 4035 763 4115 quis
785 4055 849 4098 eam
871 4036 920 4098 bic
940 4034 1078 4100 laetitiam
1100 4036 1243 4115 publicam
1266 4035 1385 4100 indicari
1405 4033 1488 4106 dicerni

320 4121 422 4199 Longe
444 4129 541 4182 tamen
561 4118 742 4200 probabilius
763 4121 890 4184 arbitror
918 4113 958 4183 de'
976 4117 1239 4200 qdoqumnalibus
1263 4137 1423 4186 sermonem
1442 4125 1483 4172 en

321 4222 387 4264 cunr
422 4205 492 4266 alies
526 4205 564 4266 ob
596 4224 709 4278 causas,
744 4215 803 4266 tum
832 4207 911 4285 quod
938 4215 1087 4286 votarpro
1117 4207 1210 4268 salute
1231 4207 1352 4286 Augusti
1380 4213 1432 4264 turu
1450 4211 1483 4254 etr

322 4288 395 4349 lacta
428 4290 606 4352 subindicat:
641 4292 691 4354 sed
712 4301 746 4352 nt
768 4302 837 4354 voto
857 4295 986 4372 propria
1008 4295 1066 4352 r'om
1088 4291 1236 4354 edicerent
1258 4297 1288 4354 r'n
1309 4281 1485 4352 alienorde*

321 4375 416 4434 nitate
448 4381 477 4433 at
509 4375 627 4453 reliqua.
671 4375 781 4454 Ecquid
803 4393 873 4436 vero
903 4375 1018 4447 notius,
1051 4375 1126 4437 ludis
1157 4375 1416 4455 qulnquennalibus
1443 4367 1484 4426 bnt

356 4509 379 4558 d.
414 4509 473 4558 llist.
497 4510 538 4558 dea
563 4511 630 4574 Ilrnp.
660 4521 676 4560 ι.
697 4482 735 4562 III.
762 4528 784 4575 p.
803 4511 843 4562 nt.
872 4513 901 4562 ad
954 4512 1095 4562 recbercbea
1113 4513 1155 4562 dos
1173 4509 1485 4576 ponisunadelliqeretron·

322 4590 344 4627 a.
363 4577 408 4626 CC.
444 4576 494 4626 IIne
519 4577 561 4626 des
586 4581 739 4641 occupations
763 4580 792 4628 de
815 4582 902 4628 Stvdre
954 4593 991 4630 me
1010 4579 1140 4632 rerrutttao
1164 4581 1196 4630 dit
1220 4597 1262 4632 sur
1285 4579 1342 4640 cela,
1369 4577 1396 4627 da
1412 4567 1485 4636 griptis

258 4655 264 4674 ¹
322 4644 381 4696 dans
406 4645 501 4696 I'arient
524 4645 614 4696 tarn
639 4647 698 4696 Inira
722 4647 752 4696 de
780 4647 901 4698 nouvelles
954 4649 1027 4711 apres
1043 4647 1065 4700 In
1083 4649 1210 4711 reddense.
