3114 5240
481 367 616 414 aaaron:
635 371 697 462 pac.
718 372 757 416 m
778 313 907 418 nonnus.
1057 311 1059 314 v
1243 364 1307 430 llb

101 519 209 598 ipsemet
227 517 312 590 liber,
340 526 421 580 totus
443 526 571 597 quautam
594 526 650 592 est,
682 515 778 598 palam
799 521 977 586 attestatur?
1019 523 1094 588 Nam
1114 523 1193 586 idem
1213 525 1245 588 in
1266 546 1304 590 ec
1429 523 1433 538 '
1537 489 1538 580 i

99 611 174 680 atque
194 599 223 662 iu
243 601 436 680 Apulogeticc
458 610 488 664 et
508 603 552 664 dd
573 602 715 666 Nationes
736 603 821 666 libais
843 605 959 668 dicendi
980 625 1085 686 genus,
1107 608 1226 670 eaedem
1247 627 1303 689 pe-

98 685 206 746 culiares
227 703 261 744 ac
275 685 467 762 Tertulliano·
479 686 617 765 propriae
639 686 794 762 dictiones,
817 689 920 750 eadem
934 689 1024 752 rerba
1040 690 1208 770 singularia,
1232 711 1302 756 eae-

95 767 151 830 dem
169 767 342 847 plerumque
363 769 394 830 iu
406 769 641 832 Christianorum
662 771 804 834 adversus
827 773 962 834 ethnicos
983 774 1191 836 defensionum
1212 793 1303 855 argu·-

92 852 285 913 nentationes.
331 852 587 924 Quemadmodum
619 853 707 916 etiam
727 855 935 934 Apolugeticus
957 865 988 918 et
1008 857 1075 918 libri
1094 858 1139 919 dd
1160 858 1304 924 Nationes

92 944 133 996 aut
152 934 289 998 omnibus
312 936 438 998 ethnicis
460 945 511 998 aut
531 956 636 998 eorum
656 937 843 1016 praesidibus
865 940 949 1002 missi
971 949 1049 1014 sunt,
1072 941 1112 1002 ita
1126 941 1213 1019 plane
1228 961 1304 1004 uon·

61 1027 65 1038 ’
92 1026 141 1082 stat
159 1018 239 1080 hunc
258 1019 366 1080 libmm
388 1020 533 1082 ducatum
547 1020 638 1084 luisse
653 1021 805 1100 Scapulae,
829 1023 1013 1103 Carthaginis
1028 1025 1303 1103 totiusquedlricae

89 1099 239 1182 praelecto,
262 1121 351 1182 quem
366 1103 602 1180 Tertullianuqa
624 1104 799 1168 Gluistianis
819 1107 906 1186 plane
928 1107 1136 1170 innocentibus
1158 1116 1301 1187 torquun-

90 1187 128 1248 dis
148 1195 178 1247 et
199 1185 383 1248 trucidandis
404 1205 527 1248 avocare
548 1197 671 1250 mustus
692 1197 749 1250 cst.
930 1249 933 1258 ,

163 1269 223 1332 Sed
245 1270 315 1349 quid
332 1270 524 1344 Tertulliano,
546 1271 660 1350 inquiet
680 1271 796 1350 aliquis,
818 1289 942 1334 necesse
965 1280 1030 1334 erat
1050 1272 1137 1334 aliam
1159 1273 1302 1336 adversus

89 1353 203 1432 gentiles
226 1361 257 1414 et
277 1371 333 1432 pro
356 1353 529 1416 Christianis
549 1362 668 1433 praeter
687 1354 911 1434 dpologetieum
934 1364 964 1417 et
983 1355 1078 1417 libros
1099 1356 1144 1417 dd
1159 1355 1302 1421 Notium

89 1436 356 1498 commentationem
377 1444 427 1498 aut
447 1437 555 1498 librum
582 1437 737 1500 scrihere?
779 1438 931 1512 immanis,
960 1438 1119 1518 inquimus,
1149 1439 1301 1518 Scapulae,

88 1521 191 1581 lhicae
219 1519 376 1599 praesidis,
405 1519 436 1580 in
464 1519 648 1582 Christianos
677 1520 797 1584 saevitia
827 1521 909 1584 illum
936 1521 972 1584 ad
1000 1521 1079 1584 hunc
1098 1541 1160 1583 non
1182 1522 1302 1601 quidem

89 1603 194 1676 librum,
225 1603 278 1664 sed
308 1602 438 1665 libellum
466 1605 628 1684 supplicem
657 1604 842 1666 offerendum
864 1605 1015 1684 compulit.
1060 1605 1201 1676 Quamvis
1223 1606 1302 1668 enim
1363 1656 1366 1668 .

89 1688 217 1758 Seruus,
247 1705 325 1748 anno
354 1687 463 1748 Christi
485 1687 607 1750 CXGlll.
636 1687 797 1766 imperator
824 1690 917 1749 lactus
955 1707 1010 1767 per
1038 1688 1153 1768 primos
1184 1688 1302 1768 imperii

89 1771 129 1832 sni
149 1789 255 1832 anuos-
265 1770 403 1850 impense
423 1771 528 1832 laverit
549 1769 725 1833 Christianis
752 1779 823 1850 post
843 1771 1006 1834 debellatos
1029 1781 1127 1834 tamen
1156 1771 1301 1846 Cassium,

88 1855 200 1932 Nigrum
228 1863 259 1915 et
279 1853 417 1916 dlhinum
444 1873 479 1917 ac
499 1861 569 1936 post
589 1874 677 1918 suum
699 1854 864 1916 solemnem
886 1873 963 1916 anuo
987 1855 1120 1918 CXCVII.
1143 1854 1174 1916 in
1196 1855 1301 1918 urbem

89 1938 202 1999 Romam
224 1938 403 2018 ingressum,
425 1938 523 2000 animo
544 1938 631 2016 plane
652 1946 781 2000 mutatus
803 1945 859 2000 est.
890 1938 966 1999 Tum
988 1939 1067 2000 euim
1089 1938 1156 2017 ipso
1171 1938 1301 2018 primum

89 2029 238 2096 aunuente,
261 2029 310 2083 aut
330 2021 437 2083 saltem
457 2041 517 2083 uon
539 2021 726 2102 prohibente,
748 2017 956 2084 recrudescere
979 2023 1078 2101 coepit
1089 2021 1152 2082 dira
1166 2021 1197 2082 in
1213 2023 1300 2084 Chri-

90 2105 196 2166 stianos
223 2105 404 2185 persecutio.
456 2104 562 2166 lraticr
591 2105 696 2166 deiude
729 2107 823 2167 lactus
851 2124 945 2168 noras
973 2123 1051 2166 anno
1074 2104 1157 2166 CCll.
1185 2105 1217 2166 in
1248 2123 1301 2166 ecs

89 2188 213 2250 condidit
234 2188 325 2268 leges,
353 2207 476 2269 quarum
503 2189 687 2262 auctoritate,
715 2189 755 2250 ait
775 2189 934 2262 Eusebius,
962 2187 1071 2268 ubique
1093 2188 1227 2250 locorum
1248 2206 1303 2270 per

88 2271 226 2334 Ecclesiae
247 2273 324 2334 iacta
347 2281 417 2334 sunt
437 2273 585 2352 martyria.
628 2272 755 2334 Africam
787 2272 885 2351 itaque
917 2289 978 2334 uun
1006 2290 1094 2334 secus
1122 2279 1209 2350 atque
1231 2271 1301 2334 alias

88 2355 246 2434 provincias
268 2356 295 2417 is
316 2352 538 2418 crudelissimae
559 2355 721 2418 vexationis
743 2365 843 2418 aestus
865 2356 1005 2435 depastus
1034 2364 1080 2416 est
1107 2354 1228 2428 (Euseh.
1250 2354 1301 2422 hh.

88 2441 128 2500 ll.
149 2439 261 2502 Euclea.
283 2439 360 2500 llist.
383 2458 445 2519 cap.
468 2443 497 2504 2.
520 2439 690 2518 hieronym.
713 2439 841 2519 Catalog.
865 2439 1011 2519 Scriptor.
1034 2437 1111 2500 Eccl.
1133 2442 1162 2513 §-
1185 2441 1250 2512 54.)

165 2522 365 2585 Tertullianus
387 2541 457 2584 vero
480 2523 516 2584 de
538 2523 775 2586 Christianorum
797 2523 891 2585 salute
913 2541 1032 2601 semper
1063 2520 1208 2582 sollicitus
1234 2528 1302 2584 ante

89 2607 163 2668 datas
191 2606 281 2668 hasce
307 2607 389 2686 leges
411 2606 632 2686 Apologeticum
660 2614 691 2668 et
710 2606 803 2668 libros
826 2607 863 2668 ad
883 2605 1035 2678 Nationes,
1066 2605 1142 2667 sicut
1163 2603 1302 2678 diximus,

89 2691 287 2769 divulgaverat,
310 2709 437 2770 quornm
457 2689 585 2752 lectione
605 2691 689 2752 iuror
704 2689 854 2768 gentilium
870 2689 901 2750 in
916 2687 1110 2761 Christianos,
1133 2695 1302 2765 quamtum·
1390 2699 1392 2710 ·

88 2771 151 2834 libet
180 2774 386 2848 inflammatus,
409 2773 535 2835 debebat
558 2773 663 2854 procul
691 2773 781 2836 dubio
804 2772 902 2834 sedari
924 2770 1045 2846 (Euseb.
1067 2769 1139 2830 ihid.
1162 2787 1225 2848 cap.
1250 2773 1303 2844 1.).

90 2857 141 2918 Sed
176 2857 255 2919 nulla
290 2875 418 2936 prorsus
454 2858 518 2918 sole
560 2857 648 2918 edam
688 2855 851 2916 meridiano
891 2853 1015 2929 chrima
1050 2851 1199 2913 rationum
1235 2868 1301 2912 mo-

90 2949 178 3002 menta
210 2949 372 3019 potueruut
402 2939 484 3002 illum
514 2940 701 3018 restinguere
721 2957 778 3000 nec
792 2937 961 3016 prohibere,
988 2933 1148 3014 quominus
1175 2932 1303 3013 iniquis·

91 3025 164 3085 simis
196 3025 312 3104 legibus
346 3043 363 3085 a
395 3024 503 3085 Severo
537 3022 603 3085 latis
637 3020 795 3083 Christiani
826 3021 856 3081 in
888 3019 984 3080 dirica
1018 3017 1303 3079 excarnificarentur.

92 3107 282 3178 Quamobrem
298 3106 495 3169 Tertullanus
517 3107 597 3168 hunc
616 3105 713 3167 adhuc
726 3103 890 3183 supplicem
903 3102 1033 3164 libellum
1050 3100 1202 3179 Scapulae,
1225 3099 1303 3162 illius

91 3191 249 3269 provinciae
275 3190 459 3272 proconsuli,
488 3189 603 3262 obtulit,
631 3207 690 3267 quo
720 3206 788 3250 eum
816 3194 846 3248 et
867 3185 1041 3266 gravissimo
1064 3191 1304 3263 argumentorum

91 3275 212 3352 pondere
243 3283 273 3338 et
294 3274 468 3338 domesticis
491 3273 711 3350 illustribusque
734 3271 858 3333 aliorum
891 3269 1061 3349 praesulum
1098 3276 1185 3347 atque
1217 3267 1305 3330 eliam
1431 3327 1435 3338 ,
1540 3257 1542 3266 ’

92 3357 293 3437 imperaturum
330 3357 471 3437 exemplis
505 3376 522 3420 a
555 3356 726 3418 divexandis
757 3353 989 3435 torquendisque
1019 3352 1196 3414 Christianis
1232 3369 1304 3412 aro-

92 3453 168 3504 uret

164 3525 253 3588 Plura
281 3531 384 3586 autem
406 3525 455 3586 hic
480 3523 556 3584 hher
581 3521 670 3584 nohis
698 3521 867 3602 suppeditat
887 3526 1067 3600 argumenta,
1095 3517 1202 3596 quihus
1224 3516 1306 3578 illum

93 3619 152 3684 post
171 3621 305 3671 exortam
323 3607 425 3670 Severi
446 3606 635 3686 imperatoris
656 3606 687 3667 in
703 3605 886 3668 Christianos
907 3601 1146 3683 persecutionem
1161 3600 1306 3677 scriptum

93 3691 176 3753 inisse
204 3693 277 3754 satis
307 3699 410 3770 aperte
437 3690 601 3752 conficitur.
645 3689 837 3761 Quorundam
860 3687 938 3748 euim
960 3685 1000 3746 ibi
1021 3689 1305 3776 proppnunturep-

95 3777 178 3854 empla
200 3775 385 3856 praesidum,
408 3774 468 3854 qui,
491 3793 558 3836 cum
579 3790 633 3852 per
654 3772 685 3833 id
705 3780 822 3850 tempus
834 3769 1017 3832 Christianos
1040 3765 1131 3860 variis
1152 3762 1306 3841 supplicue

96 3859 266 3934 ailecisseut,
289 3857 473 3920 crudelitatis
496 3877 566 3918 suae
588 3874 701 3936 poenas
723 3855 781 3916 iam
803 3853 955 3916 dederant.
982 3852 1026 3912 dh
1040 3849 1192 3910 lidanano
1207 3853 1306 3906 autem

96 3941 133 4001 sic
142 3943 339 4005 Tertullianus
363 3941 490 4003 orditur:
513 3941 576 4003 Sub
599 3939 762 4001 Hilariano
780 3938 932 4018 praeside,
955 3953 1022 3998 com
1042 3933 1078 3994 de
1099 3931 1181 3992 oreis
1203 3927 1307 4007 aspol-
1425 3929 1426 3934 ’

96 4032 227 4089 ururssa
254 4037 437 4089 nostrorum
463 4023 697 4086 ucchmossear:
728 4023 825 4084 Areae
853 4038 916 4083 eoa
943 4022 1014 4088 siut,
1047 4030 1138 4108 usaue
1168 4017 1308 4092 ipsorum

96 4123 151 4168 sos
168 4103 318 4188 sumar!
340 4107 453 4172 Messes
475 4113 553 4170 suisa
574 4125 646 4168 suus
668 4125 731 4169 sou
752 4114 878 4183 egerunt
900 4098 1034 4173 (Tertull.
1056 4095 1107 4156 hh.
1130 4095 1166 4190 ad
1189 4093 1306 4188 Scapul.

97 4207 152 4268 ὓμ-
172 4195 225 4270 3.)
268 4192 315 4254 lbi
343 4210 414 4254 vero
443 4191 521 4254 haud
550 4207 676 4269 prorsus
703 4188 804 4266 inepta
831 4183 972 4248 antithesi
1000 4197 1105 4244 areum
1126 4195 1187 4242 sare
1208 4178 1308 4273 locum

97 4289 208 4337 vacuum
236 4285 286 4338 aut
315 4293 450 4354 campum
478 4273 621 4346 sterilem,
649 4272 681 4333 in
713 4291 772 4350 quo
794 4268 905 4332 mortui
927 4263 1156 4359 sepeliebantur,
1184 4267 1310 4340 opponit

98 4371 182 4434 usae,
209 4361 240 4420 in
270 4377 328 4439 qua
355 4360 456 4437 fruges
478 4365 615 4419 teruntur
636 4367 666 4416 et
687 4353 882 4416 mentiuntur.
927 4348 1005 4410 Dixit
1026 4355 1124 4424 itaque
1147 4363 1207 4424 quo
1230 4353 1308 4405 tem·

98 4453 163 4514 pore
182 4443 280 4505 acrius
304 4442 414 4504 ethnici
436 4441 604 4504 saeviebant
624 4439 654 4500 iu
670 4436 855 4500 christianos
877 4430 1132 4526 acclamahautque
1146 4427 1310 4506 negandam

98 4521 128 4582 ad
153 4525 218 4586 illos
247 4525 438 4606 sepeliendos
465 4543 572 4598 aream,
600 4532 664 4584 tum
692 4520 800 4584 iisdem
828 4515 953 4580 ethnicis
982 4514 1114 4576 defuisse
1141 4529 1258 4575 messes
1280 4515 1311 4570 et

128 4625 283 4674 hiscimus
296 4639 348 4674 our.
361 4641 399 4674 un.
415 4639 513 4674 οιιιιι.
539 4627 603 4672 lom.
621 4623 660 4670 ill.
1072 4611 1104 4664 10
