3122 5250
266 359 331 428 348
351 379 544 425 utsssnrsrto
559 380 589 424 lli
605 380 653 431 Qli.
670 377 755 424 ΒΕΠ.
769 375 856 423 111⁰ss-
872 377 1068 422 TERTULUAM
1078 374 1307 422 nrououurtctt!
1321 375 1402 420 ΒΗΤ·

266 547 373 610 magna
394 529 539 610 aeqeritate
560 547 594 596 ac
614 525 768 610 prudentia
789 536 924 609 sumptus
946 528 976 590 in
992 527 1103 602 coenis,
1126 525 1286 590 domestica
1300 521 1464 605 supellectile

268 633 304 678 ae
324 615 458 678 vestibus
480 614 656 676 coercebant
676 613 858 691 (Tertullian.
880 613 1033 694 apologet
1056 631 1118 693 cap.
1141 617 1194 689 4.),
1222 619 1272 673 ant
1291 619 1326 674 ut
1343 610 1404 690 ipse
1421 610 1462 672 lc-

266 700 317 780 qui
339 707 424 774 amat,
452 707 603 781 sumptum
631 708 660 762 et
686 700 1123 779 ambitionemeemprimeutea
1150 697 1241 770 (idom
1262 713 1324 774 cap.
1347 697 1396 771 6.).
1432 695 1464 754 tt

266 791 349 847 tanta
376 783 496 846 andacia
525 801 575 845 eas
601 783 688 864 plane
709 783 983 864 pessumdederant,
1013 791 1046 844 nt
1067 782 1125 863 ipsi
1147 780 1326 843 Tertulliano
1347 795 1461 859 respon-

265 870 339 931 dere
359 888 421 932 nen
441 869 593 949 potuerint
613 867 649 929 ab
671 868 717 930 eis
740 868 867 948 petenti:
892 869 1042 942 Quoniam
1055 867 1127 930 illue
1142 867 1217 946 lepra
1232 867 1378 936 obteneat,
1399 881 1462 945 puer

266 965 385 1018 centum
406 973 479 1016 uero
500 971 562 1016 nou
583 953 767 1034 ampliusue
788 971 909 1015 cocuom
931 952 1081 1015 subscribi
1099 952 1245 1024 iubebunt,
1273 969 1327 1012 uec
1347 948 1462 1030 asapius

265 1057 487 1186 tttnttt
508 1037 796 1202 tstttttltt
818 1035 1462 1202 delibuitodill‘ibnlldbi‘l

264 1225 326 1289 qno
348 1207 472 1271 cintatis
493 1206 640 1287 principes
662 1207 758 1282 iurare
779 1206 955 1272 iubebantur
976 1223 1009 1268 se
1029 1205 1060 1266 in
1081 1205 1158 1267 ludis
1179 1203 1392 1285 Megalensibus
1411 1219 1462 1261 non

265 1293 395 1355 maiores
423 1291 453 1354 in
475 1309 583 1354 coenas
606 1291 736 1370 singulas
759 1299 894 1371 sumptus
926 1292 1057 1352 lecturos
1085 1309 1172 1370 mam
1194 1298 1336 1352 centenos
1356 1287 1462 1348 vicenos

264 1377 344 1440 aeris
366 1377 428 1440 sire
450 1395 545 1450 asses,
566 1383 684 1456 praeter
705 1376 780 1451 olus,
802 1377 847 1437 lar
867 1383 898 1438 et
917 1375 1017 1436 vinum
1038 1375 1165 1454 patrium
1191 1391 1288 1454 nsque
1309 1371 1414 1452 argenti
1437 1370 1462 1429 in

264 1463 399 1524 convivio
426 1461 493 1542 plus
520 1460 664 1541 ponderis
692 1479 781 1540 quam
811 1461 902 1522 libras
924 1468 1041 1522 eentum
1074 1457 1160 1534 (Geli.
1181 1459 1232 1520 lib.
1255 1459 1292 1520 ll.
1314 1457 1394 1519 Noct
1414 1455 1463 1516 tte

173 1587 175 1592 -
265 1565 329 1628 cap.
351 1549 427 1621 tu).
470 1545 582 1608 Deinde
602 1545 666 1625 lege
681 1545 789 1607 Fannia
811 1553 938 1619 cautum,
960 1563 998 1606 ne
1019 1545 1051 1605 in
1071 1542 1150 1605 ludis
1165 1543 1318 1615 Romanis,
1339 1539 1461 1609 Plebeiis‚

264 1631 468 1694 Saturnalibus
490 1630 614 1712 aliisque
635 1629 810 1710 quibusdam
832 1629 936 1692 diebus
953 1630 1053 1710 plures
1068 1646 1157 1708 mam
1171 1628 1297 1702 centeni,
1320 1628 1462 1702 decemque

217 1755 223 1768 ·
264 1715 330 1778 aliis
357 1715 461 1778 diebus
488 1716 520 1777 in
547 1714 671 1794 singulis
697 1715 851 1777 mensibus
872 1715 986 1788 triceni,
1014 1712 1119 1776 ceteris
1142 1711 1262 1775 tandem
1283 1712 1384 1774 diebus
1405 1707 1462 1770 deni

264 1818 350 1864 asses
371 1799 621 1879 impenderentur.
650 1798 759 1861 Postea
779 1818 848 1862 vero
871 1798 934 1879 lege
955 1797 1066 1860 Licinia
1081 1797 1226 1860 indultum
1241 1796 1351 1878 nuptiis
1365 1793 1462 1856 duren-

263 1893 371 1960 tornm‚
394 1883 459 1946 aliis
480 1883 585 1946 diebus
607 1884 785 1946 nicenorum
808 1885 920 1947 assium
941 1893 1059 1964 praeter
1072 1900 1160 1964 poma
1175 1889 1204 1944 et
1219 1883 1300 1944 olera
1315 1882 1463 1960 impensam

263 1969 338 2031 fleri.
380 1967 418 2030 m
443 1969 608 2049 posthaec
628 1967 741 2048 legibus
763 1969 811 2030 his
834 1969 893 2031 situ
915 1977 951 2036 et¹
966 1968 1050 2029 senio
1074 1967 1261 2040 oblitteratis,
1290 1963 1462 2045 cumplures

261 2055 294 2116 in
315 2053 420 2135 amplis
437 2052 627 2133 patrimoniis
648 2051 855 2128 bellnarentur,
878 2053 944 2114 data
966 2061 1012 2115 est
1032 2071 1048 2114 a
1071 2052 1148 2134 Sylla
1168 2051 1313 2114 dictatore
1334 2051 1377 2112 lex
1398 2049 1462 2109 Cor-

261 2139 349 2210 nelia,
371 2155 427 2218 que
448 2137 570 2200 facultas
591 2155 734 2199 concessa
756 2145 802 2200 est
822 2137 997 2218 quibusdam
1019 2137 1100 2199 tertis
1122 2136 1306 2198 solemnibus
1322 2131 1462 2198 sestertios

261 2221 403 2297 tricenos,
425 2222 490 2285 aliis
512 2220 616 2284 diebus
638 2239 699 2283 non
720 2222 845 2302 amplius
860 2241 947 2302 quam
962 2231 1065 2283 ternos
1088 2223 1119 2285 in
1133 2239 1258 2283 coenam
1280 2215 1462 2302 impendendi.

261 2307 418 2370 Praeterea
445 2307 491 2369 lex
511 2305 633 2368 Aemilia
655 2313 686 2368 et
704 2306 790 2368 Antia
816 2315 952 2387 sumptus
986 2325 1144 2368 coenarum
1170 2307 1362 2386 ciborumque
1382 2317 1463 2382 genus

262 2399 294 2454 et
314 2392 435 2454 modum
457 2391 552 2455 adbuc
572 2390 790 2471 praefinierunt.
822 2390 902 2471 Lege
923 2391 1039 2454 undem
1060 2390 1145 2466 iulia,
1167 2409 1245 2472 qnae
1264 2393 1393 2468 Augusto
1413 2386 1462 2447 im-

260 2483 393 2559 perante,
422 2483 455 2538 nt
482 2475 619 2550 diximus,
648 2483 755 2539 statuta
781 2483 835 2550 est,
862 2476 1021 2556 plurimum
1049 2475 1167 2554 quidem
1189 2476 1222 2538 bi
1243 2483 1377 2556 sumptus
1396 2467 1461 2533 aucti

262 2569 342 2636 sunt,
366 2561 420 2623 sed
440 2561 481 2624 ita
495 2567 604 2636 mmen,
626 2568 659 2621 ut
673 2561 763 2622 certis
778 2560 953 2640 quibusdam
968 2560 1076 2622 tinibus
1093 2561 1213 2622 elirenis
1229 2562 1359 2624 luxuriae
1373 2563 1461 2618 aestus

262 2651 440 2709 coerceatur.
487 2645 569 2720 Quae
591 2645 709 2726 quidem
731 2647 829 2708 omnia
850 2665 866 2706 a
887 2645 1035 2708 Macrobio
1063 2644 1204 2722 (blamob.
1227 2645 1277 2708 lib.
1292 2645 1348 2706 ἸΙΙ.
1370 2641 1461 2702 smn-

259 2731 319 2793 nal.
341 2749 404 2811 cap.
430 2733 492 2809 17.)
519 2736 590 2809 post
609 2731 643 2792 Α.
667 2730 790 2792 Gellium
812 2730 952 2810 explicata
980 2729 1055 2805 (Aul.
1080 2730 1152 2792 Gell.
1174 2730 1242 2793 loco
1264 2730 1335 2806 cit),
1354 2719 1460 2788 Tertul-

259 2809 329 2878 liani
351 2815 447 2877 nostri
470 2815 644 2879 sententiam
666 2815 752 2896 plane
773 2815 926 2878 stabiliunt
949 2833 983 2877 ac
1004 2815 1188 2877 confirmant.

269 2939 274 2952 ι
329 2899 404 2962 *Nec
430 2899 535 2962 maiori
563 2917 650 2962 curae
677 2899 736 2962 illis
758 2900 814 2962 luit
833 2899 892 2962 iam
912 2900 1027 2962 mndata
1048 2919 1064 2962 a
1086 2899 1175 2961 nobis
1197 2900 1246 2962 lex
1267 2896 1382 2968 Fannia,
1411 2909 1460 2972 qua

259 2984 472 3067 prohibebatur
498 3003 537 3047 ne
563 2984 687 3064 amplius
715 3003 802 3066 quam
830 3004 889 3046 una
924 2985 1028 3064 gallina
1062 3002 1154 3063 eaque
1189 3003 1251 3046 non
1288 2983 1411 3062 saginata
1435 2975 1460 3034 in

261 3087 384 3131 coenam
412 3069 579 3132 inferretur.
622 3071 660 3132 ΑΙ
685 3069 798 3142 Plinius
825 3069 914 3130 buius
942 3069 1015 3149 legis
1043 3069 1227 3131 mentionem
1255 3069 1323 3131 lacit
1342 3084 1374 3126 ac
1393 3078 1459 3142 quc·

143 3153 148 3166 '
259 3154 350 3214 modo
371 3171 435 3215 eam
457 3153 582 3232 gentiles
604 3153 778 3216 labefactare
799 3153 960 3234 coeperint,
984 3153 1031 3215 his
1054 3153 1179 3235 explicat
1199 3154 1314 3216 vorbis:
1337 3148 1461 3214 ddecus

259 3241 401 3318 saginare
422 3237 540 3300 Deliaci
566 3256 696 3319 eoepem.
745 3237 826 3301 liudo
843 3243 940 3320 pestis
961 3249 1071 3301 ercurio
1090 3243 1207 3320 opimus
1228 3257 1298 3300 noes
1320 3247 1348 3299 et
1367 3239 1461 3312 suopte

260 3339 389 3402 corpore
410 3333 517 3384 uuctca
539 3323 714 3385 decorandi.
743 3321 808 3386 Hoc
826 3327 961 3403 primum
983 3327 1114 3406 antiquis
1131 3341 1294 3385 euenerunt
1306 3316 1460 3384 e'oterdictit

259 3415 414 3485 acceptum
440 3409 562 3469 lucceio
587 3411 648 3469 ium
669 3407 730 3487 lege
753 3407 783 3470 C.
806 3407 919 3470 Fannii
938 3425 996 3471 eor.
1019 3411 1108 3470 cuuis
1129 3409 1268 3471 uudeu'm
1288 3417 1356 3470 oute
1376 3400 1459 3463 rcu-

259 3507 326 3553 cune
346 3487 464 3562 beilum,
486 3509 525 3552 oe
545 3493 617 3573 guid
636 3491 760 3555 uoluere
777 3503 947 3572 poneretur
964 3502 1091 3573 praeter
1110 3509 1205 3555 uuam
1224 3491 1374 3572 patticam
1394 3499 1460 3568 1111

257 3590 321 3638 reu
347 3583 425 3638 creat
452 3572 549 3638 oittle'r
576 3575 662 3651 (Ptin.
685 3575 735 3637 tib.
757 3576 793 3638 il.
816 3576 892 3637 Hist.
915 3577 1017 3638 Natur.
1040 3594 1103 3656 cap.
1125 3581 1201 3654 tn),
1231 3595 1285 3639 sen
1305 3570 1415 3656 pinguis
1434 3572 1459 3626 tl

256 3659 389 3822 εαῗιὶιὲῗ
417 3659 649 3818 αοεοξὶιινῖῃρἓ
668 3660 957 3808 amlssrslmpfictlotg
976 3662 1138 3743 appellatur
1170 3661 1310 3808 (laetiensi.
1334 3651 1459 3804 Sam

276 3791 285 3807 .
365 3789 397 3806 ..
471 3765 492 3807 u
580 3764 664 3808 erue
691 3764 767 3826 capu
817 3763 890 3808 rouo
957 3766 987 3808 m
1029 3763 1187 3809 uomere
1223 3763 1355 3809 cesum

255 3833 467 3912 inuentumque
498 3829 709 3893 diverticulum
729 3841 775 3894 eet
802 3834 836 3892 iu
869 3832 981 3911 froude
1004 3764 1115 3893 &rum
1145 3764 1327 3912 getlingum
1394 3837 1457 3914 opst

253 3916 402 3994 poscendi
421 3913 498 3977 locta
517 3915 644 3977 oudidtr
666 3914 865 3987 cibis-mutto
885 3920 930 3978 ito
949 3919 1107 3997 promeres
1121 3916 1341 3997 approbentur.
1389 3905 1456 3968 abrs

255 4005 355 4061 autem
387 3998 578 4079 sumptuariis
606 4007 637 4061 et
663 3998 781 4062 ciboriis
808 3999 922 4079 legibus
953 4000 1037 4079 plum
1067 3999 1176 4062 Paulus
1198 3998 1344 4062 llanntius
1375 3986 1456 4067 (rant.

255 4081 365 4145 blunut.
388 4083 439 4145 lib.
455 4083 493 4145 de
506 4083 609 4165 Legib.
625 4084 748 4146 Roman.
763 4102 827 4165 cap.
845 4086 907 4162 18.)
929 4091 959 4145 et
979 4084 1125 4147 Antonius
1146 4084 1328 4164 Augustinus
1349 4079 1454 4154 (bubn-

253 4165 378 4245 Angust.
399 4163 449 4244 lib.
472 4167 494 4230 l.
518 4169 555 4231 de
576 4168 677 4249 Legib.
700 4171 852 4250 cap.18.)‚
874 4168 1000 4230 anobis
1021 4168 1100 4230 citati
1122 4169 1177 4231 alia
1199 4169 1229 4230 in
1251 4160 1454 4229 dssmutionti

254 4249 307 4311 nbi
329 4267 364 4312 ex
384 4247 468 4314 bisce
487 4249 601 4334 legibus
614 4249 776 4316 tlmebium
797 4259 869 4335 post
882 4252 1095 4316 Tertullianum
1117 4252 1251 4315 similiter
1272 4249 1453 4330 disputantem

255 4332 420 4397 audirimus
442 4336 610 4413 (Dissertat.
631 4339 662 4400 iu
683 4339 814 4401 Laetent.
837 4357 900 4419 cap.
921 4341 952 4403 9.
973 4337 1035 4401 brt
1059 4343 1111 4417 1.).

339 4419 488 4493 Quantum
519 4431 617 4486 autem
644 4423 754 4486 etbuirr'
774 4423 939 4504 praeclaras
960 4423 1050 4488 hasce
1070 4423 1151 4504 leges
1173 4418 1336 4502 spreverint
1355 4431 1387 4477 ac
1404 4423 1451 4490 pto

253 4502 346 4567 sibilo
368 4503 533 4584 habuerint,
555 4508 653 4571 dlsces
675 4527 711 4572 ex
732 4508 857 4571 tetidem
877 4505 1013 4572 nouom
1035 4506 1131 4571 nostri
1146 4506 1229 4570 bisce
1242 4502 1352 4567 uerbis:
1377 4493 1452 4558 Video

252 4599 284 4656 at
304 4593 493 4656 cumam
522 4607 630 4656 comm
659 4611 683 4657 c
712 4596 843 4658 cmteue'r
863 4595 926 4658 tom
945 4597 1093 4662 auterdte
1114 4591 1252 4658 diem
1283 4578 1452 4666 (Tettium
