3082 5238
469 401 604 447 onerosa
627 403 668 446 ro.
690 403 758 449 ans.
780 402 943 450 roassrsr.
1017 445 1020 452 ,
1253 394 1316 462 587

96 551 280 614 Christianos
303 551 472 614 inimicitiae
493 553 682 633 pariantur·,
717 561 747 615 et
773 555 853 634 quod
882 573 947 632 cum
970 556 1110 618 Caracalli
1132 559 1317 638 temporibus

92 636 174 711 beec,
195 655 270 728 quae
292 636 396 697 tradita
407 645 490 708 *sunt
511 639 542 698 in
563 645 668 698 nostro
691 637 800 711 libello,
823 637 934 718 optime
956 640 1153 702 consentiant.
1183 642 1314 706 Tametsi

92 720 170 782 enirn
191 738 253 781 non
275 719 315 781 sit
328 715 501 782 'certissime
524 720 718 800 exploratum,
742 739 801 800 quo
822 739 900 783 anuo
922 722 996 784 baec
1009 721 1244 804 Christianorum
1259 728 1313 788 de-

92 803 188 864 fensio
211 804 358 865 elaborata
381 804 437 874 sit,
460 811 557 865 tamen
579 805 694 866 ratione
716 804 842 883 qrxadam
862 805 1020 884 probabili,
1043 815 1076 868 ut
1098 815 1146 868 est
1160 808 1190 869 in
1204 810 1255 871 tali
1270 829 1312 884 re,

88 887 187 968 primo
215 887 331 966 imperii
352 887 541 949 Antoniniani
569 906 646 948 anno
668 889 809 949 uindicari
838 908 872 949 ea
899 908 991 969 posse
1012 891 1138 952 videtur.
1181 892 1314 974 Namque

89 971 185 1033 illum·
199 973 272 1032 solis
301 972 464 1044 delectum,
497 989 586 1052 quem
614 971 812 1034 Tertullianus
841 972 882 1035 ait
908 991 986 1035 anno
1010 975 1157 1053 superiori
1180 977 1313 1040 extitisse

90 1058 129 1126 (c.
153 1059 183 1119 3.
205 1073 236 1134 p.
260 1058 310 1120 86.
334 1054 392 1132 u),
415 1055 581 1116 Antoninus
603 1055 745 1117 Lalovera
767 1057 900 1122 asseruit¹
915 1075 941 1118 a.
965 1057 1084 1132 CCX.⁵;
1111 1059 1158 1120 cui
1180 1063 1312 1138 quamvls

1 1179 3 1206 ς
90 1139 298 1201 Tillemontius
319 1140 443 1200 resistat
465 1158 511 1212 eo,
534 1139 613 1217 quod
629 1139 827 1202 Tertullianus
850 1141 945 1204 solem
966 1141 1073 1203 dixerit
1092 1150 1314 1222 cooperuisse
1351 1137 1359 1151 ”

90 1224 146 1285 buc
168 1242 207 1284 cm
229 1225 387 1285 ordrirarlo
410 1223 537 1303 deliquio
556 1227 632 1304 poti,
656 1241 721 1285 urm
742 1223 841 1302 [ruerit
862 1228 895 1286 in
917 1244 973 1287 suo
989 1227 1163 1306 bppsomote
1181 1233 1312 1308 pesitus,

89 1315 187 1367 umen
209 1308 289 1368 hunc
311 1305 447 1386 Septimii
469 1306 691 1386 argumentandi
712 1309 850 1381 modum,
883 1309 933 1387 qui
962 1310 1061 1372 dmuia
1091 1311 1173 1373 norit
1194 1313 1312 1392 saepius

1 1449 2 1473 ζ
88 1391 189 1469 inepta
212 1391 284 1452 satis
308 1391 425 1450 iurem
448 1409 532 1451 suam
554 1398 745 1464 convertere,
768 1391 936 1454 iamdudum
959 1393 1064 1456 derisit
1084 1394 1189 1455 harum
1211 1413 1311 1456 rerum

1 1527 2 1546 ,
87 1473 291 1553 peritissimus
315 1473 445 1554 Scaliger
456 1485 476 1534 ⁸.
520 1473 632 1535 Deinde
655 1493 721 1535 cum
743 1475 853 1536 nullam
881 1494 1009 1554 unquam
1030 1478 1126 1557 legem
1147 1478 1312 1546 Caracallus

88 1558 189 1620 tulerit
215 1558 356 1620 adversus
385 1555 585 1630 Christianos,
625 1566 745 1636 oportet
771 1561 905 1638 prolecto
939 1561 992 1622 has
1021 1561 1198 1624 calamitates
1227 1561 1264 1622 iis
1295 1581 1312 1624 u

89 1640 214 1722 Scapula
236 1641 362 1703 inllictas
384 1641 522 1720 reliquias
546 1641 722 1704 Seuerianae
745 1642 924 1704 crudelitatis
947 1644 1048 1716 luisse,
1077 1663 1151 1724 quae
1173 1653 1236 1706 tum
1257 1664 1312 1724 pe·

87 1727 168 1787 nitus
191 1727 334 1786 extinctae
356 1724 502 1798 ridentur,
525 1743 592 1786 cum
615 1725 790 1798 Caracallus,
812 1727 970 1805 imperium
993 1727 1051 1790 sibi
1073 1729 1312 1802 confirmaturus,

90 1810 122 1870 in
151 1809 270 1870 exilium
300 1808 411 1870 missos
440 1807 638 1870 revomssott.
684 1809 771 1881 Quod
801 1829 866 1872 cum
894 1811 997 1873 lecerit
1024 1811 1111 1892 paulo
1133 1820 1204 1891 post
1225 1831 1312 1892 quam

92 1893 196 1954 Getam
218 1892 338 1954 lratrem
360 1893 414 1953 sub
436 1892 553 1955 initium
576 1912 602 1953 a.
626 1892 735 1954 ccxtt.
755 1894 954 1967 substulerat,
987 1915 1048 1956 non
1069 1895 1169 1975 inepte
1192 1895 1222 1956 id
1244 1897 1312 1974 mis

90 1977 159 2038 dem
181 1976 314 2051 dicimus,
337 1975 490 2056 Scapulam
512 1996 538 2038 a.
563 1975 658 2038 CCXI.
681 1977 823 2039 adversus
847 1979 1031 2042 Christianos
1055 1980 1163 2060 egisse.

91 2329 129 2372 DE
146 2329 240 2372 LllllllS
256 2330 452 2373 subruuntur
464 2331 584 2421 Qllowll
596 2331 651 2373 vul.
661 2331 753 2372 turns
767 2331 822 2374 vul.
832 2331 979 2374 cocuntur
990 2331 1046 2374 VEL
1062 2329 1196 2383 uruloult
1209 2331 1314 2377 LATST.

608 2565 637 2639 s.
663 2561 793 2624 xxxtu.
873 2509 882 2516 ’

174 2679 275 2741 Tertia
298 2679 370 2740 baec
392 2679 552 2758 disputatio
573 2679 663 2740 liuem
691 2679 778 2739 laciet
806 2639 1056 2750 exercitationum,
1085 2658 1159 2757 quas
1182 2679 1314 2739 institui-

85 2782 156 2825 mus
172 2761 435 2842 Septimianarum3
457 2763 487 2823 in
510 2762 618 2841 quibus
640 2781 706 2823 cum
728 2763 869 2824 hactenus
890 2763 1059 2842 pertractati
1083 2763 1144 2822 sint
1164 2761 1214 2822 isti
1235 2760 1313 2834 libri,

1 2883 2 2918 ;
87 2865 215 2926 quorum
238 2855 268 2908 et
288 2855 368 2909 aetas
391 2854 422 2908 et
443 2846 576 2907 doctrina
605 2853 722 2923 poterat
749 2855 828 2907 certa
856 2847 980 2924 quadam
1003 2845 1049 2905 via
1071 2854 1101 2905 et
1121 2843 1237 2905 ratione
1259 2844 1313 2904 de-

89 2931 266 3002 monstrari,
295 2949 374 2992 nunc
401 2937 522 3009 oportet
550 2927 656 2990 subiici
679 2939 805 3000 ceteros,
832 2929 882 3008 qui
904 2937 1029 2992 aetatem
1052 2947 1135 2990 suam
1157 2946 1218 2988 nun
1242 2927 1314 2988 satis

1 3059 2 3066 .
89 3015 210 3075 delinito
231 3014 372 3092 produnt,
400 3013 453 3074 sed
483 3012 616 3074 doctrina
646 3019 827 3074 tamennon
851 3021 897 3074 est
917 3011 1074 3074 admodum
1098 3011 1232 3085 obscura,
1256 3009 1313 3072 nisi

88 3098 319 3178 inquibusdam
340 3096 452 3176 paucis,
476 3096 526 3174 qui
548 3096 704 3174 ancipitem
733 3094 844 3158 babere
871 3097 996 3157 lcrmam
1024 3095 1169 3156 videntur.
1212 3094 1314 3172 ltaque

1 3221 2 3252 3
86 3182 216 3262 primum
240 3181 308 3243 illos
331 3180 523 3242 excitabimus
546 3187 640 3241 aetate
668 3178 808 3252 maiores,
839 3179 889 3258 qui
912 3178 1125 3242 Tertullianum
1155 3177 1315 3239 ostendunt

86 3266 221 3328 nondum
243 3265 330 3344 plane
351 3265 596 3325 Montanistarum
619 3262 753 3343 partibus
777 3263 944 3338 addictum3
976 3263 1082 3324 deinde
1104 3281 1173 3335 eos,
1206 3261 1314 3342 quibus

1 3393 2 3408 .
86 3358 177 3410 notae
205 3349 396 3412 blontansimi
423 3367 484 3409 non
515 3357 586 3410 sunt
617 3347 721 3410 leviter
752 3347 931 3427 impressam
966 3354 1118 3428 postremo
1152 3347 1230 3420 boc,
1264 3345 1313 3424 qui

1 3481 2 3510 ,
86 3435 228 3496 lectorem
257 3434 409 3494 dimittunt
438 3433 639 3506 dubitantem,
663 3431 788 3494 lueritne
814 3431 1013 3494 Tertullianus
1045 3438 1118 3504 tum,
1152 3449 1219 3492 cum
1247 3429 1314 3490 illos
1382 3495 1388 3504 ,

73 3517 307 3598 perscriberet,
337 3537 353 3580 a
382 3517 531 3579 communi
559 3515 681 3578 ecclesia
712 3517 864 3578 seiunctus
892 3534 996 3577 necne.
1051 3515 1104 3577 Cui
1132 3514 1240 3594 triplici
1276 3512 1313 3573 li-

1 3645 2 3680 3
86 3603 211 3664 brorum
234 3601 484 3680 Septimianorum
511 3600 611 3680 generi
640 3619 706 3662 cum
735 3601 866 3662 dicamus
895 3608 1020 3661 aetatem
1042 3599 1136 3660 asseri
1158 3615 1219 3658 nou
1242 3595 1314 3656 satis

88 3694 169 3748 certe
190 3703 292 3764 posse,
315 3703 376 3745 non
397 3685 534 3746 volumus
556 3684 586 3744 id
609 3683 737 3762 quidem,
769 3703 896 3763 prorsus
923 3683 1053 3763 ignorari
1075 3689 1201 3743 aetatem
1222 3677 1314 3738 cuivis

1 3829 3 3850 .
87 3769 275 3831 tribuendam
298 3769 367 3843 (erit
388 3769 467 3830 enim
490 3767 576 3830 etiam
600 3768 679 3846 quod
702 3767 896 3846 probabiliter
915 3767 952 3828 de
966 3767 1022 3828 bac
1036 3763 1182 3842 disputari
1196 3759 1315 3841 possit),

88 3854 144 3915 sed
180 3861 314 3916 accurate
346 3853 443 3932 ipsum
475 3870 585 3912 annum
623 3849 801 3929 scriptorum
832 3850 977 3911 librorum
1005 3847 1126 3910 deliniri
1150 3861 1252 3925 posse,
1286 3842 1316 3906 ld

1 3985 2 3994 ,
90 3935 210 4015 quidem
232 3935 373 3998 audemus
395 3954 505 4015 negare
526 3940 695 4015 propterea,
727 3934 806 4012 quod
835 3933 931 3994 nullae
960 3932 991 3992 in
1012 3930 1049 3991 iis
1074 3935 1144 3990 sunt
1166 3926 1314 4006 significa·

90 4019 190 4081 tiones
220 4029 325 4094 certae,
359 4038 433 4100 quse
462 4019 604 4080 vindicari
632 4025 713 4078 certo
743 4017 870 4095 quodam
892 4034 927 4077 ac
948 4013 1067 4076 delinito
1089 4029 1166 4073 anno
1188 4009 1316 4091 possint.

1 4155 2 4188 ,
90 4103 150 4166 Sed
173 4104 210 4166 ad
230 4105 419 4184 propositum
441 4102 603 4164 veniamus.

125 4254 146 4288 a.
166 4237 218 4288 lloc
235 4237 293 4288 setis
311 4237 424 4288 adsersus
434 4236 584 4299 scaligerum
602 4235 676 4286 alios·
731 4217 825 4284 morum
849 4233 978 4296 llartprurn
997 4229 1111 4279 Sinceris.
1140 4229 1178 4280 ed.
1195 4227 1315 4280 lmstelo·

1 4327 2 4332 ¹
91 4321 138 4372 qus
157 4305 264 4356 detrudit
282 4307 346 4356 Sam.
364 4305 497 4368 basnagius
522 4304 576 4354 loco
595 4304 633 4354 eit.
652 4317 677 4366 p.
731 4302 786 4351 dam
804 4315 830 4364 p.
849 4299 907 4350 llll.

1 4419 2 4426 ,
91 4373 150 4424 218.
170 4381 220 4424 not.
239 4373 279 4422 ll.
765 4383 785 4417 c.
805 4368 832 4417 lu
851 4365 1013 4416 Animaduers.
1031 4363 1169 4414 adEusebii
1183 4361 1315 4413 chronicon
1382 4369 1387 4374 '

123 4441 148 4491 b.
174 4441 202 4490 lu
226 4440 297 4504 splot
325 4439 355 4489 sd
379 4438 414 4488 lo.
436 4437 580 4490 Sessorium
605 4451 677 4501 quam
730 4451 755 4499 p.
774 4434 816 4486 lb.

90 4509 164 4563 edidit
181 4508 369 4558 Petnllossious
387 4507 411 4556 in
429 4505 493 4555 uotis
511 4505 678 4555 addctrl’on
753 4501 787 4551 d.
814 4501 839 4552 l.
865 4500 968 4551 llionem
995 4497 1105 4549 Cassium
1138 4497 1179 4550 lib.
1207 4494 1313 4547 tlllllll.

89 4584 177 4641 petuas
196 4583 219 4626 et
229 4574 361 4626 Felicitatis
378 4575 402 4624 in
421 4573 529 4624 Rnlusrti
542 4572 606 4623 botis
623 4571 676 4622 l’rl-
730 4586 750 4620 c.
769 4567 793 4618 3.
