3144 5236
492 360 627 404 suenone
650 361 709 404 soa.
732 361 770 426 aa
791 361 919 404 saunas.
1259 345 1320 410 tea

107 522 151 574 est.
174 509 332 583 ouercam
355 515 398 572 ito
421 509 600 591 scripturae
622 512 737 581 doceret,
762 511 831 572 laea
854 511 1030 592 dirimuset
1050 515 1084 573 in
1106 511 1216 574 lilium
1240 528 1320 574 rom·

104 601 201 674 petisse
223 609 253 658 et
273 599 306 656 in
330 595 375 656 leis
399 595 509 656 Filium
530 600 648 658 uenisse
670 608 699 658 et
719 600 752 655 in
776 595 820 656 liis
844 613 962 675 semper
984 601 1079 676 spisse
1113 607 1143 658 et
1164 601 1208 658 sio
1229 615 1264 658 ea
1286 603 1319 660 irs

106 677 316 742 solaminibus
338 681 561 759 manifestasse.
609 681 749 753 Omnino,
781 685 887 760 inquit,
912 678 1015 742 Patris
1036 699 1102 742 meo
1125 694 1208 743 soret.
1255 681 1318 743 tier

104 781 155 826 son
174 775 202 826 et
224 761 372 826 amoos
415 765 489 826 Crem
511 783 582 843 erqo
606 763 679 842 lepis
693 764 790 826 lleurn
812 769 1043 844 omnipotentem
1076 778 1105 828 et
1136 766 1318 828 altissimum

103 859 125 910 et
144 848 236 910 Deum
259 853 410 910 uirtutum
443 859 471 910 et
498 847 606 927 llepern
628 849 755 910 Israelis
784 859 813 911 et
848 848 911 920 Qui
937 859 991 919 est,
1021 852 1087 913 uile
1110 868 1147 911 ne
1165 869 1223 929 per
1246 850 1318 912 leaee

101 931 184 994 Filias
210 937 298 994 etiarn
321 935 555 1004 dentonatretnn
580 953 635 995 suo
658 939 725 994 iure
749 938 946 1012 omnipotens,
969 953 1028 1014 quo
1050 951 1150 996 sereno
1172 934 1231 996 llei
1252 953 1316 997 on-

101 1022 258 1096 sipotentis
280 1035 396 1099 quaque
422 1021 552 1079 omniurn
568 1022 679 1096 occepit
692 1028 886 1096 patestatem:
910 1018 1091 1088 altissimus,
1115 1037 1173 1098 quo
1189 1020 1318 1080 dextera

101 1101 149 1162 llei
167 1101 332 1170 emaltotns,
356 1105 435 1162 siout
456 1101 565 1163 Petrus
588 1107 620 1163 in
642 1105 723 1164 Astis
746 1107 961 1164 cortoioootur:
985 1103 1132 1164 Dominus
1154 1107 1314 1174 virtutum,

101 1191 159 1265 puto
181 1191 285 1248 anania
307 1185 439 1248 subiecto
461 1198 533 1248 sunt
554 1186 604 1248 illi
623 1205 641 1246 a
658 1186 766 1247 Patre:
788 1185 853 1247 llen
868 1185 1003 1254 Israelis.
1026 1191 1097 1267 quia
1117 1186 1168 1248 illi
1185 1193 1317 1266 proprie

102 1271 203 1332 eaa'lit
231 1287 300 1332 sors
328 1273 426 1347 pentir
453 1273 553 1332 ists'ns.
607 1270 683 1333 ltem
714 1270 777 1342 (lui
802 1281 856 1342 est,
886 1275 1027 1350 quonian
1053 1270 1144 1332 multi
1170 1273 1316 1335 dicuntur

102 1353 169 1424 lilii,
194 1359 249 1435 qui
269 1371 332 1416 non
355 1366 428 1416 sunt
449 1353 633 1427 (Tertullian.
655 1355 707 1415 lib.
730 1355 793 1414 adv.
816 1354 901 1415 Pras.
925 1373 989 1432 oap.
1015 1357 1089 1431 il).

172 1440 212 1499 nt
239 1437 357 1516 quibus,
386 1437 511 1499 obsecro
541 1447 578 1511 ta,
606 1438 705 1499 verbis
734 1438 840 1500 darius
868 1438 1009 1500 declarari
1037 1448 1068 1500 et
1095 1439 1190 1500 asseri
1213 1446 1314 1517 potest

102 1541 232 1601 suprema
261 1522 370 1583 Christi
398 1522 464 1583 Filii
490 1523 542 1584 Dei
571 1522 733 1584 divinitas?
777 1523 851 1595 Quis
881 1541 915 1583 ea
944 1523 1042 1584 omnia
1065 1523 1126 1584 veri
1149 1525 1316 1602 summique

101 1606 145 1668 liei
177 1607 318 1670 attributa
345 1607 503 1686 possidere
531 1615 649 1686 potest,
681 1607 741 1668 nisi
769 1625 904 1668 summus
932 1616 962 1668 et
990 1625 1067 1668 unus
1096 1626 1162 1668 eum
1193 1616 1314 1670 aeterno

102 1689 176 1753 Patre
205 1690 312 1753 Deus?
357 1691 434 1764 Quid
467 1711 549 1765 vero,
583 1692 662 1770 quod
692 1691 888 1752 Tertullianus
917 1691 989 1752 haee
1017 1692 1115 1753 omma
1145 1701 1175 1752 et
1201 1692 1317 1770 singnda

103 1775 232 1838 Sermoni
248 1776 382 1854 Filioque
396 1775 449 1836 not
473 1776 630 1836 conuenire
651 1794 712 1837 non
736 1776 833 1836 solum
856 1776 998 1849 adfirmat,
1021 1777 1074 1838 sed
1095 1777 1203 1855 prohat
1228 1777 1316 1838 etiam

101 1861 239 1940 variisque
261 1859 427 1922 rationibus
450 1861 623 1921 conlinnare
645 1859 773 1922 nititur?
798 1861 977 1922 Persuasum
1000 1879 1071 1940 ergo
1092 1860 1316 1928 habuitFilinnt

101 1941 148 2004 Ilei
166 1963 258 2006 unum
281 1944 466 2023 eundemque
489 1963 554 2006 oum
577 1963 633 2007 suo
654 1945 741 2006 Patro
764 1963 831 2006 esse
853 1945 957 2006 Deum.

175 2029 278 2108 Neque
307 2029 440 2107 insurgat
466 2031 568 2090 nescio
596 2029 662 2108 quis
685 2039 735 2091 aut
754 2027 881 2090 dria'nus
904 2037 954 2090 aut
977 2029 1153 2090 Soainianus
1177 2037 1205 2090 et
1227 2029 1314 2090 nobis

103 2111 212 2176 obiiciat
238 2113 276 2174 ab
305 2131 341 2174 eo
371 2132 432 2175 non
461 2123 543 2175 reate
568 2113 687 2192 probari
716 2114 865 2193 montedo
893 2113 989 2176 divina
1011 2113 1059 2174 illa
1081 2113 1218 2174 attributa
1239 2113 1314 2174 Filio

102 2195 146 2258 liei
167 2199 353 2260 conveniant.
396 2196 481 2260 Nune
508 2198 588 2258 enim
615 2216 676 2259 non
697 2199 874 2277 inquirimus
896 2217 983 2277 quam
1005 2197 1110 2270 valida,
1139 2197 1217 2276 quod
1240 2216 1314 2276 pro-

102 2279 163 2344 batu
183 2293 282 2344 tamen
305 2281 473 2344 facillimum
495 2291 550 2354 est,
573 2301 606 2343 ao
627 2283 712 2342 firma
734 2283 794 2343 sint
816 2283 880 2344 eins
903 2291 1085 2361 argumenta.
1110 2282 1163 2342 sed
1185 2283 1316 2360 quaesit

102 2367 157 2426 eius
179 2367 338 2440 sententia,
361 2383 448 2445 mant
469 2367 596 2445 probare
617 2367 719 2428 voluit.
749 2367 834 2445 Atqui
857 2385 893 2427 ex
914 2367 1010 2445 ipsius
1031 2366 1131 2427 verbis
1154 2366 1314 2427 evidentis-

102 2449 167 2512 sime
188 2452 345 2512 coniicitur
366 2451 446 2512 illum
468 2452 602 2530 aliosque
625 2471 728 2511 omnies
751 2452 934 2511 orthodoxos
957 2451 1020 2512 eius
1047 2452 1152 2512 aetatis
1169 2451 1314 2512 Christia-
1411 2482 1417 2494 ·

103 2551 151 2594 nos
177 2555 234 2614 pro
264 2543 344 2596 nerto
373 2535 493 2614 penitus
519 2536 662 2596 hahuisse
696 2535 820 2596 Verbum
850 2543 881 2594 et
907 2535 1010 2596 Filium
1040 2535 1090 2596 net
1117 2553 1218 2596 rerum
1248 2553 1316 2596 essa

102 2617 186 2680 &um
215 2639 339 2699 eosque,
367 2620 453 2680 sicuti
486 2619 627 2692 Praxean,
656 2627 757 2680 eontra
784 2637 871 2698 quern
900 2620 940 2680 ibi
968 2620 1015 2681 ille
1037 2620 1168 2699 disputat
1190 2629 1219 2680 et
1240 2618 1316 2680 alins

103 2705 215 2765 onmino
238 2723 365 2776 errasse,
388 2703 436 2783 qui
459 2723 545 2765 senus
568 2704 745 2765 sentiebant.

179 2789 368 2868 Quapropter
395 2789 462 2850 alibi
490 2789 570 2850 hunc
590 2789 643 2849 Ilei
666 2805 833 2850 sermonem
857 2795 886 2847 et
907 2787 1012 2847 Filium
1033 2787 1113 2847 Patri
1136 2804 1190 2846 suo
1213 2804 1315 2863 parem

105 2879 128 2932 el
148 2874 308 2952 aequalem,
331 2873 399 2942 alibi
422 2872 487 2950 ipso
510 2891 569 2933 non
593 2873 737 2934 minorem
754 2890 821 2932 esse
837 2871 1034 2931 disertissime
1049 2871 1213 2948 profitetur.
1242 2869 1315 2929 Nam

104 2975 162 3018 mm
189 2957 319 3031 Patrem,
348 2957 452 3036 inquit,
479 2975 586 3037 parem
615 2957 674 3018 sibi
698 2958 825 3034 foriens,
856 2958 895 3015 de
919 2974 976 3034 quo
1002 2955 1191 3033 prosedendo
1220 2953 1315 3014 Filius

104 3042 196 3116 lactus
219 3052 265 3104 est
286 3041 372 3116 (lbid.
389 3059 451 3120 cap.
468 3045 521 3118 7.).
551 3041 659 3101 Postea
682 3057 767 3099 voro:
791 3039 871 3099 ldem
886 3038 939 3098 [toi
954 3037 1054 3110 Pilius,
1082 3037 1179 3098 llnurn
1200 3055 1315 3109 snmus,
1423 3035 1426 3042 '

105 3127 205 3197 dicens,
229 3144 281 3205 eqo
304 3137 333 3188 et
357 3126 456 3197 Pater,
480 3126 610 3188 ostendit
633 3125 708 3185 aluos
731 3143 802 3194 esse,
826 3142 900 3204 qnos
923 3132 1030 3202 aequat
1053 3132 1082 3183 et
1103 3126 1200 3200 s'unqit
1229 3121 1315 3193 (lbid.

105 3227 160 3288 sap.
182 3213 257 3286 22).
301 3210 416 3271 Rursus
438 3217 535 3271 autem
558 3209 615 3271 alio
638 3208 667 3269 in
689 3207 779 3269 libro:
818 3207 856 3268 tr
878 3208 995 3276 Sermo,
1025 3205 1137 3284 inquit,¹
1153 3205 1243 3276 Dens,
1267 3209 1319 3285 qui

103 3297 132 3354 is
153 3296 248 3376 effipie
268 3295 329 3356 liei
350 3299 531 3358 eonstinetus
553 3312 616 3354 non
639 3296 779 3372 rapinam
800 3296 985 3354 em'str'rnavit
1007 3291 1208 3370 pariorilieo
1225 3291 1317 3361 (lolem

105 3377 149 3437 lib.
169 3381 204 3440 de
225 3380 348 3441 Resurr.
371 3379 458 3440 Corn.
481 3397 544 3458 oap.
568 3381 621 3452 6.).
665 3377 807 3438 nudtvisu
830 3395 902 3438 sane
923 3394 1010 3454 quam
1032 3375 1189 3454 perspicue
1211 3375 1317 3436 Filium

106 3459 152 3522 Dei
170 3463 247 3525 Patri
276 3481 333 3524 suo
359 3481 461 3542 paren
489 3463 697 3540 aequalemque
726 3461 860 3533 adseren
889 3461 946 3522 iarn
974 3460 1041 3521 audi
1063 3460 1213 3539 quomodo
1236 3460 1317 3520 illum

108 3563 159 3606 non
179 3549 323 3609 minorem
346 3567 415 3608 asse
437 3548 599 3626 praedicet:
631 3548 739 3608 Omnia
761 3547 820 3612 sili
840 3547 955 3607 tradito
978 3547 1049 3606 dicit
1070 3564 1089 3606 o
1113 3545 1214 3608 Patre.
1243 3545 1318 3605 Cre-

109 3631 163 3704 das,
182 3639 210 3694 si
229 3638 381 3695 creatoris
404 3642 450 3694 est
472 3633 620 3702 Christus,
644 3637 729 3692 ouius
754 3636 861 3700 omnio,
889 3633 1043 3709 quianon
1063 3629 1177 3689 minori
1197 3647 1228 3688 se
1250 3638 1319 3688 tro-

109 3715 173 3778 lidit
194 3722 292 3779 omnio
314 3717 391 3779 Filio
415 3727 546 3790 oreotor,
569 3735 644 3797 quae
664 3733 799 3796 pereum
814 3716 956 3783 condidit,
977 3733 1033 3792 per
1047 3729 1216 3774 sermonem
1230 3729 1318 3770 suum

111 3800 208 3863 seilicu
229 3802 323 3870 (ldem
346 3801 396 3862 lib.
413 3801 459 3863 lV.
481 3802 597 3888 advers.
620 3801 759 3860 Marcion.
783 3817 846 3876 cap.
862 3801 937 3874 ns).
968 3798 1054 3874 atqui
1077 3797 1103 3856 si
1126 3812 1185 3854 non
1208 3793 1316 3865 minor,

111 3883 156 3943 sed
179 3905 229 3964 par
256 3897 287 3947 et
315 3885 445 3964 aequalis
467 3885 546 3946 Patri
575 3903 630 3946 suo
660 3884 700 3943 sit
726 3884 779 3943 net
800 3882 902 3954 Filius,
932 3899 1020 3942 verus
1048 3876 1242 3958 proculdubio
1271 3885 1319 3938 est

112 3985 168 4028 mm
191 3991 225 4031 eo
253 3971 347 4032 lieus.
393 3970 509 4030 Etenim
537 3969 572 4030 ab
602 3967 935 4038 eodemlertulliano,
970 3967 1046 4024 siout
1082 3979 1151 4024 mox
1178 3960 1316 4030 vidimus,

113 4049 257 4116 altissimus
280 4064 311 4117 et
332 4054 522 4133 omnipotens
544 4054 660 4114 dicitur.
703 4052 741 4112 At
760 4069 816 4112 neo
837 4051 896 4110 duo
918 4046 1053 4110 altissimi
1075 4056 1106 4107 et
1126 4045 1316 4124 omnipoten-

115 4141 163 4208 tes,
185 4141 257 4202 siout
284 4158 340 4201 nec
362 4139 421 4200 duo
444 4138 484 4199 dii
507 4157 575 4200 esse
596 4145 733 4216 possunt.
777 4136 850 4196 Nam
873 4134 951 4206 alibi,
966 4133 1024 4194 -uti
1047 4129 1316 4203 animadvertimus,

117 4215 210 4284 dixerat
229 4225 323 4286 Deum
345 4225 414 4285 ideo
436 4241 504 4284 esse
526 4241 628 4295 unum,
652 4221 719 4300 quia
742 4229 789 4281 est
810 4235 944 4280 summus
967 4225 1053 4294 atque
1078 4215 1199 4288 ideireo,
1221 4215 1315 4286 lleus,

115 4299 203 4382 inquit,
224 4315 253 4370 si
270 4327 336 4373 non
356 4327 439 4370 unus
461 4319 514 4378 est,
536 4325 599 4369 non
622 4317 667 4369 est
689 4305 771 4384 (Cap.
795 4321 895 4382 snper.
918 4303 978 4362 Art.
994 4305 1044 4377 l.).

185 4392 265 4454 Plura
287 4401 388 4454 autem
411 4392 437 4453 si
458 4391 525 4472 quis
547 4391 705 4461 desideret,
739 4391 765 4450 is
788 4389 897 4466 ipsum,
920 4385 956 4446 de
978 4405 1036 4464 quo
1058 4385 1182 4464 agimus,
1205 4383 1317 4461 Apolo-

68 4505 73 4516 ·
115 4473 221 4543 stlitem
243 4478 309 4540 eius
337 4477 447 4538 librum
470 4477 564 4549 adeat,
592 4475 643 4536 ubi
665 4474 722 4546 illa,
752 4481 822 4552 post
842 4472 962 4532 brevem
985 4471 1162 4532 christianae
1185 4469 1221 4529 de
1242 4467 1317 4528 Filio

117 4553 168 4629 liei,
187 4561 302 4624 Christo
324 4562 465 4636 domino,
496 4561 646 4622 domitae
668 4558 883 4639 expositionem
911 4555 1047 4617 ethnicos
1069 4556 1142 4616 haec
1163 4552 1319 4630 alloquitur
1432 4645 1435 4652 .
1541 4609 1544 4622 ,
