3126 5250
487 381 621 426 sacroue
643 381 701 426 nro.
724 381 761 426 ns
783 381 909 426 nomer.
1243 365 1322 440 2⁷1·

90 550 146 594 esre
167 531 257 594 vobio
275 540 395 611 potest,
419 549 485 594 cuns
512 542 599 596 tanto
621 532 773 594 hominum
798 531 976 603 multitudo,
995 550 1072 613 pore
1091 551 1188 614 poene
1207 537 1306 596 molor

92 619 215 678 ndentes
239 619 396 698 mirisque,
429 620 462 678 in
483 616 604 679 silentio
627 629 656 680 et
675 619 820 680 modestia
842 620 972 698 ominus,
1003 617 1120 698 sinonis·
1137 619 1221 697 sorte
1241 621 1309 682 noti

89 705 172 781 nome
198 719 291 783 quom
313 720 429 773 omnes,
471 720 526 764 uec
547 701 669 764 aliunde
689 706 782 780 mopsi
804 701 971 773 noscibiles,
994 721 1082 782 mum
1104 704 1138 764 de
1169 704 1307 766 mundo-

89 790 161 848 tione
187 789 337 848 citiorum
358 785 492 858 (Tertull.
516 785 566 848 lib.
589 787 625 848 ad
648 786 764 865 Scapul.
786 804 848 864 cap.
870 788 923 861 2.).

165 869 259 932 Tales
281 869 370 949 igitur
391 877 453 932 tum
475 878 559 933 erent
580 870 748 945 Christiani,
776 888 902 949 quorum
922 870 1018 932 maior
1039 878 1102 932 erat
1122 889 1209 949 mem
1230 888 1305 950 gen·

87 955 176 1016 ibam
201 973 356 1016 numerus.
398 954 460 1016 Neo
485 956 592 1016 mirum
620 975 707 1029 sane,
739 954 765 1016 si
785 963 846 1016 tam
871 955 952 1034 pium
981 959 1171 1033 suadumque
1192 953 1307 1018 vivendi

85 1057 189 1118 genus,
213 1039 271 1100 etsi
293 1057 359 1100 cum
383 1039 506 1102 ethnicis
527 1040 674 1120 permixti,
697 1047 951 1112 consectarentur3
979 1038 1213 1118 quandoquidem
1234 1039 1309 1102 nihil

85 1123 234 1203 antiquius
264 1123 431 1203 cariusque,
445 1123 607 1197 habehant,
641 1143 728 1204 qnam
756 1123 792 1186 iis
822 1123 1013 1186 sanctissimis
1036 1123 1159 1204 obsequi
1180 1123 1305 1202 legibue,

84 1227 153 1288 quas
179 1217 327 1270 noverant
348 1208 404 1270 sibi
426 1229 442 1270 e
464 1209 525 1272 Deo
548 1221 578 1272 et
599 1209 717 1272 Christo
740 1207 860 1274 domino
883 1207 962 1270 datas
991 1217 1020 1270 et
1042 1208 1177 1272 omnibus
1198 1209 1305 1270 huma-

83 1293 127 1355 nis
149 1293 245 1372 longe
265 1293 505 1373 praestantiores.
535 1294 622 1368 Quod
644 1293 761 1373 quidem
782 1293 840 1356 iam
862 1293 948 1354 nohis
970 1311 1035 1356 oum
1054 1292 1180 1355 Auctore
1201 1301 1305 1356 nostro

84 1378 271 1457 probandum
292 1377 443 1440 incumbit.

587 1531 754 1582 surreptus
772 1531 801 1582 ll.

85 1634 196 1685 Quantum
220 1633 394 1678 christianorum
418 1635 481 1689 lapse
505 1633 640 1690 portentione
665 1645 705 1677 sue
730 1640 795 1688 etque
821 1631 951 1676 auctoritate
975 1631 1031 1674 alias
1055 1643 1133 1676 omnes
1157 1633 1305 1688 saeculum

122 1701 182 1744 letes
200 1710 314 1756 superent,
333 1713 376 1756 qua
394 1702 510 1746 sedulitate
528 1703 699 1746 observarentur
717 1701 743 1744 eh
761 1701 840 1744 iisdem
858 1697 995 1751 Christianis,
1014 1698 1051 1754 qui
1069 1699 1151 1744 idcirco
1170 1700 1258 1746 botulos

171 1780 252 1812 rmore
270 1767 385 1821 distentos,
403 1769 444 1812 sihi
463 1769 490 1813 ab
509 1769 601 1813 ethnicis
620 1770 714 1822 oblatos,
732 1769 780 1824 ipso
798 1768 855 1811 ritae
873 1766 973 1822 periculo
991 1765 1057 1810 edera
1078 1768 1219 1812 recusabant

174 1881 249 1944 Cum
268 1883 371 1962 religio
392 1884 552 1946 christiana
573 1903 590 1946 a
611 1903 682 1946 vero
704 1883 765 1946 ileo
800 1882 923 1962 eiusque
950 1881 1024 1943 Filio
1052 1882 1171 1944 lundata
1192 1884 1305 1947 cousti-
1337 1875 1345 1892 ⁸

85 1975 210 2045 tutaque
232 1967 278 2042 sit,
306 1987 411 2030 omues
433 1968 626 2048 proculdubio
648 1969 726 2030 illius
747 1968 827 2046 leges
848 1965 1079 2046 perfectissimae
1101 1985 1166 2030 esse
1188 1968 1304 2032 debent.

85 2051 288 2124 Quamobrem
311 2053 483 2116 Tertulliani
505 2063 637 2134 tempore
659 2053 716 2116 illie
732 2051 889 2116 Christiani
913 2070 948 2112 eo
971 2051 1074 2113 maiori
1097 2071 1166 2114 cura
1188 2053 1305 2116 obtem-

86 2136 239 2216 perabant,
262 2157 321 2218 quo
343 2138 452 2200 certius
473 2146 614 2200 noverant
636 2158 686 2200 eas
702 2156 769 2199 esse
791 2138 863 2198 latas
878 2135 914 2197 ab
930 2137 1027 2197 omnia
1049 2137 1166 2198 vidente
1188 2147 1217 2200 et
1239 2157 1305 2214 orn·

89 2223 250 2302 nipotente,
273 2223 324 2300 qui
344 2223 454 2284 idcirco
476 2243 493 2284 a
514 2223 632 2285 nemine
653 2241 778 2302 prorsus
793 2239 848 2284 nec
868 2219 926 2283 salli
948 2238 1003 2282 uec
1024 2220 1144 2301 impune
1159 2224 1307 2286 contemni

90 2314 192 2385 potest.
238 2307 338 2368 Palam
359 2307 456 2387 itaque
476 2307 586 2370 Auctor
607 2315 710 2370 noster
732 2307 879 2369 universis
901 2305 1067 2368 denuntiat:
1100 2305 1306 2373 innocentiam

94 2410 110 2450 a
134 2391 196 2454 ileo
226 2393 324 2454 edocti
347 2395 515 2473 perfectum
537 2412 601 2454 eona
622 2396 768 2463 novimus,
797 2403 831 2454 ut
854 2391 1028 2472 opersecto
1049 2386 1194 2470 mopistro
1216 2411 1304 2455 rene-

100 2473 188 2549 lctorn,
214 2487 245 2539 et
266 2477 397 2556 fideliter
409 2477 610 2549 'custodimus
633 2488 668 2539 ut
682 2478 718 2540 ob
735 2475 984 2555 incontemptibili
998 2477 1165 2556 dispectore
1178 2479 1305 2540 mondo-

103 2568 155 2621 ton
172 2561 356 2635 (Tertullian.
378 2561 530 2642 Apologet.
553 2579 615 2641 cap.
638 2566 713 2638 45.].

171 2645 206 2708 lt
228 2647 360 2708 sancitae
387 2647 499 2708 asolis
528 2646 697 2708 hominihus
720 2645 799 2724 leges
828 2643 1012 2706 ethnicorum
1039 2643 1125 2721 plane
1152 2654 1221 2706 sunt
1247 2645 1305 2706 im-

96 2731 233 2806 periectee
262 2737 446 2810 possuntque
468 2731 505 2792 ab
527 2731 664 2792 omnihus
686 2731 807 2810 impune
829 2729 946 2806 sperni,
975 2727 1158 2800 labefactari,
1188 2729 1304 2791 violari:

95 2813 162 2876 d‘orr
184 2827 314 2896 monto,
342 2816 439 2895 pergit
460 2815 674 2894 Tertullianus,
704 2815 767 2876 sire
788 2814 873 2876 utin
894 2812 1006 2874 nostris
1027 2811 1177 2874 codicibus
1200 2813 1307 2892 legitur

93 2909 181 2972 tento,
204 2900 235 2961 id
258 2909 306 2962 est
328 2908 386 2961 tam
407 2918 496 2980 parve
518 2908 547 2962 et
562 2899 674 2978 exigua,
691 2907 738 2960 cst
751 2901 918 2961 ouctoritoe
932 2895 1063 2958 hominis
1078 2897 1117 2958 nd
1131 2899 1307 2977 carpendum

92 2983 185 3061 (ibid.)
213 2985 303 3046 iidem
332 2985 428 3064 legum
450 3004 466 3046 a
489 3004 523 3046 se
543 2983 667 3046 latarum
689 2982 863 3056 oustodiam,
893 2990 926 3044 ut
944 2989 1004 3043 tam
1026 2981 1109 3042 iacile
1130 2980 1188 3042 lalli
1210 2982 1308 3060 possit

90 3087 173 3145 quam
200 3069 239 3130 ah
267 3070 406 3132 omnihus
430 3069 587 3131 contemni.
631 3068 673 3129 Ea
695 3077 742 3130 est
763 3067 843 3128 enim
863 3065 984 3128 humani
1011 3064 1120 3144 ingenii
1142 3065 1305 3142 infirmitas,

89 3162 121 3213 ut
140 3154 239 3216 nullus
261 3155 352 3216 homo
375 3154 423 3216 illa
445 3153 543 3215 omnia
556 3152 652 3232 possit
664 3152 844 3233 praevidere,
868 3167 941 3230 quae
956 3150 1060 3211 ceteris
1076 3150 1214 3211 omnihus
1229 3151 1308 3214 hona

90 3247 118 3298 et
138 3239 213 3300 mala
245 3247 296 3300 eut
323 3257 441 3318 semper
462 3256 601 3300 mansura
622 3246 700 3299 suut.
745 3237 928 3298 Tentavere
951 3234 1152 3314 improborum
1175 3243 1220 3296 est
1241 3254 1306 3298 rna-

89 3321 166 3397 litia,
197 3331 231 3384 ut
251 3324 369 3402 plmimi
390 3342 502 3402 poenas
523 3319 823 3403 praevaricatoribus,
856 3339 1066 3400 aquacunque
1094 3321 1221 3383 humane
1241 3322 1306 3403 lege

90 3405 222 3482 indictas,
245 3407 323 3470 haud
346 3406 500 3470 difficiliter
520 3407 676 3470 declinent.

171 3493 310 3554 Pluribus
332 3500 485 3572 praeterea
506 3491 646 3571 exemplis
668 3490 866 3554 Tertullianus
890 3489 1018 3552 ostendit
1038 3488 1124 3568 longe
1145 3490 1305 3569 perlectio-

92 3594 139 3636 res
168 3596 235 3638 esse
269 3577 505 3639 Christianorum
542 3595 628 3656 quam
650 3576 800 3656 gentilium
821 3576 911 3653 leges.
935 3574 1085 3652 ¹Prirumn
1107 3575 1203 3647 euim,
1237 3575 1308 3655 qnid

91 3659 218 3738 plenius,
241 3661 338 3741 inquit
359 3662 469 3738 (ibid),
492 3672 536 3724 eet
558 3663 672 3724 dicere:
696 3661 765 3723 Nou
787 3663 914 3730 occides,
946 3677 986 3720 oa
1009 3660 1130 3722 docere:
1158 3659 1203 3720 Ne
1224 3662 1308 3721 irue-

93 3749 170 3808 cnris
196 3749 315 3827 quidem
343 3747 456 3817 (hiatth.
479 3747 512 3808 V.
535 3749 573 3809 21
605 3755 634 3808 et
656 3744 777 3824 sequi?
806 3744 899 3824 Atque
921 3743 961 3804 ita
982 3743 1013 3803 in
1036 3742 1171 3804 omnihus
1193 3742 1306 3802 nostris

93 3829 238 3892 codieihus
261 3841 291 3892 et
313 3831 490 3894 editionibus
512 3830 657 3909 antiquis:
680 3830 733 3892 sed
754 3829 853 3908 priora
875 3828 963 3890 verba
978 3826 1100 3905 Rigaltio
1123 3844 1182 3887 non
1204 3825 1307 3903 placu-

94 3923 178 3976 erunt
210 3915 358 3995 scribique
385 3915 487 3978 iussit:
522 3915 743 3995 Quidplenius
766 3915 951 3976 dictumest.
997 3909 1093 3972 Voluit
1113 3908 1306 3988 proculdubio

94 3999 193 4075 purius
216 4009 246 4062 et
267 4000 452 4062 emendatius
472 3999 641 4078 loquentem
663 4001 759 4060 lacere
781 3997 1000 4058 Tertullianum.
1028 3997 1065 4056 At
1086 3994 1112 4056 si
1133 3994 1180 4054 len
1200 3995 1306 4056 huma-

95 4099 142 4154 na,
168 4084 260 4164 inquit
281 4086 348 4160 iste,
377 4085 516 4165 prohihet
536 4084 720 4156 adulterium,
750 4083 796 4143 lex
818 4082 913 4144 divina
935 4087 1014 4142 arcet
1035 4078 1122 4141 etiam
1143 4079 1179 4140 ah
1202 4079 1305 4140 oculo·

96 4183 160 4227 rom
178 4170 320 4232 solitario
342 4172 582 4249 concupiscentia
604 4168 712 4244 (ibid).
755 4166 834 4228 Dixit
856 4167 1005 4237 solitario,
1030 4163 1064 4224 id
1086 4161 1132 4225 e'st
1153 4164 1225 4232 sola.
1255 4183 1305 4226 se-

97 4259 218 4315 cremet
240 4254 362 4316 ecculm.
392 4254 441 4316 Sic
455 4253 557 4316 Cicero
579 4253 714 4316 virtutem
736 4251 896 4313 solitariam
919 4269 985 4312 esse
1006 4266 1067 4309 non
1088 4267 1178 4328 posse
1199 4247 1308 4311 asserit

98 4343 126 4394 et
146 4347 276 4402 naturam
297 4339 371 4402 nihil
391 4358 490 4401 amare
509 4337 672 4402 solitarium
695 4337 799 4411 (Cicer.
821 4334 871 4396 lih.
894 4335 930 4396 de
951 4332 1065 4396 hmicit.
1086 4351 1117 4412 p.
1139 4335 1190 4398 43.
1212 4333 1263 4396 liu.
1277 4337 1306 4398 7.

99 4424 128 4478 ot
148 4425 217 4500 tt).
260 4424 322 4486 Lex
343 4425 441 4504 itaque
462 4423 560 4484 diviua
580 4442 641 4484 non
662 4423 750 4484 modo
772 4418 963 4492 adulterium,
993 4417 1069 4480 sicut
1088 4419 1230 4494 humana,
1253 4418 1307 4480 sed
1350 4423 1353 4430 '

99 4515 234 4570 muctam
255 4528 373 4589 quoque
396 4517 425 4570 et
447 4507 587 4570 occrdtam
610 4507 762 4570 oculorum
783 4503 1048 4582 concupiscentiam
1069 4505 1215 4583 prohibet.
1292 4513 1293 4518 ’

178 4593 220 4655 hd
239 4595 312 4656 haee
332 4613 419 4668 vero,
451 4593 498 4656 lex
519 4593 645 4656 humane
666 4610 726 4676 non
746 4588 918 4654 maleficium
941 4587 1074 4668 quidem,
1108 4590 1161 4651 sed
1181 4587 1305 4650 iniuriae
