3082 5238
262 372 326 441 58²
347 393 386 436 ne
400 353 475 436 vum
489 371 603 434 iurare
616 391 653 434 ae
667 389 815 436 ιιιοιιιιιιι
825 389 1016 436 1ιιιιιιιιιιιιιιι
1029 389 1227 434 auronum
1241 389 1424 436 nrsrnrarm

262 541 475 604 Tertullianum
498 559 574 620 opus
595 541 730 604 nondum
751 541 915 622 perlectum
937 539 1059 604 citasse!
1097 541 1228 603 lluceine
1249 559 1320 602 vero
1345 548 1378 602 et
1400 545 1490 620 potnit

262 633 346 688 tanto
374 626 438 687 viro
468 625 639 704 scmpulum
666 625 797 700 iniicere,
826 625 877 704 qui
899 624 1005 692 millies
1024 625 1055 686 in
1077 625 1298 687 commentariis
1321 625 1389 686 suis
1414 626 1489 704 ipsos

261 711 356 772 libros
379 727 451 772 suos
472 727 632 790 numquam
653 709 807 773 absolutos
829 717 992 772 antestatus
1015 707 1085 772 esti
1114 707 1279 790 eodemqst
1300 707 1398 770 modo
1423 709 1489 772 Tea·

262 793 415 856 tnllianum
438 792 536 872 egisse
557 793 624 872 quis
646 793 774 872 negabit,
797 793 823 856 si
845 793 964 872 quidem
985 802 1102 856 nostras
1123 794 1223 855 nostri
1243 793 1419 874 argumenti
1434 795 1490 855 ain

262 877 354 940 dicias
385 877 498 957 legerit.
542 875 676 958 Denique
704 878 775 940 dicit
801 871 1014 940 Tertullianum
1046 878 1083 940 de
1115 877 1192 950 locu,
1225 895 1284 958 quo
1312 877 1418 938 saneti
1447 879 1490 938 rin

262 961 468 1024 contineantur
495 979 512 1022 a
539 969 637 1023 morte
663 960 701 1023 ad
726 962 821 1024 ultimi
849 961 947 1026 iudicii
975 959 1063 1037 diem,
1091 961 1148 1024 alia
1176 961 1208 1022 in
1227 961 1304 1022 libro
1328 961 1371 1023 de
1393 961 1490 1023 Anima

170 1065 174 1072 ·
263 1049 378 1122 (udi.)
400 1043 737 1126 dequellesurrectione
758 1046 881 1123 (ιιι),
904 1045 959 1106 alia
983 1045 1244 1108 inlutimarcione
1266 1045 1332 1120 (lib.
1345 1045 1400 1107 tv.
1414 1049 1491 1120 034.)

261 1131 391 1192 tradere.
433 1128 540 1192 dudio.
584 1130 644 1192 Sed
666 1131 807 1210 numquid
829 1129 880 1192 isti
900 1123 969 1190 libri
990 1139 1122 1210 pugnant
1143 1129 1174 1190 in
1196 1128 1233 1192 iis
1254 1129 1344 1202 locis,
1369 1149 1454 1208 quos
1467 1150 1491 1190 se

262 1214 304 1276 ait
330 1215 362 1276 in
391 1213 590 1294 disputatione
616 1215 760 1276 adversus
782 1213 961 1276 Marcionem
989 1211 1212 1294 pertractasse?
1256 1213 1323 1274 linc
1346 1232 1426 1274 reru
1449 1233 1492 1274 nea

263 1297 470 1360 Tillemontius
500 1316 627 1377 uuquam
657 1299 802 1377 probavit,
834 1317 889 1360 nee
918 1298 1084 1377 quisquam,
1115 1297 1142 1358 si
1169 1297 1200 1358 in
1222 1297 1292 1358 aliis'
1311 1297 1353 1358 ad
1377 1317 1492 1360 cauma

263 1382 416 1462 propriam
443 1399 504 1442 non
531 1381 748 1462 pertinentibus
770 1401 788 1444 a
809 1401 843 1444 se
866 1382 1064 1445 Tertullianus
1087 1381 1237 1456 deiecerit,
1266 1381 1353 1454 dicit,
1383 1382 1491 1444 admitti

264 1464 351 1530 taleni
372 1464 593 1529 conclusionem
618 1484 722 1547 posse.
843 1461 846 1472 ’

804 1637 833 1709 5.
857 1631 947 1694 XXX.

351 1751 412 1811 lam
433 1749 523 1810 nobis
546 1749 675 1811 libellum
698 1749 735 1810 de
755 1747 848 1810 Pallio
872 1747 1056 1810 tractandum
1080 1765 1243 1820 sumamus,
1266 1747 1442 1810 obscurum
1463 1751 1491 1809 it-

262 1833 326 1894 inm
348 1834 465 1911 quidem
488 1841 517 1894 et
539 1834 612 1896 satis
635 1833 807 1905 contusum,
841 1833 893 1893 sed
922 1849 1028 1910 magna
1055 1840 1155 1892 tamen
1185 1831 1283 1892 omnis
1307 1833 1491 1912 antiquitatis

265 1917 388 1978 scientie
410 1919 561 1980 refertum.
604 1917 647 1978 De
670 1917 757 1978 onius
776 1924 872 1978 aetate
894 1935 959 1977 cnm
982 1915 1043 1976 sint
1068 1923 1114 1976 tot
1135 1915 1343 1994 discrepantes
1368 1917 1491 1978 virumn

265 2001 505 2063 doctissimorum
529 2001 709 2072 sententiae,
738 2000 767 2061 id
789 2019 911 2078 agamus
934 2017 1058 2061 necesse
1081 2007 1143 2072 est,
1171 2005 1205 2059 ut
1224 1999 1270 2060 vel
1292 2019 1349 2061 eas
1374 2003 1490 2062 mndid·

264 2085 465 2146 examinemus
493 2084 539 2145 vel
561 2093 696 2146 nostram
717 2103 930 2163 proponamus.
986 2083 1093 2144 Existit
1114 2092 1212 2145 autem
1233 2082 1282 2143 laic
1303 2084 1414 2162 primo
1437 2087 1491 2146 lom

265 2169 408 2247 quaedam
431 2167 567 2248 quaestio
589 2168 671 2229 lacile
694 2167 892 2247 expedienda,
924 2185 1070 2246 quaenam
1097 2167 1138 2229 sit
1158 2167 1215 2227 ista
1235 2174 1424 2247 proesentis
1446 2175 1492 2230 aie

210 2277 215 2286 ·
261 2255 346 2333 perti
367 2252 482 2331 tm'plen
503 2255 621 2323 uirtus,
645 2251 707 2315 Deo
729 2263 775 2314 tot
796 2254 939 2332 Augustis
961 2255 994 2312 iu
1014 2269 1109 2312 unum
1130 2253 1266 2330 facente,
1297 2253 1352 2313 cni
1376 2253 1493 2314 Tertul-

264 2335 362 2396 lianus
385 2333 487 2396 tribuit
509 2353 614 2396 eorum
636 2344 802 2416 temporum
824 2335 1020 2396 leliuimtemt.
1064 2335 1197 2412 Namque
1219 2334 1289 2395 aliih
1325 2335 1378 2396 his
1411 2355 1493 2398 uunn

266 2418 410 2480 Severum
432 2418 591 2480 indicatum
613 2420 716 2480 volunt
736 2427 908 2499 propterea,
944 2419 1023 2497 qnod
1046 2427 1106 2480 tres
1128 2417 1195 2478 illos
1218 2419 1340 2497 imperii
1364 2423 1494 2482 aemulus

264 2501 425 2582 lulianum,
458 2502 581 2580 Nigrum
603 2511 632 2564 et
652 2503 788 2564 Albinum
810 2509 1015 2582 superaveram
1054 2502 1102 2563 alii
1125 2520 1191 2563 cnm
1213 2501 1304 2581 Nigro
1337 2513 1371 2565 et
1394 2505 1493 2566 Albino

267 2585 441 2660 Severum⁵;
464 2586 512 2648 alii
527 2587 673 2659 Albinum,
697 2587 838 2648 Seremm
861 2596 891 2648 et
905 2585 1118 2660 Antonianum,
1141 2585 1267 2664 denique
1283 2585 1335 2646 alii
1353 2587 1494 2650 Sevemn

267 2688 334 2731 cum
361 2669 478 2731 duobus
507 2671 573 2732 tiliis
601 2671 745 2732 Bassiano
773 2670 902 2748 Getaqne
931 2670 1105 2748 intelligunt.
1150 2669 1208 2731 Sed
1238 2670 1331 2731 trium
1362 2673 1494 2751 prinmo

221 2807 227 2825 ,
266 2754 438 2833 opinionum
466 2755 576 2815 nullam
603 2755 711 2834 probo.
754 2754 829 2815 Nam
858 2773 891 2815 ea
914 2754 1047 2815 Gutherii
1078 2753 1208 2832 opinatio
1232 2762 1378 2816 contorta
1404 2769 1454 2818 est
1473 2769 1493 2817 a:

203 2863 212 2877 ·
263 2839 428 2918 perinepta‚
451 2846 484 2900 nt
505 2857 599 2918 paene
622 2839 764 2912 nesciam,
794 2857 830 2898 an
852 2838 918 2917 quis
940 2855 1069 2916 unquam
1092 2847 1152 2900 tarn
1174 2847 1275 2917 aperte
1297 2845 1329 2899 et
1353 2857 1493 2918 perversa

265 2931 297 2983 et
318 2923 390 2984 lalsa
412 2929 533 2984 secutus
556 2923 604 2984 sit.
647 2922 713 2982 Non
735 2931 853 3000 tangam
875 2922 905 2983 id
927 2921 1061 3000 quidem,
1093 2922 1205 2982 bonum
1233 2922 1332 2983 rimm
1365 2943 1436 2986 non
1456 2927 1493 2984 ri·

265 3005 363 3080 disse,
398 3005 544 3085 triplicem
565 3006 644 3067 illam
665 3007 803 3069 virtutem
828 3009 1002 3085 proesentis
1024 3006 1156 3084 imperii,
1188 3006 1347 3084 llenmque
1369 3009 1436 3070 dici
1459 3023 1495 3072 tot

211 3102 221 3114 ·
264 3090 407 3169 Augustis
428 3092 544 3169 sanasse
564 3091 596 3150 in
618 3107 719 3164 unum,
742 3091 798 3150 hos
813 3089 899 3150 etiam
916 3089 1021 3150 multas
1036 3089 1126 3150 nrbes
1147 3089 1339 3168 produxisse,
1364 3095 1494 3154 auxisse

264 3173 447 3247 reddidisse3
470 3173 548 3252 qnod
571 3174 648 3235 dicat
670 3173 740 3234 mihi
763 3173 840 3252 quis,
863 3191 901 3235 an
923 3174 960 3233 de
982 3171 1104 3244 loliano,
1127 3173 1217 3252 Nigro
1240 3181 1270 3235 ct
1284 3173 1403 3236 Albino
1421 3181 1496 3237 altir-

264 3257 340 3316 mari
372 3255 485 3334 queat?
521 3257 648 3318 maxime
679 3265 757 3330 tum,
790 3276 857 3317 cum
885 3257 943 3317 iam
972 3267 1073 3318 essent
1099 3256 1257 3318 interemti.
1302 3257 1370 3320 Nec
1395 3261 1495 3322 dican.

265 3355 353 3416 quarn
375 3339 450 3400 male
472 3339 601 3401 adhibita
623 3340 683 3402 sint
703 3341 864 3402 Herodiani
886 3340 974 3401 verba
997 3340 1059 3415 (lib.
1074 3340 1125 3402 lll.
1148 3361 1173 3401 o.
1198 3345 1251 3414 7.),
1275 3341 1327 3418 qui
1353 3343 1495 3406 &vernn

265 3422 390 3484 miratur
412 3420 469 3486 iau
491 3418 595 3506 ἄνδρα
616 3431 705 3506 τρεῖς
726 3421 913 3488 καθελόντα
933 3423 1091 3505 βασιλέας
1111 3418 1174 3509 ἤδη
1196 3425 1411 3506 spaniacum
1438 3439 1497 3488 smt

266 3506 345 3568 enirn
368 3507 441 3568 haec
462 3505 519 3567 iam
542 3527 559 3568 a
580 3506 722 3570 Boeclero
746 3509 818 3570 satis
841 3509 1021 3588 disputata¹.
1065 3509 1130 3568 llcc
1157 3526 1250 3570 unum
1272 3508 1361 3572 lubet
1384 3515 1496 3574 exarui

264 3608 347 3665 nare,
370 3591 450 3670 qnod
472 3591 507 3651 ad
530 3609 593 3652 rem
616 3599 751 3654 nostram
772 3593 803 3653 in
825 3592 929 3671 primis
951 3582 1090 3671 pmrtinet
1124 3600 1223 3653 utrum
1246 3593 1320 3653 Geta
1345 3595 1425 3658 ιὶιο
1449 3599 1496 3658 se-

263 3692 334 3736 vero
369 3693 517 3753 nunquam
552 3675 591 3737 sit
612 3675 705 3738 iactus
727 3674 902 3756 Augustus?
933 3676 1018 3748 Quod
1041 3693 1108 3736 oum
1130 3676 1201 3738 velit
1222 3675 1418 3752 (lutherius,
1444 3683 1497 3761 pti·

264 3777 346 3820 mnrn
370 3759 472 3821 Getam
496 3760 597 3820 Severi
619 3762 778 3822 fratremn
801 3759 873 3822 Geta
895 3759 1032 3832 Caesare,
1056 3759 1155 3820 Sereni
1178 3759 1249 3834 illio,
1276 3777 1343 3822 non
1368 3766 1498 3842 quiden

263 3851 297 3903 nt
319 3861 373 3922 par
396 3850 469 3917 erat,
491 3843 653 3922 distinguit.
697 3844 771 3905 Nam
792 3862 859 3904 cum
882 3843 1056 3922 Spartianus
1079 3843 1123 3919 (in
1139 3844 1207 3904 Sea.
1221 3864 1247 3903 c.
1261 3848 1327 3920 to.)
1353 3845 1497 3910 δειειιιι

264 3926 336 3988 dicit
363 3927 456 3988 lilium
486 3945 571 3988 suum
600 3928 776 3989 Bassianum
804 3927 960 3989 Caesarem
988 3927 1170 4006 appellasse,
1204 3938 1237 3988 ut
1257 3928 1391 3992 tratrem
1420 3951 1498 3994 suun

266 4011 368 4073 Getam
389 4030 406 4072 a
430 4029 484 4090 spe
507 4011 633 4090 imperii,
662 4030 750 4091 quam
772 4011 838 4090 ipse
859 4019 1046 4091 conceperat,
1069 4010 1268 4082 submoveret,
1291 4029 1407 4076 nonne
1434 4035 1498 4078 eon-

266 4101 440 4157 sentaneum
462 4103 524 4171 est,
546 4113 612 4158 eum
635 4096 673 4156 de
694 4095 783 4169 Geta,
805 4095 907 4158 Seueri
928 4097 1033 4168 fratre,
1061 4094 1155 4156 tuisse
1175 4093 1337 4156 locutum?
1386 4098 1499 4161 Deinde

298 4259 321 4306 g.
340 4245 463 4312 Cap.2p.
474 4245 522 4298 133
529 4246 570 4298 c:
589 4249 702 4305 οιαιιιιιιι
710 4250 802 4300 solima
811 4254 859 4299 out·
938 4249 952 4298 i.
971 4246 1153 4299 Centuriatoras
1166 4245 1359 4310 lltgdelmrgici.
1381 4249 1502 4304 &nutu

264 4311 377 4376 producit
403 4322 442 4364 out
460 4316 526 4364 aucit
545 4321 584 4365 not
601 4314 705 4366 reddidit
721 4317 850 4381 praesentit
901 4328 926 4379 p.
945 4313 1003 4366 241.

266 4379 357 4440 lantperti
374 4381 459 4443 triplec
476 4383 567 4433 vittata!
584 4383 630 4432 ileo
649 4389 682 4433 tot
699 4384 807 4462 lugeatis
825 4383 850 4431 in
935 4415 957 4464 k·
977 4414 1097 4465 &meum
1115 4415 1138 4464 in

265 4449 851 4568 ”ttttftt.tttt.:‘ttttttt⁶ltt..·.;
904 4481 979 4534 ur.

266 4585 359 4639 guamo.
377 4577 434 4631 edit.
452 4579 518 4645 lips.
536 4595 560 4644 p.
578 4579 636 4632 277.
936 4582 953 4632 l.
972 4581 998 4633 ln
1017 4589 1098 4634 annot.
1116 4581 1147 4633 ad
1165 4580 1255 4634 Herod.
1273 4595 1299 4646 p.
1316 4580 1384 4634 420.

1157 4413 1207 4464 ma
1218 4411 1368 4464 Tertulliani
1392 4431 1424 4481 p.
1444 4416 1502 4466 too.
