3166 5250
270 399 335 468 4⁸2
376 417 568 463 nisstttt'rs'rio
583 415 615 460 tu
630 415 677 466 uu.
693 413 778 459 ΕΒΗ.
792 413 878 458 FLOR·
893 411 1088 500 neptunum
1101 412 1322 460 anotocs'rtcott
1335 413 1412 458 CE'l'l'.

267 577 367 633 sutem
379 568 410 632 in
431 569 505 630 haec
524 568 632 648 templa
653 566 777 646 ingredi,
799 564 1044 646 quemadmodum
1066 583 1123 626 nec
1142 563 1250 645 aliquid
1263 566 1292 626 in
1307 565 1368 628 loro
1388 565 1461 629 alito-

272 655 318 716 rio
346 654 488 726 vendere,
520 653 579 715 nisi
606 652 705 714 soluto
734 651 845 714 tributo
868 650 982 712 licebat.
1027 649 1106 730 Ergo
1129 653 1184 730 qui
1200 655 1291 730 magis
1326 651 1464 712 tributarii

274 737 421 802 concludit
441 738 506 812 ille,
527 741 621 817 magis
645 741 752 808 soaeu',
774 739 862 798 emmo
884 739 937 818 qui
955 739 1049 816 magis
1071 739 1185 810 sonan,
1213 740 1303 814 magia
1325 735 1463 798 tributarii

273 823 387 901 (ibid),
419 823 449 884 id
476 829 522 883 est
548 839 607 902 quo
631 821 703 882 deus
725 820 797 882 lalsa
819 819 1003 881 ethnicorum
1031 819 1173 900 opinione
1195 819 1321 881 sanctior
1341 819 1460 880 aestim-

272 909 369 982 batur‚
392 923 428 969 co
449 907 545 968 maius
567 925 621 987 pro
644 905 753 966 illius
745 924 777 966 ιι
798 905 928 967 hastario
950 921 1033 992 mora
1056 913 1085 966 et
1099 903 1148 966 illo
1164 903 1364 966 venumdando
1379 904 1461 982 exige

273 987 345 1054 ban't
364 991 491 1072 pretium
514 1003 543 1053 et
564 991 715 1052 uibutum.

360 1077 486 1150 Quinam
514 1093 605 1156 porro
635 1075 675 1137 illi
704 1075 745 1136 dii
773 1072 881 1153 publici
907 1071 1033 1145 fuerint,
1069 1091 1085 1134 a
1116 1072 1203 1134 nobis
1226 1073 1253 1134 si
1274 1073 1338 1153 quis
1358 1071 1464 1134 forsitan

274 1161 486 1233 sciscitabitur,
518 1158 764 1256 respondebimus
792 1159 847 1220 hos
873 1157 997 1237 triplicis
1025 1157 1214 1237 potissimum
1242 1157 1333 1219 luisse
1348 1156 1462 1298 'generide

271 1246 328 1308 tilii
350 1247 428 1307 enim
450 1253 535 1306 erant
546 1245 585 1324 in
607 1244 737 1342 templis·
745 1242 889 1316 collocati,
912 1242 959 1304 alii
981 1241 1027 1304 vel
1048 1241 1179 1304 fabricati
1201 1242 1247 1304 ael
1269 1241 1356 1322 empti
1377 1239 1464 1302 etad-

271 1331 362 1404 veeti,
398 1329 446 1392 alii
477 1303 594 1392 tandem
626 1347 680 1408 per
710 1328 792 1388 vicos
815 1335 845 1389 ct
870 1325 1005 1406 plateas,
1042 1334 1075 1389 ut
1108 1345 1198 1406 supra
1229 1323 1464 1388 animadvertimus

242 1482 245 1488 ,
272 1415 380 1495 (Supra
402 1433 465 1494 cap.
487 1417 539 1478 24.
560 1415 623 1475 ιιι
646 1415 700 1488 4.,)
722 1413 817 1511 palam
839 1410 1130 1474 circumferebantur
1159 1413 1197 1473 dt
1216 1412 1304 1491 primi
1325 1410 1367 1470 vel
1387 1409 1464 1470 solam

273 1499 312 1560 cb
334 1506 518 1572 vetustatem,
541 1497 662 1561 secundi
685 1505 715 1559 et
735 1497 814 1559 tertii
837 1497 872 1557 ad
895 1496 1080 1558 ethnicorum
1102 1495 1257 1558 arbitrium
1271 1495 1382 1558 tributa
1402 1511 1462 1572 pen·

273 1585 344 1646 dere
367 1593 396 1647 et
417 1583 503 1644 vendi
525 1591 747 1656 consueverant.
790 1581 895 1643 Nonne
917 1599 987 1660 ergo
1010 1580 1059 1660 qui
1082 1581 1139 1642 diis
1162 1581 1225 1642 suis
1248 1589 1358 1643 tantam
1378 1578 1462 1640 inure—
1514 1595 1515 1618 v

274 1669 345 1732 bant
366 1669 514 1730 infamiam
537 1685 591 1729 nee
611 1667 678 1728 illos
700 1685 756 1729 nac
777 1683 880 1729 eorum
901 1665 1056 1727 simulacra
1078 1665 1152 1726 deos
1181 1675 1232 1727 aut
1262 1665 1359 1726 divino
1386 1662 1465 1740 aliquo
1514 1675 1515 1694 ι

274 1755 390 1816 bonore
411 1753 516 1833 dignos
538 1771 607 1814 esse
629 1751 715 1813 etiam
738 1751 820 1814 inviti
841 1749 935 1830 palam
956 1748 1144 1812 fatebantur?

768 1931 934 1988 nti-ricottis
953 1937 994 1988 ιιι.

275 2043 345 2095 Quum
362 2049 505 2098 praepostere
523 2041 616 2097 gentiles
634 2040 747 2088 Simonem
763 2039 858 2096 lingum,
876 2041 934 2085 sicut
950 2041 1006 2085 aiios
1025 2041 1079 2084 daos
1097 2051 1160 2094 euos,
1177 2047 1250 2084 statua
1269 2039 1375 2085 deisnncti
1394 2037 1469 2089 inaugv·

277 2110 381 2162 ravarino,
399 2121 483 2166 eoaque
501 2121 580 2153 omnes
598 2109 813 2165 repraesentaverint
830 2109 907 2153 eodem
932 2107 1007 2152 habim
1031 2108 1153 2164 iisdemque
1172 2109 1305 2164 insignibus,
1322 2105 1398 2163 quibus
1415 2109 1470 2149 aetas.

276 2189 321 2231 ars,
345 2179 457 2232 negotium
475 2185 525 2222 ante
543 2183 637 2222 mortem
653 2177 747 2228 merant,
772 2188 799 2220 ae
816 2187 883 2232 parea
900 2183 984 2220 statuae
1002 2176 1170 2232 imperatoribus
1187 2176 1244 2228 auia,
1269 2187 1310 2220 aen
1333 2173 1420 2218 mortuis
1439 2180 1469 2214 aer

399 2245 460 2294 vivis,
478 2246 607 2295 statuerinta
626 2257 668 2288 uec
685 2243 737 2288 inde
755 2244 837 2300 aliquid
855 2243 934 2287 condet
951 2255 1018 2299 posse
1036 2252 1113 2289 cenna
1131 2251 1220 2288 sanctos
1240 2244 1372 2288 Christiano·

793 2323 842 2368 rum
860 2313 974 2366 imagines.
1067 2351 1069 2356 .

361 2425 498 2488 Ultimum
521 2425 694 2491 Tertulliani
722 2425 900 2486 adversus
893 2445 1014 2488 insanos
1044 2426 1268 2488 simulacrorum
1291 2426 1415 2488 cultores
1433 2439 1470 2487 ar·

277 2517 447 2594 gumentum
470 2529 531 2572 uon
553 2511 634 2571 omni
655 2527 778 2590 prorsus
800 2509 968 2587 dillipultate
990 2520 1079 2572 caret.
1124 2507 1314 2592 Quapropter
1335 2510 1412 2572 illum
1429 2523 1471 2602 pa·

277 2615 398 2695 rumper
419 2597 513 2657 adbuc
533 2595 697 2670 audiamus,
730 2595 863 2656 ethnicos
892 2595 938 2656 bis
959 2595 1059 2657 verbis
1080 2595 1299 2677 increpantem.
1337 2596 1408 2668 Qua,
1436 2589 1470 2651 in·

276 2682 349 2762 quit,
372 2683 468 2742 bonta
484 2680 626 2755 quenes,
652 2681 784 2750 Cereres,
808 2679 934 2751 Diuum,
957 2681 1018 2740 sive
1040 2680 1153 2742 illarum
1175 2681 1356 2762 aliarumque
1377 2683 1470 2738 vestra-

276 2783 343 2829 rum
365 2767 484 2828 dearum
505 2781 539 2826 ac
566 2763 688 2826 deorum
719 2763 874 2826 simulacra
907 2765 1058 2836 odoratis
1096 2784 1161 2827 rum
1193 2765 1347 2829 Simonem
1374 2763 1472 2842 Mopso

278 2863 381 2914 statuo
403 2861 431 2912 et
452 2853 650 2931 inscriptione
672 2847 777 2912 Soracte
795 2850 854 2911 Dei
878 2852 1071 2930 inauguratis
1094 2850 1229 2922 (Tertull.
1252 2850 1403 2930 Apologet
1424 2859 1472 2922 cap

281 2939 330 3001 13.
334 2934 369 3012 ιι
413 2934 609 2995 Observatum
637 2941 734 2995 autem
761 2951 777 2994 a
805 2930 893 3007 nobis
923 2935 977 2996 luit
1004 2953 1019 2995 a
1052 2935 1166 2996 lustino
1193 2935 1322 3016 llart'yre
1355 2931 1473 2996 traditum

277 3021 369 3084 luisse
391 3018 510 3081 Claudio
533 3019 695 3098 imperante
717 3026 841 3080 stabiam
863 3018 893 3078 in
915 3018 1010 3080 insula
1026 3017 1164 3080 Tiberina
1186 3021 1263 3083 duos
1286 3021 1365 3082 inter
1384 3021 1473 3097 pontes

280 3105 350 3168 buic
372 3103 485 3165 Simoni
506 3103 590 3183 llago
612 3103 741 3182 positam
763 3121 829 3165 cum
851 3102 898 3164 illa
926 3103 1135 3200 inscriptione:
1175 3123 1277 3166 sruorvr
1300 3121 1410 3166 sanare
1431 3114 1473 3158 oso

279 3190 378 3262 (Tem,
401 3189 423 3249 l.
446 3189 581 3266 Apparet.
603 3206 669 3267 pag.
692 3191 746 3266 6..)
794 3187 911 3266 Martyri
943 3188 1129 3250 sanctissimo
1163 3191 1343 3269 strilragatur
1371 3182 1475 3265 Opillus

280 3272 565 3368 Hierosolpmitanus
594 3253 1107 3353 (Cyrill.Catecb.li.pag.157.‚)
1141 3273 1191 3353 qui
1219 3275 1301 3336 illam
1331 3273 1367 3335 ab
1390 3267 1475 3332 eodem

283 3356 403 3418 Claudio
425 3356 612 3435 imperatore,
635 3364 665 3417 et
685 3355 830 3418 Eusebius
852 3355 971 3424 (Euseb.
992 3357 1043 3418 lib.
1059 3357 1095 3418 ιι.
1118 3357 1230 3420 Hister.
1246 3359 1400 3437 Ecclesp.
1416 3355 1475 3424 sti,

281 3441 331 3521 qui
354 3459 370 3500 a
392 3439 532 3500 Romanis
554 3439 723 3501 collocatam
744 3441 835 3502 luisse
856 3440 934 3502 baud
956 3441 1121 3503 dubitanter
1143 3443 1299 3506 affirmant.
1344 3443 1422 3504 illios
1440 3445 1475 3497 te·

281 3531 344 3588 stes
365 3523 414 3585 bic
435 3523 524 3589 citare
544 3531 603 3584 ιιιι
626 3523 708 3586 lacile
730 3533 820 3598 esset,
850 3543 937 3604 quarn
959 3544 1216 3605 supervacaneum.
1262 3527 1376 3590 Omnes
1397 3523 1476 3587 enim·

281 3627 351 3672 vero
374 3607 540 3670 concedunt
560 3626 746 3670 communem
767 3609 843 3671 hanc
863 3609 957 3672 luisse
971 3621 1101 3674 veterum
1117 3613 1294 3692 scriptorum
1312 3611 1478 3700 opinionem

367 3695 476 3756 Verum
508 3693 689 3755 recentiores
722 3693 816 3756 critici
847 3694 983 3757 audacter
1010 3704 1181 3759 asseverant
1209 3697 1288 3759 illam
1317 3713 1417 3759 crasso
1436 3687 1479 3752 niti

283 3797 395 3852 errore,
424 3779 473 3857 qui
495 3777 531 3839 ab
554 3777 659 3839 eodem
680 3777 793 3841 lustino
814 3779 920 3841 latinae
940 3781 1056 3860 linguae
1076 3781 1194 3879 penitus
1216 3781 1321 3862 ignaro
1344 3781 1477 3871 proiectus

283 3873 449 3928 ceterorum
470 3863 609 3942 deinceps
631 3863 745 3925 animos
767 3865 905 3944 pervasit.
949 3864 1022 3926 Cum
1044 3865 1122 3927 enim
1143 3865 1221 3927 ille'
1213 3885 1243 3928 ιι
1265 3861 1478 3938 mostomii·

282 3949 400 4030 quiunt,
433 3948 597 4026 induxisset
624 3957 749 4010 statuam
772 3949 900 4012 Simonis
922 3949 1007 4012 Sanci
1036 3949 1083 4011 dei
1104 3951 1179 4012 Fidii
1209 3952 1333 4014 eandem
1362 3965 1429 4010 cese
1455 3959 1480 4003 at

284 4034 417 4096 Simonis
439 4017 529 4114 llagi,
562 4033 619 4112 ipsi
641 4033 713 4095 lalsa
734 4034 863 4098 nominis
886 4033 1076 4152 similitudinis
1103 4035 1224 4115 decepto
1247 4036 1295 4098 alii
1319 4051 1423 4098 omnes
1443 4030 1480 4090 in·

284 4119 360 4180 cauti
386 4117 637 4198 subscripserunt.

368 4201 445 4275 unio
467 4201 562 4301 ergo?
582 4203 729 4302 Numquid
751 4221 855 4264 omnes
877 4221 937 4264 non
960 4143 1056 4265 solum
1077 4223 1189 4286 graece,
1213 4206 1266 4268 sed
1288 4206 1379 4268 latine
1395 4201 1480 4264 scien

283 4294 351 4358 tes,
383 4294 469 4366 atque
500 4287 519 4348 ιι
552 4287 639 4350 etiam
668 4287 718 4368 qui
739 4287 862 4350 Romam
890 4295 961 4369 post
981 4288 1126 4352 lustinum
1152 4289 1308 4372 Martyrem
1330 4277 1482 4351 venerant?

283 4369 430 4466 Numquid
451 4370 529 4433 hune
554 4389 686 4435 errorem
713 4373 809 4435 nullus
832 4392 867 4434 ea
893 4372 951 4436 illis
982 4372 1192 4454 deprehendit,
1227 4384 1276 4436 aut
1308 4374 1388 4437 illius
1414 4389 1429 4434 a
1454 4381 1481 4426 st

284 4453 374 4533 agniti
406 4472 444 4516 ne
473 4455 564 4518 ullum
595 4457 713 4538 quidem
738 4455 912 4520 admonuit?
953 4457 1099 4538 Numquid
1126 4460 1192 4558 quia
1219 4467 1372 4540 postrema
1399 4457 1482 4517 seuit

196 4608 200 4620 ¹
245 4613 248 4626 Ι
286 4539 417 4601 Simonis
444 4539 530 4600 Sanci
560 4549 653 4604 staura
681 4542 797 4603 inventa
825 4551 886 4616 est,
923 4541 991 4604 inde
1022 4545 1188 4607 necessario
1221 4545 1357 4624 sequitur
1389 4531 1481 4603 lustint

283 4631 419 4706 tempore
439 4623 547 4686 nullam
573 4625 664 4689 luisse
686 4625 816 4688 Simonis
836 4623 935 4707 liagi?
978 4627 1055 4701 Quid
1085 4649 1171 4704 vero,
1205 4629 1285 4710 quod
1311 4625 1485 4708 Augustinus
