3036 5230
297 367 363 460 :108
514 409 705 456 alestanno
728 409 766 453 DE
790 409 994 453 rsnrmtttto
1016 409 1056 453 st·
1077 409 1143 452 ttius
1167 409 1292 454 SCRIPTIS

277 637 286 646 ,
378 559 459 636 llibil
481 559 625 638 estquod
647 559 736 621 fastai
763 559 893 620 humano
913 557 1008 637 magis
1030 557 1198 622 blandiatur
1218 577 1300 638 quant
1320 558 1341 618 si
1357 557 1438 636 quitali

293 645 489 727 persuaserit,
510 643 569 724 ipsi
591 643 676 722 quasi
698 643 840 705 beneflcio
863 643 990 722 quodam
1013 643 1174 722 contigisse
1195 643 1335 703 sdmttiam
1351 643 1439 720 ple-'equ

295 729 466 802 hominibus
495 745 556 788 nou
585 726 823 806 adipiscendam
859 745 950 806 quum
977 727 1019 787 illi
1048 726 1186 788 destinati
1215 727 1274 787 sint
1297 726 1329 786 ad
1352 727 1438 786 rihni

295 813 391 894 spissa
414 811 536 891 caligine
557 829 592 872 ac
613 811 744 872 tenebris
767 811 938 890 degendam,
967 811 1025 890 ipsi
1048 829 1114 872 eum
1136 809 1238 890 paucis
1260 809 1401 889 quibusda
1412 827 1435 868 a·

296 897 381 958 lectis
403 897 461 958 hoc
482 895 625 957 tributum
647 915 732 966 esse,
762 903 795 956 ut
816 895 847 957 in
861 895 1034 956 'meridiano
1056 895 1171 956 divinae
1192 894 1319 956 veritatis
1337 894 1385 956 sole
1398 893 1438 970 qn

294 988 386 1042 cetur.
434 980 496 1041 lam
518 997 589 1042 uero
612 997 703 1059 quum
726 979 878 1058 gentilium
907 986 937 1040 et
957 979 1146 1058 philosophia
1173 986 1204 1040 et
1232 978 1330 1057 relip'o
1352 978 1437 1038 doctiss

294 1073 429 1126 externas
454 1071 484 1124 et
505 1063 636 1124 internas
657 1063 788 1136 haberet,
808 1063 931 1125 sinistra
954 1063 1079 1142 quadam
1101 1063 1173 1125 hora
1195 1063 1307 1136 accidit,
1326 1061 1438 1123 uthaed

294 1148 413 1211 stinctio
442 1148 472 1208 in
500 1147 661 1234 Ecplesiam
690 1147 879 1222 christianam
910 1147 1108 1208 induceretur.
1162 1148 1256 1226 lltque
1287 1145 1437 1225 antiquissius

293 1231 412 1312 quidem
435 1231 564 1310 scriptor
585 1231 775 1304 christianus,
798 1231 882 1292 cuius
905 1231 935 1292 in
957 1231 1097 1310 operibus
1112 1231 1206 1310 aliqua
1227 1231 1292 1292 eins
1312 1227 1437 1292 distinaius

293 1315 468 1395 significatio
489 1323 638 1396 appareat,
660 1314 796 1376 Clemens
817 1314 1033 1376 Alexandrinus
1056 1323 1119 1388 est3
1141 1334 1267 1393 eumque
1289 1313 1389 1375 dicimus
1403 1311 1436 1370 sia·

292 1401 449 1462 strabona
470 1399 546 1460 hanc
567 1398 798 1460 distinctionem·
808 1399 1021 1472 introduxisse,
1050 1399 1288 1478 quandoquidem
1308 1399 1335 1459 in
1352 1397 1387 1457 illa
1400 1396 1437 1454 eti

292 1483 461 1546 narratione
483 1501 570 1562 quam
593 1483 630 1544 de
652 1483 717 1544 eius
740 1482 855 1560 origine
876 1483 966 1544 tradit
987 1483 1159 1561 gravissima
1180 1483 1311 1544 nitamur
1327 1487 1437 1559 aprus

296 1568 402 1647 quibus
425 1567 566 1628 Catholici
589 1567 713 1648 Romani
742 1584 808 1628 eum
836 1567 908 1629 alias
935 1566 1054 1628 fraudes
1084 1585 1154 1628 suas
1175 1567 1334 1628 defendunt
1352 1575 1395 1624 tun
1411 1563 1439 1620 ib

294 1651 401 1730 quibus
430 1651 592 1712 doctrinam
621 1659 828 1731 corruperunt.
878 1651 951 1712 Nam
980 1651 1118 1713 omnibus
1145 1651 1269 1729 reliquis
1296 1649 1360 1710 locis
1381 1645 1438 1724 eqd-l

293 1735 333 1797 illi
357 1743 493 1814 tanquam
516 1735 552 1796 ad
573 1734 708 1796 ultimum
729 1734 876 1813 refugium
898 1735 934 1796 ad
958 1735 1146 1816 disciplinam
1166 1741 1278 1798 arcani
1295 1734 1438 1796 etvinntn

290 1817 433 1880 ditionem
455 1819 642 1897 confugiunt3
665 1827 695 1880 et
716 1827 882 1898 quanquam
898 1819 1056 1882 Clementis
1073 1819 1181 1900 scripta
1202 1819 1279 1880 nibil
1299 1816 1381 1879 auxilii
1396 1831 1439 1894 pre

279 1901 367 1963 ‘bant
387 1903 584 1980 singularibus
607 1902 770 1976 erroribus,
793 1922 868 1982 quos
891 1903 1013 1964 ecelesia
1036 1903 1167 1964 Romana
1190 1903 1316 1964 sollicito
1337 1897 1440 1961 sutile

289 1985 374 2059 tinet
397 1995 495 2048 umen
511 2005 543 2048 ea
560 2005 621 2048 non
643 1986 778 2065 exigamm
800 1987 998 2064 patrocinium
1020 2007 1125 2050 causae
1148 2007 1218 2050 suae
1243 2007 1260 2048 e
1283 1987 1439 2065 scriptoretu

291 2071 412 2149 antiquo
434 2071 544 2149 repetit
564 2078 711 2142 narrante,
735 2071 884 2132 Christum
907 2071 1004 2149 gravia
1025 2071 1156 2133 vertutis
1179 2071 1276 2150 capita
1297 2089 1355 2131 cum
1372 2074 1439 2146 apost

291 2153 329 2214 lis
350 2155 601 2228 communicasse,
625 2173 700 2233 quae
721 2153 798 2232 vulgi
821 2153 1006 2216 credentium
1027 2175 1123 2234 neque
1145 2155 1267 2217 auribus
1288 2153 1439 2215 destinatae

290 2245 359 2296 sent
379 2255 475 2315 neque
498 2238 656 2301 intellectui
677 2239 907 2312 accommodata,
936 2257 1069 2319 quaeque
1091 2259 1186 2318 usque
1207 2239 1355 2318 adipsius
1373 2242 1439 2296 saun

290 2319 374 2380 virae
395 2321 563 2385 traditionis
586 2341 643 2401 ope
665 2322 775 2400 perlata
798 2331 913 2384 essent.

378 2403 436 2465 Sed
464 2412 497 2464 ut
525 2406 560 2466 ad
583 2405 794 2467 Tertullianum
822 2415 1022 2480 revertamur,
1046 2426 1113 2468 eum
1142 2406 1178 2466 ad
1199 2405 1330 2468 Montani
1345 2402 1439 2482 opinion¹

287 2487 504 2566 amplectendas
526 2490 665 2550 frustrata
688 2489 849 2550 ambitione
871 2498 1051 2552 commotum
1067 2509 1145 2562 esse,
1168 2489 1316 2551 Pamelius
1331 2485 1440 2550 etalist

286 2571 345 2632 ulla
367 2571 497 2649 veritatis
520 2575 620 2652 specie
642 2573 834 2634 contendunt.
877 2574 1095 2653 Indignabatur,
1117 2575 1266 2654 inquiunt,
1289 2573 1360 2653 quad
1373 2583 1440 2650 spes·

286 2655 397 2718 uiderat
418 2656 605 2735 episcopatus
628 2657 689 2717 sire
712 2657 837 2718 Romani
860 2657 921 2719 sive
944 2657 1204 2738 Carthaginiensis.
1234 2659 1309 2720 Vera
1328 2647 1440 2718 ducali

285 2757 372 2802 causa
402 2742 559 2818 repetenda
589 2749 636 2802 est
663 2759 699 2802 ex
728 2741 791 2802 eius
818 2741 917 2802 amimi
946 2743 1045 2804 indole
1073 2763 1107 2805 ac
1134 2741 1394 2821 temperamentol,
1419 2753 1439 2791 tt

284 2833 401 2884 austera
434 2824 503 2884 novi
530 2825 692 2904 prophetae
725 2832 754 2885 et
785 2824 919 2886 doctrina
947 2834 978 2886 et
1004 2827 1062 2888 rita
1090 2828 1177 2908 plane
1205 2835 1270 2888 erat
1296 2832 1441 2886 consenum

271 2907 426 2986 ,cuiusque
448 2909 609 2988 ingenitum
632 2907 769 2969 ardorem
791 2917 820 2969 et
841 2910 1029 2972 acerbitatem
1051 2911 1268 2990 Hieronymus*
1292 2909 1370 2970 tradit
1380 2907 1441 2967 hoo

282 3009 393 3052 norum
415 2992 587 3054 clericorum
602 2987 706 3064 notis,
742 2993 903 3054 nescio-an
926 3003 956 3054 et
976 2995 1110 3074 malignis
1132 2991 1404 3074 interpretationibus
1417 3003 1444 3046 tt·

282 3081 358 3137 dam
379 3094 460 3137 esse.

366 3159 448 3220 Hanc
468 3158 651 3237 quaestionis
672 3169 787 3238 partem
808 3153 964 3240 antmpuam
985 3162 1196 3242 relinquamus,
1219 3159 1444 3226 occurrendousl

282 3243 428 3340 serqpulo·
445 3243 559 3340 cuidam
579 3261 669 3322 quem
696 3262 873 3324 praegressa
896 3247 1042 3325 expositio
1065 3247 1187 3310 iniicere
1206 3249 1315 3327 possit.
1354 3237 1443 3336 Natali

281 3333 542 3487 stthltt'h
562 3327 926 3473 atttalulthft
939 3329 1202 3477 lttttltlttl
1220 3335 1444 3494 §stethu

281 3490 388 3571 quidue
410 3493 558 3553 commodi
581 3493 745 3573 theologiae
768 3496 896 3558 studiosi
918 3506 1054 3576 repetere
1075 3509 1204 3579 possunt
1232 3493 1402 3568 excuderis
1416 3501 1443 3548 tu

283 3575 396 3638 creduli
418 3587 448 3638 et
469 3577 669 3655 superstitiosi
693 3579 832 3656 operibus
853 3580 986 3659 legendis
995 3581 1033 3643 ?“
1064 3583 1125 3646 llae
1148 3592 1219 3645 sunt
1239 3575 1443 3666 quaestiouasis

280 3659 334 3722 cite
355 3660 480 3722 iniectae
501 3669 531 3722 et
552 3659 617 3722 sine
639 3661 821 3724 dubitatione
844 3665 959 3726 solutae
980 3666 1016 3726 ab
1038 3667 1075 3728 iis
1098 3667 1148 3746 qui
1169 3667 1280 3748 regiam
1295 3669 1365 3729 dant
1378 3662 1444 3722 dan·

211 3775 216 3782 ν
277 3761 334 3806 nae
355 3744 538 3830 theologicae
565 3745 787 3824 ingrediuntur:
823 3748 872 3827 qui
901 3748 1031 3828 quidem,
1059 3750 1121 3812 sive
1136 3761 1260 3831 propter
1288 3753 1338 3814 otii
1363 3741 1443 3823 inopia

279 3827 340 3890 sire
362 3828 473 3890 laboris
495 3828 674 3908 impatientia
697 3832 738 3892 ad
748 3831 866 3894 Petrum
889 3832 999 3913 scripta
1014 3835 1206 3898 examinanda
1220 3831 1382 3901 necessarii.
1399 3839 1444 3911 stu

277 3911 473 3991 ignorantiam
506 3913 629 3992 quadam
659 3923 845 3995 contemptus
875 3919 974 3994 specie
1003 3917 1060 3980 sibi
1090 3920 1244 3999 tegendam
1271 3927 1377 4000 putam
1413 3905 1444 3968 ll

164 4033 172 4038 -
277 3997 421 4058 sententia
444 3997 601 4060 temeraria
623 4005 653 4058 et
674 3996 773 4078 iniqua
795 4017 861 4060 cum
882 3999 986 4063 Patres
1008 4002 1233 4078 damnarentur,
1265 4007 1368 4066 lactarus
1386 3998 1444 4058 asts

277 4098 380 4142 eorum
403 4099 492 4162 opera
514 4081 545 4142 in
567 4081 743 4143 immeritam
765 4081 903 4145 invidiam
926 4085 1120 4148 incurrerent.
1156 4087 1309 4150 Sententia
1329 4086 1372 4148 illa
1389 4091 1445 4141 ttfflt·

276 4165 352 4224 raris
374 4173 420 4228 est
440 4171 598 4245 propterea
630 4167 709 4244 quod
730 4185 865 4245 magnam
880 4169 981 4246 prodit
994 4169 1187 4248 ignorantiam
1202 4180 1324 4234 naturae
1337 4172 1444 4250 hanut-

276 4264 350 4323 quae
379 4267 467 4328 saepe
499 4249 652 4311 mirificam
680 4250 826 4328 quandam
850 4253 1021 4315 societatem
1052 4254 1318 4318 diversissimarum
1339 4257 1443 4314 tentfflll

275 4328 381 4412 eqdem
404 4332 521 4410 ingenio
543 4333 642 4414 lingit:
675 4333 796 4412 vigoris,
819 4336 971 4412 acuminis,
994 4335 1227 4420 perspicacitatis
1249 4339 1279 4402 in
1301 4358 1358 4402 uno
1376 4343 1444 4413 gener

307 4529 331 4580 h.
349 4529 464 4580 hornen.
484 4533 513 4582 de
536 4535 587 4585 reb.
607 4535 694 4587 christ.
719 4544 773 4589 ante
792 4539 858 4590 Coo·
944 4539 959 4588 i.
985 4539 1114 4606 Cataloqus
1144 4542 1288 4608 scriptorum
1313 4531 1446 4592 sceleslttlfl

271 4603 345 4648 sunt
363 4612 384 4648 s.
402 4596 426 4648 2.
446 4613 466 4650 c.
485 4597 526 4650 bb.
728 4651 732 4658 ,
904 4620 967 4657 rana.
