3126 5250
476 411 609 457 suenone
631 413 689 456 stc.
713 415 748 458 cs
771 411 897 458 nonnas.
1024 431 1030 442 ·
1232 403 1295 467 305

74 561 211 624 nonnulli
234 562 376 636 dixerint,
411 563 499 626 etiam
521 564 659 644 loquitur.
704 563 857 638 Secundo,
891 565 1013 628 eosdem
1035 565 1220 630 Christianos
1243 565 1301 650 per*

75 648 157 710 hunc
178 647 258 709 diem
279 647 439 710 indulsisse
460 649 601 722 laetitt'ae,
623 649 762 712 nimirum
785 649 921 729 spiritali,
948 645 1018 730 'quia
1039 671 1142 714 omnes
1156 654 1297 733 undique,

74 741 106 794 ut
121 751 161 794 ex
175 733 289 794 lustino
303 733 428 812 stampe
443 733 512 796 alibi
534 735 737 810 annotarimus
752 734 994 814 (lhid.pag.23.),
1010 737 1040 798 in
1056 737 1183 799 eundem
1198 739 1297 802 locum

74 817 264 879 roniluehant
303 836 475 897 sacramque
509 837 592 880 suam
631 837 666 880 eo
701 837 760 898 quo
798 819 925 882 diximus
960 822 1050 882 modo
1088 823 1213 901 agebant
1245 841 1295 904 sp-

72 903 175 1047 paxip.
199 901 288 1048 ndSed
316 902 398 982 plura
427 903 463 964 de
496 903 543 966 illa
575 912 679 965 noster
706 904 906 966 Tertullianus
941 907 1075 981 tradidit,
1111 925 1186 986 quac
1219 925 1298 972 nunc

72 1005 198 1048 enucea
240 997 357 1049 asunt.

588 1140 709 1202 CAPUT
732 1142 791 1204 XV.

438 1261 471 1311 lle
489 1263 566 1312 sacris
585 1261 776 1312 Christianorum
795 1261 929 1326 synaxibus.

536 1481 704 1532 tertcttttts
720 1481 838 1532 rntndS.

72 1586 147 1636 onan
170 1584 200 1628 oh
224 1595 315 1629 astream
340 1585 457 1628 Christiani
481 1596 559 1628 saeros
583 1591 660 1630 costus
684 1585 778 1636 intrante
807 1585 834 1628 de
852 1585 908 1628 mit·
925 1585 955 1630 ibi
979 1586 1090 1640 precibus.
1115 1599 1142 1632 aa
1159 1589 1296 1644 potissimum

102 1663 150 1709 pro
168 1663 231 1698 mors
250 1653 313 1704 llois;
332 1653 360 1698 ds
379 1652 497 1696 sacrantur
515 1652 677 1708 scripturaruum
695 1653 792 1698 lectione
811 1660 833 1696 et
850 1653 1052 1706 cohortationibuss
1071 1655 1098 1698 de
1116 1657 1262 1712 praesidibus,

234 1721 342 1777 probatis,
361 1721 485 1764 senioribus
504 1728 525 1764 et
542 1721 650 1764 bonorem
668 1721 729 1766 nullo
747 1721 825 1778 pretio,
844 1721 884 1764 sed
901 1721 1027 1766 testimonio
1045 1721 1138 1778 adeptis.

161 1833 240 1896 Nihil
267 1835 355 1916 plane
383 1835 414 1896 in
442 1842 503 1897 tota
525 1833 758 1897 Christianorum
789 1835 941 1915 disciplina
974 1855 1136 1918 eorumque
1162 1841 1296 1904 moribus

72 1928 158 1991 erat,
191 1921 267 1999 quod
290 1919 453 1982 acrioribus
477 1919 585 1982 ethnici
606 1921 775 1982 vexaverint
795 1921 966 1992 calumniis,
997 1941 1083 2001 quarn
1105 1922 1221 1987 illerum
1244 1945 1295 2006 sy-

71 2024 167 2066 naxes
195 2023 229 2066 ac
255 2004 404 2066 solemnes
426 2005 461 2066 ad
484 2023 566 2066 saera
588 2007 727 2084 mysteria
749 2006 859 2085 agenda
882 2005 1053 2068 conventus.
1098 2007 1296 2081 Quamobrem

72 2089 275 2154 Tertullianus
304 2089 505 2170 impudentem
534 2089 778 2152 calumniatorum
806 2091 956 2152 audaciam
983 2109 1043 2154 non
1072 2092 1130 2154 alio
1161 2094 1296 2159 validiori

76 2183 250 2256 argumento
276 2175 394 2254 penitus
424 2174 578 2254 comprimi
605 2193 698 2254 posse
720 2175 845 2248 censuit,
873 2193 960 2255 quam
984 2175 1098 2238 sincera
1121 2185 1150 2239 et
1171 2179 1296 2260 simplici

76 2279 178 2322 eorum
219 2277 294 2339 quae
321 2260 352 2320 in
378 2259 415 2322 iis
450 2260 610 2338 agebantur
646 2261 842 2338 expositione.
890 2261 1022 2323 Primum
1055 2261 1152 2342 itaque
1180 2274 1297 2328 enamat

79 2363 158 2423 quem
181 2345 215 2406 in
237 2345 326 2405 finem
348 2343 505 2406 Christiani
528 2355 791 2425 congregarentur:
827 2346 962 2417 Connus,
990 2345 1100 2425 inquit,
1128 2353 1162 2410 in
1183 2361 1297 2412 coetum

82 2440 104 2489 et
124 2433 385 2509 congregationem
406 2441 442 2492 nt
462 2431 502 2491 ad
522 2428 619 2490 deam
641 2435 730 2510 puori
753 2447 845 2491 mann
873 2432 957 2510 facta
981 2435 1207 2511 precationibus
1230 2454 1295 2496 am-

86 2514 188 2576 biamus
206 2525 330 2576 orantes
342 2513 476 2591 (Tertull.
491 2512 613 2593 Apolog.
630 2532 692 2593 cap.
709 2515 783 2589 39.l.
815 2515 873 2576 Sed
894 2515 976 2587 haec,
1000 2533 1073 2594 quae
1088 2518 1211 2579 totidem
1226 2535 1294 2580 ver-

85 2595 172 2660 bisin
192 2598 335 2660 omnihus
357 2598 471 2660 nostris
500 2597 650 2659 codicibus
678 2597 886 2677 manuscriptis
910 2607 939 2660 et
960 2600 1089 2678 antiquie
1113 2601 1294 2665 editionibus

84 2681 235 2758 habentur,
265 2682 390 2762 Rigaltio
417 2683 551 2762 longiora
579 2701 613 2744 ac
639 2685 715 2744 forte
743 2683 916 2744 obscuriora
944 2683 1005 2745 risa
1028 2693 1107 2746 eunt.
1151 2687 1185 2747 ln
1214 2695 1295 2750 textu

81 2767 162 2848 ig'tur
184 2777 290 2830 contra
312 2767 416 2848 ipsius,
439 2786 497 2847 quo
519 2785 592 2828 usus
615 2776 669 2838 est,
692 2767 866 2847 antiquioris
888 2768 998 2830 codicis
1020 2769 1118 2842 iidem,
1141 2770 1213 2832 haec
1227 2781 1294 2832 tan-

79 2861 132 2914 tum
154 2853 252 2916 voluit
272 2853 410 2914 retineri:
441 2853 560 2915 Coimus
582 2853 622 2914 od
643 2852 748 2926 Dmm,
771 2857 861 2932 qnasi
879 2871 972 2914 mans
993 2855 1086 2933 facta,
1106 2859 1295 2934 precationi-

77 2939 126 3001 das
149 2939 326 3000 ambiamus.
371 2937 431 3000 Cur
451 2945 547 2999 autem
577 2943 621 2998 tot
648 2937 736 2998 rerba
758 2936 898 2998 deleverit
927 2945 1027 2997 contra
1051 2937 1218 2999 unanimem
1240 2957 1293 3001 co-

76 3023 169 3086 dicum
191 3041 383 3096 consensum,
404 3041 443 3084 ne
465 3006 615 3084 minimam
638 3021 756 3100 quidem
778 3019 874 3082 reddit
896 3021 1050 3082 rationem.
1087 3021 1201 3084 Siccine
1223 3043 1294 3104 ergo

75 3107 197 3188 Rigaltio
220 3106 303 3168 licuit
323 3115 382 3168 tarn
411 3105 520 3168 veteris
543 3105 698 3204 scriptoris
725 3105 832 3187 librum
860 3117 998 3186 uuquam
1026 3125 1111 3167 suurn
1124 3123 1189 3203 upra
1210 3108 1293 3170 libito

74 3211 290 3340 liniis
314 3189 1076 3356 tlttltl'tttiil.⁶.⁰.t;t,tttttt‘³.tl.
1097 3191 1295 3358 lintis

73 3361 262 3425 Terentium:
287 3361 405 3424 Connus
427 3365 459 3422 in
481 3361 624 3423 Piraeum
646 3359 752 3434 (Cicer.
775 3359 821 3421 lic.
844 3359 904 3421 vlt.
927 3360 1020 3439 Epist.
1043 3362 1073 3432 3,
1095 3361 1131 3423 ad
1153 3362 1238 3426 Attio.
1261 3383 1291 3444 p.
1326 3395 1330 3402 =

73 3449 143 3511 275.
167 3448 218 3508 lin.
243 3447 274 3511 8.
298 3444 416 3507 Terent.
439 3445 571 3506 Eunuch.
593 3446 655 3507 het.
678 3445 728 3506 lll.
752 3445 838 3506 Scan.
860 3449 889 3508 d.
913 3463 939 3506 v.
965 3449 1016 3521 1.),
1037 3445 1174 3526 Virgilius
1195 3455 1293 3510 autem

73 3533 208 3594 canebat:
768 3534 776 3540 '

288 3647 330 3658 -
351 3647 393 3658 -
417 3612 535 3676 Sosiam
556 3618 657 3678 virtus
681 3619 740 3676 coit
760 3617 857 3676 omnis
879 3618 910 3676 in
931 3633 1035 3677 naum.

672 3698 784 3776 (virgil.
807 3698 857 3759 lib.
881 3699 907 3759 ll
927 3698 1048 3758 Aeneid.
1071 3717 1098 3759 r.
1121 3701 1207 3772 410.)
1398 3769 1401 3778 ,

73 3783 120 3846 Sic
141 3793 240 3847 autem
264 3782 433 3862 congregati
455 3781 614 3844 Christiani
636 3787 725 3862 prasi
743 3801 834 3845 mann
856 3785 941 3863 sarta
961 3783 1091 3861 undique
1113 3781 1205 3842 Deum
1227 3780 1291 3842 cin-

75 3869 179 3946 gebant
200 3877 231 3931 et
253 3867 430 3938 ambiebant,
453 3873 486 3928 ut
507 3867 594 3929 simul
611 3878 733 3928 orontes
750 3867 875 3928 divinam
892 3866 955 3928 eius
971 3865 1202 3928 misericordiam
1215 3883 1292 3946 prs-

75 3957 240 4017 cationibeta
264 3952 326 4015 suis
349 3953 509 4012 flecterent.
553 3951 614 4012 Nec
635 3952 778 4029 ingratam
800 3950 841 4011 illi
864 3952 922 4012 vim
943 3950 1104 4012 iaciebant:
1126 3949 1199 4010 Nam
1222 3950 1293 4013 baec

75 4043 127 4108 oia,
152 4039 245 4118 inqtrit
258 4037 369 4100 Auctor
383 4044 496 4108 noster,
518 4035 581 4098 lieo
602 4045 692 4115 prata
714 4046 759 4098 est
773 4034 957 4106 (Tertullian.
971 4034 1125 4114 Apologet.
1141 4051 1204 4113 cap.
1216 4035 1291 4111 39.),

74 4141 128 4200 qna
151 4123 309 4185 Christiani
331 4120 497 4184 coniunctis
530 4121 663 4182 omnium
690 4118 828 4200 precibus
858 4139 926 4182 cnm
947 4117 1141 4181 formidabilia
1163 4119 1292 4182 iustitiae

74 4225 154 4267 arma
179 4225 293 4287 ponere
327 4225 362 4268 ac
390 4205 534 4286 postulata
556 4205 671 4266 divinae
694 4205 865 4266 clementiae
887 4205 963 4266 dona
986 4202 1043 4265 sibi
1064 4221 1125 4264 non
1146 4203 1291 4283 denegare

73 4291 197 4369 quadam
217 4291 303 4372 quasi
323 4290 461 4352 violantia
482 4290 634 4369 cogebant.

161 4377 192 4438 ln
219 4376 299 4439 hune
325 4383 423 4438 autem
452 4374 573 4436 modum
601 4374 726 4436 orabant
752 4391 813 4434 nou
840 4391 895 4452 pro
925 4391 957 4434 sc
978 4370 1052 4451 ipsis
1074 4379 1203 4446 tanturn,
1237 4372 1291 4434 sed

75 4460 164 4522 etiam
180 4480 240 4542 pro
263 4459 510 4541 inperatoribus,
538 4459 581 4521 uti
602 4459 650 4522 illc
671 4459 767 4521 adhuc
787 4457 836 4530 ait,
863 4475 924 4537 pro
954 4459 1102 4520 ministris
1130 4475 1234 4520 eoram
1255 4477 1291 4521 aa

74 4547 272 4624 potestatibus
294 4543 430 4622 (Tertull.
452 4544 547 4621 ibid),
576 4544 606 4605 id
628 4551 676 4606 est
696 4541 914 4622 magistratibus
943 4548 973 4604 et
993 4541 1195 4620 praesidibus,
1228 4541 1291 4604 siae

77 4628 192 4691 urbiam
212 4631 273 4694 sire
294 4629 523 4712 provinciarum,
545 4636 575 4690 et
597 4628 634 4690 iis
658 4627 795 4693 omuibus
811 4645 938 4709 quorum
951 4625 1115 4692 ministerio
1129 4627 1166 4690 ad
1179 4643 1307 4708 regen-⁴

110 4731 495 4782 Tnxtrtxtstttorr.xo.oxatn.
525 4733 589 4780 ron.
600 4732 638 4778 lll.
1054 4727 1087 4780 20
