3122 5250
496 385 629 432 lucrans
651 385 710 432 rrrc.
732 387 770 430 aa
791 387 918 432 noma.
1251 375 1318 439 365

98 553 164 596 non
186 534 345 614 abrogant
387 535 542 599 Praeterea
570 537 640 616 quid
662 537 743 617 leges
763 538 859 600 iacere
880 547 1018 617 poterant
1044 547 1146 602 centra
1168 541 1313 604 effraena-

99 629 164 682 tum
186 619 264 700 vttlgi
285 621 375 682 varus
397 622 657 701 superstitionibus
686 623 833 685 obcaecati
855 625 984 686 lurorem
1007 633 1037 685 et
1056 624 1241 703 popularium
1264 627 1330 692 inu

100 723 190 766 sanas
212 703 422 768 incursiones?
465 707 569 768 Nonne
596 705 644 767 his
665 707 779 788 legibus
802 709 910 788 spretis
939 709 1085 770 innumeri
1112 727 1207 788 prope
1234 729 1314 772 mar-

98 797 190 870 tyres,
212 798 245 851 ut
265 798 365 851 narrat
385 790 542 860 Eusebius,
564 791 612 852 his
633 791 817 871 temporibus
839 793 1041 855 crudelissime
1062 793 1230 874 interempti
1245 803 1316 857 sunt

101 873 224 947 (Etrsch.
246 873 296 935 lib.
320 875 353 936 V.
374 875 486 938 Eccles.
508 876 584 936 llist.
608 895 670 956 cap.
691 882 721 941 5.
743 895 809 956 pag.
827 876 933 952 153.)T
962 877 1040 939 Nihil
1061 895 1131 957 ergo
1150 877 1218 939 inde
1239 897 1313 941 eon-

98 957 276 1022 cludendum
310 967 412 1022 contra
443 977 625 1040 propensum
656 961 687 1022 in
715 961 899 1023 Christianos
927 963 1015 1024 Marci
1041 963 1152 1024 Aurelii
1174 963 1312 1037 animum,

98 1044 152 1122 qui
173 1062 208 1104 ea
228 1061 334 1122 passus
357 1051 413 1117 est,
436 1063 510 1124 quae
532 1045 674 1124 impedire
695 1065 756 1107 non
776 1053 902 1125 poterat.

591 1215 758 1266 AllTlCllhllS
777 1215 817 1264 ill.

96 1315 240 1360 Examinamr
257 1328 301 1372 quo
319 1318 366 1360 iure
384 1317 532 1361 Tertullianus
551 1325 637 1362 asserat
654 1318 762 1372 prmgatas
786 1317 815 1362 ah
833 1318 965 1374 imperatore
982 1317 1078 1362 Traiane
1097 1319 1191 1374 scriptas
1210 1321 1232 1363 in
1251 1320 1313 1363 chri-

96 1385 186 1428 adanae
204 1385 275 1438 leges,
293 1385 365 1430 nullas
382 1397 435 1429 raro
453 1386 474 1430 iu
491 1385 543 1433 illos
560 1388 617 1430 latas
636 1388 663 1430 ab
680 1387 784 1440 Adriano,
802 1386 953 1432 curiositatum
971 1385 1221 1442 omniumexploratera,
1240 1399 1312 1444 aequa

186 1453 351 1508 avespasiauo
370 1453 506 1498 debellatore
523 1455 664 1504 ludaeorum,
688 1465 760 1508 nequa
779 1466 791 1496 a
808 1454 855 1508 l’io,
880 1465 952 1510 neque
970 1467 983 1498 a
1001 1454 1056 1498 llere
1080 1466 1120 1498 seu
1139 1454 1229 1508 severo,

615 1521 790 1577 imperatoribus.

185 1634 313 1697 Gradum
340 1634 537 1696 Tertullianus
569 1644 687 1696 revecat
727 1645 814 1715 atque
842 1655 859 1696 a
888 1637 985 1698 llarco
1013 1636 1130 1698 Aurelio
1163 1637 1245 1698 venit
1276 1637 1314 1698 ad

1411 737 1430 780 0

96 1717 269 1790 Traianum,
291 1718 341 1780 illo
363 1718 568 1797 antiquiorem.
597 1718 692 1798 Leges
709 1728 806 1781 autem
821 1721 850 1781 in
867 1720 1048 1782 Christianos
1064 1721 1146 1782 datas
1162 1739 1201 1781 em
1211 1731 1312 1801 purte,
1411 1712 1416 1724 ’

99 1805 147 1866 uti
169 1803 233 1884 ipsc
256 1803 454 1866 Tertullianus
475 1803 621 1883 loquitur,
654 1806 830 1883 frustratus
853 1816 911 1876 cet,
939 1808 1067 1868 vetando
1089 1809 1205 1885 inquiri
1226 1804 1314 1867 Chri-

98 1893 217 1952 stianos
246 1887 428 1962 (Tertullian.
450 1887 603 1968 Apologet.
626 1907 689 1968 cap.
712 1893 766 1964 5.).
810 1889 1019 1968 Superioribus
1048 1889 1157 1952 etenim
1183 1890 1313 1969 impera·

99 1982 199 2035 torum
220 1973 346 2034 decretis
368 1973 483 2034 iussum
505 1981 567 2034 erat
587 1992 641 2034 eos
670 1973 777 2052 inquiri
798 1993 832 2036 ac
853 1974 967 2052 puniri,
1001 1975 1054 2036 sed
1077 1974 1237 2047 Traianus,
1269 1975 1312 2036 uti

96 2057 409 2204 sfflmbfsgoendimqs·
429 2058 515 2137 (Sap.
537 2077 599 2204 cap.
624 2061 673 2121 17.
695 2057 756 2118 Art.
779 2061 833 2135 λ),
866 2059 1016 2137 prohibuit
1043 2059 1161 2138 quidem
1191 2059 1313 2137 inquiri,

96 2161 113 2204 s
176 2161 194 2203 ο
226 2161 291 2204 aes
312 2159 410 2221 puniri
453 2161 588 2221 raecepr.
772 2156 776 2162 ’
1292 2161 1296 2170 ·

183 2227 221 2288 At
242 2245 402 2288 successor
422 2162 488 2288 elius
500 2226 645 2290 Adrianus
668 2226 776 2289 nullam
798 2227 883 2307 plane
905 2228 999 2306 legem
1020 2229 1051 2289 in
1073 2245 1126 2288 eos
1150 2228 1312 2297 constituit,

96 2313 208 2392 quibus
235 2321 333 2397 tamen
360 2311 452 2390 magis
476 2331 562 2391 quana
591 2313 639 2373 alii
661 2313 793 2374 infensus
816 2331 883 2374 esse
903 2313 1011 2374 debere
1026 2311 1198 2374 'ridebaturz
1235 2313 1313 2375 Erat

96 2401 192 2466 emar,
226 2397 320 2475 inquit
340 2398 449 2456 Auctor
469 2407 588 2470 noster,
622 2401 834 2460 catriositutunr
855 2402 987 2459 omniurn
1008 2397 1192 2475 ceplorator
1219 2397 1312 2470 (idem

97 2481 195 2559 ibid),
230 2481 259 2542 id
289 2488 336 2540 est
361 2480 541 2559 quibuslibet
568 2482 687 2560 magicis
716 2481 826 2542 artibus
855 2481 976 2542 omnino
1004 2481 1129 2542 deditus.
1173 2481 1210 2542 Et
1232 2493 1311 2542 certe

97 2566 172 2628 vitio
194 2565 252 2638 illi,
286 2574 361 2626 teste
383 2565 547 2644 Xipbilino,
577 2567 675 2627 datum
699 2575 759 2638 est,
782 2567 860 2643 quod
883 2575 964 2626 esset
985 2561 1237 2646 περιεργότατος
1257 2566 1311 2629 καὶ

96 2645 271 2732 μαντείαις
298 2647 508 2732 μογγᾶνείαις
537 2672 573 2714 τε
600 2648 834 2724 παντοδαπαῖς
856 2646 985 2732 ἐχρῆτοι
1024 2652 1255 2712 Curiasisainaus
1278 2671 1312 2712 ac

97 2735 337 2798 divinationibus
360 2747 389 2796 et
411 2737 547 2798 amnibus
566 2738 688 2816 magicis
710 2735 828 2798 artibus
844 2745 984 2796 uteretur
998 2734 1119 2812 (xiphil.
1134 2733 1210 2812 Epit.
1225 2734 1312 2794 ilion.

96 2839 164 2901 pag.
198 2821 294 2895 262).
337 2819 507 2881 Ammianus
538 2837 608 2880 vero
640 2818 839 2889 Marcellinus,
872 2818 922 2878 ubi
954 2819 992 2878 de
1019 2818 1132 2878 luliano
1155 2818 1311 2896 Apostata:

95 2905 341 2984 Praesupiorum,
365 2903 469 2981 inquit,
491 2908 690 2966 sciscitationi
708 2907 817 2964 nimine
840 2903 964 2980 deditus,
986 2913 1022 2964 ut
1043 2905 1242 2982 aequiparare
1265 2906 1311 2962 oi-

95 2992 225 3052 deretur
257 2994 289 3048 in
322 2989 376 3050 hac
404 3001 496 3068 purte
526 2993 694 3068 principem
727 2989 910 3057 Adrianum,
953 2990 1185 3065 superstitiosus
1216 2989 1311 3066 παρα

76 3093 188 3156 quara
210 3091 370 3136 sacrorum
393 3073 539 3151 legitimus
567 3073 747 3136 obseruator
774 3072 880 3144 (Amm.
901 3070 1026 3132 blarrcll.
1049 3070 1100 3131 lib.
1123 3070 1208 3131 XXV.
1232 3089 1257 3132 c.
1279 3074 1309 3134 4.

96 3177 163 3240 pag.
187 3161 285 3233 att).
330 3157 535 3218 Verumtamen
557 3156 645 3228 nulle,
668 3157 708 3217 ait
730 3155 937 3228 Tertullianus,
965 3155 1104 3216 adversus
1127 3155 1310 3216 Christianos

96 3245 143 3306 lex
165 3242 202 3304 ab
225 3243 316 3304 hacce
330 3241 458 3304 Adriano
479 3241 589 3303 sanuta
611 3241 675 3302 luit.
719 3241 905 3319 Quapropter
926 3240 1024 3301 llelite
1046 3241 1076 3300 in
1098 3257 1153 3302 sua
1174 3240 1210 3300 ad
1231 3241 1309 3302 llar-

96 3347 164 3389 cunt
186 3326 334 3388 Aurelium
356 3326 535 3388 Antoninum
557 3326 697 3405 Apologia
725 3325 845 3404 scripsit
865 3325 992 3386 Neronis
1022 3332 1051 3384 et
1072 3323 1228 3387 Domitiani
1251 3325 1308 3386 im·

96 3413 234 3492 peritiam
261 3411 415 3489 rescriptis
444 3410 684 3513 subsequentium
713 3410 922 3489 imperatorum
952 3409 1044 3471 luisse
1066 3419 1235 3471 correctam:
1261 3401 1309 3472 'liu

97 3489 147 3572 οἷς
171 3490 190 3558 ὁ
211 3495 271 3576 μὲν
293 3492 437 3570 πάππος
458 3515 518 3558 σου
537 3491 709 3578 Αδριανὸς
730 3493 870 3570 πολλοῖς
896 3493 955 3574 μὲν
979 3487 1100 3570 ἄλλοις,
1124 3495 1177 3557 καὶ
1202 3499 1309 3559 wear·-

97 3579 186 3664 ddurp
210 3579 246 3644 dt
267 3581 314 3664 τῷ
345 3572 529 3663 ἀνθυπάτῳ
573 3579 608 3654 ’ς
626 3572 742 3655 Ἀσίας
762 3576 897 3664 γράφων
921 3583 1090 3664 palomar:
1128 3580 1213 3640 Inter
1235 3597 1309 3658 quaa

97 3685 173 3728 caua
197 3679 268 3728 tuus
290 3666 445 3728 Adrianus
467 3683 533 3726 cum
586 3669 623 3726 iia
642 3665 793 3744 pluribus,
817 3676 878 3726 tuan
901 3665 1045 3726 Fundano
1069 3668 1157 3725 Asiae
1175 3680 1309 3741 procon-

98 3752 161 3814 suli
181 3751 303 3813 litteras
326 3750 406 3811 dedit
427 3749 548 3824 (basah.
570 3748 620 3808 lib.
643 3750 689 3809 lV.
712 3748 814 3809 Eccles
837 3749 949 3810 llistar.
972 3768 1035 3826 cap.
1058 3751 1098 3810 26
1127 3765 1192 3825 pag·
1217 3748 1309 3822 tte).

97 3835 250 3898 Testatum
277 3844 430 3913 praeterea
457 3833 652 3912 Hieronymus
680 3833 748 3893 iacit
772 3833 900 3894 Adriano
928 3833 1064 3894 invisenti
1092 3830 1259 3891 Eleusinam
1281 3838 1310 3890 et

98 3920 238 3982 omnibus
262 3937 355 3998 paene
379 3919 515 3980 Graeciae
536 3919 628 3979 sacris
651 3917 763 3978 initiato
792 3917 919 3980 oblatum
948 3935 1003 3996 pro
1030 3914 1188 3976 christiana
1210 3921 1309 3996 nostra

97 4005 241 4083 religione
261 4003 379 4076 labrum,
401 4007 453 4086 qui
473 4013 576 4066 tantae
597 4004 792 4064 admirationi
811 4003 948 4064 omnihus
969 4003 1039 4079 suit,
1066 4011 1101 4060 ut
1119 4003 1310 4076 persecutio·

97 4107 165 4151 nem
185 4093 398 4170 pronissimam
419 4087 503 4150 iliiam
526 4087 676 4148 mallens
698 4087 817 4148 sedaret
839 4091 989 4164 inperitiam
1016 4083 1196 4161 (hieronym.
1220 4083 1308 4144 Catal.

99 4171 209 4254 Script.
232 4173 343 4234 Cocles.
366 4177 396 4248 ξ.
421 4174 470 4236 19.
494 4179 524 4232 et
545 4171 637 4250 Epist.
654 4173 704 4236 83.
726 4171 761 4232 ad
783 4171 902 4248 Magn).
946 4171 1052 4230 Verum
1075 4167 1197 4246 gentiles
1219 4167 1308 4229 tantis

98 4257 180 4339 impii
195 4259 383 4338 imperatoris
398 4257 660 4336 superstitionibus
676 4256 772 4316 datam
787 4254 843 4316 sibi
856 4254 1040 4314 Christianos
1054 4253 1173 4330 impune
1187 4253 1309 4314 vexandi

97 4344 284 4406 occasionem
312 4343 390 4404 nacti
422 4342 452 4402 in
475 4361 532 4402 eos
550 4340 739 4404 acerbissime
765 4338 948 4410 saeviebant,
982 4337 1098 4399 tametsi
1126 4337 1234 4398 nullam
1261 4337 1309 4398 ille

98 4427 128 4490 in
149 4429 236 4510 ipsas
258 4427 358 4489 tulerit
378 4426 482 4506 legem,
504 4427 594 4488 immo
616 4443 687 4487 rere
703 4432 798 4485 artam
812 4430 1016 4501 tempestatem
1034 4429 1138 4502 postea
1153 4422 1309 4485 sedaverit.

185 4511 265 4575 Turn
287 4512 393 4574 deinde
414 4513 523 4574 Auctor
544 4519 648 4573 noster
672 4513 753 4571 retro
775 4507 869 4570 adbuc
891 4506 927 4568 ab
948 4508 1006 4570 hac
1025 4507 1153 4569 Adriano
1173 4507 1307 4587 regredi-

101 4603 148 4660 tur
169 4598 208 4660 ad
229 4596 454 4678 Vespasianum,
488 4595 538 4674 qui
559 4595 669 4676 pariter
696 4593 824 4668 nullum,
856 4592 970 4672 inquit,
1002 4601 1103 4656 muira
1125 4592 1308 4656 Christianos
