3122 5250
207 381 208 386 ¹
267 356 330 420 366
362 371 553 416 nussanrsrro
564 371 600 414 tn
614 371 663 423 ou.
679 371 762 416 surr.
778 369 863 415 anun.
880 369 1074 415 emesenum
1087 369 1316 414 muuousmenu
1331 369 1416 414 unrr.

268 522 395 584 edietum
417 521 530 596 emisit,
558 541 727 605 quanquam
748 521 946 595 ludaeorum,
975 521 1084 601 inquit,
1107 519 1275 584 debellator
1298 518 1473 594 (Terttdlian.

267 606 419 687 Apuluget.
442 625 504 686 cap.
526 610 580 683 5.)‚
602 626 677 685 quos
698 606 832 688 plerique
853 624 958 669 omues
980 605 1089 668 ethnici
1116 623 1184 668 cum
1205 605 1314 668 iisdem
1337 603 1474 666 Christia-

267 691 316 753 nis
338 691 517 753 contundere
539 690 683 753 solebam.
724 691 767 752 Ab
790 710 826 752 eo
846 699 947 753 autem
967 690 1137 754 debellatam
1159 689 1339 752 ludaeorum
1367 697 1475 768 gentem

227 819 233 834 .
267 783 422 855 actumque
442 775 553 838 Romae
580 776 617 837 de
638 775 695 837 ibis
723 794 788 838 mm
811 775 879 837 Tito
900 775 961 838 filiu
991 793 1046 838 suo
1069 774 1247 854 triumphum
1271 774 1341 854 quis
1363 770 1473 835 nesdtl

221 883 223 886 ·
269 860 357 933 Quod
376 860 489 922 ntdlum
510 877 580 921 vero
602 860 638 922 de
654 859 829 922 Christianis
851 859 1001 922 decretum
1021 859 1133 933 iecerit,
1156 858 1240 921 testis
1254 867 1308 920 est
1325 857 1473 929 Eusebius,

268 944 317 1024 qui
337 944 444 1006 litteris
466 943 614 1007 mandavit
635 944 785 1006 excitatam
807 945 899 1008 fuisse
919 963 936 1006 a
957 943 1123 1006 Domitiano
1145 943 1307 1006 secundam
1328 950 1401 1023 post
1421 940 1473 1002 Ne-

267 1047 372 1090 ronem
399 1029 652 1109 persecutionem:
688 1031 756 1092 Kal
771 1050 834 1114 περ
856 1028 914 1092 aab
942 1024 1071 1113 πατρὸς
1092 1019 1191 1091 αὐτοῦ
1224 1019 1473 1092 Οὐεσπασιανοῦ

266 1111 368 1197 μηδὲν
396 1105 472 1177 καθ’
503 1105 596 1198 ἡμῶν
628 1107 756 1179 ἄτοπον
788 1110 1041 1200 incontinentes:
1083 1113 1227 1187 Quamuis
1256 1124 1354 1194 poter
1385 1113 1475 1192 ipsias

273 1197 470 1279 Vespasianus
492 1198 610 1260 nnllam
630 1217 763 1280 anquam
783 1202 929 1261 iniuriam
948 1200 1035 1261 nobis
1055 1198 1158 1277 [utere
1180 1207 1331 1260 tentasset
1362 1193 1472 1274 (Euseb.

268 1282 319 1345 lib.
341 1281 392 1342 lll.
414 1282 526 1344 Esaias.
547 1283 660 1344 Hister.
682 1302 745 1364 cap.
770 1287 819 1346 17.
840 1301 905 1363 pag.
930 1284 1004 1361 88.).

354 1366 432 1440 Quid
459 1365 566 1446 plural
601 1365 705 1430 asellas
731 1387 848 1447 qunque
876 1367 964 1440 Pius,
997 1366 1047 1446 qui
1067 1366 1156 1446 lungo
1179 1372 1250 1446 past
1269 1363 1474 1445 Vespasianum

267 1460 403 1530 tempere
423 1451 585 1532 imperavit,
607 1453 702 1532 pergil
722 1452 928 1526 Tertullianus,
950 1451 1091 1513 adeamus
1113 1450 1300 1512 Christianos
1324 1449 1404 1528 leges
1431 1453 1474 1507 aut

268 1535 441 1616 approbavit
466 1544 518 1598 aut
544 1536 726 1615 subsignavit
747 1535 929 1612 (Tertulban.
950 1536 1006 1597 loc.
1029 1535 1101 1614 cit).
1143 1533 1241 1596 Melite
1269 1533 1351 1596 enim
1374 1532 1405 1595 in
1424 1531 1474 1592 iam

269 1621 393 1683 dulae
421 1621 508 1682 nobis
529 1621 670 1701 Apologia
691 1621 819 1682 Marcum
841 1621 990 1683 Aurelium
1017 1619 1064 1680 his
1095 1619 1172 1698 apud
1193 1619 1359 1680 Eusebium
1385 1614 1472 1678 verbis

268 1706 389 1766 ellatur:
408 1696 444 1768 ‘0
468 1703 504 1769 δὲ
525 1701 633 1788 πατήρ
655 1725 726 1779 σου,
747 1709 803 1769 nul
815 1725 876 1769 σου
896 1700 939 1769 τὰ
960 1700 1135 1786 σύμπαντα
1157 1700 1364 1778 διοικοῦντος
1384 1691 1471 1772 αὖτ’,

268 1795 344 1864 ταῖς
364 1783 485 1853 πόλεσι
511 1789 588 1873 περὶ
610 1789 668 1852 τοῦ
689 1788 790 1874 μηδὲν
812 1787 1010 1872 νεωτερίζειν
1038 1789 1117 1873 auspi
1138 1780 1231 1873 ἡμῶν
1253 1785 1415 1871 ἔγραψεν·
1441 1720 1472 1846 idn

270 1865 321 1949 οἷς
341 1871 396 1937 καὶ
428 1868 514 1957 πρὸς
534 1877 767 1957 Λαρισσαίους
804 1874 859 1939 καὶ
893 1869 979 1957 πρὸς
1018 1873 1271 1948 beonetsetena
1304 1871 1361 1935 καὶ
1397 1863 1473 1950 πρὸς

267 1947 469 2043 Ἀθηναίους
508 1958 563 2022 nal
595 1955 681 2041 πρὸς
701 1955 829 2035 πάντας
841 1953 1011 2044 ‘bibienam
1047 1958 1140 2023 Pater
1160 1976 1275 2040 quoque
1306 1969 1392 2024 tuus.
1423 1967 1472 2035 qua

270 2055 404 2124 tempore
425 2056 532 2108 cunata
553 2045 644 2106 simul
664 2063 731 2106 aune
751 2048 817 2126 ipso
840 2043 1090 2119 admt'niatrobas,
1124 2047 1248 2123 scripsit
1276 2043 1317 2105 ud
1339 2043 1472 2106 notiores,

269 2147 307 2190 ne
331 2139 438 2190 eontra
458 2146 515 2190 nos
538 2129 685 2191 tumultus
716 2133 917 2201 concitarent,
950 2131 1127 2191 nominatim
1154 2129 1194 2188 ad
1220 2127 1412 2194 Lare'ssoeas,
1441 2118 1473 2181 ad

271 2212 560 2283 Tbetsalonioenees,
575 2213 615 2274 od
627 2213 831 2286 Athenienses,
851 2215 891 2276 ad
904 2219 1063 2276 uniuersos
1079 2212 1202 2294 denique
1217 2211 1350 2274 Graecas
1366 2203 1472 2284 (Euseb.

271 2296 321 2357 bb.
336 2296 383 2358 tv.
399 2295 511 2358 becles.
533 2296 609 2357 Hist
632 2315 695 2376 cap.
711 2300 762 2362 26.
778 2315 843 2378 pag.
862 2300 955 2374 148.).
999 2297 1102 2358 Plures
1124 2297 1211 2358 edam
1233 2295 1343 2358 eruditi
1365 2298 1472 2356 nosuee

270 2380 373 2442 aetatis
395 2381 450 2442 viri
471 2381 630 2461 opinantur
656 2381 693 2442 ab
715 2382 764 2444 illo
791 2383 878 2444 latam
905 2382 998 2444 luisse
1035 2381 1066 2443 in
1097 2380 1335 2442 Christianorum
1363 2374 1471 2457 gratiam

270 2465 374 2544 legem,
398 2483 485 2545 quam
506 2466 542 2527 ab
564 2465 628 2527 aliis
650 2474 747 2528 tamen
768 2467 865 2530 biarec
887 2467 1004 2529 Aurelio
1026 2465 1201 2545 adscriptam
1222 2464 1313 2544 paulu
1336 2470 1402 2524 ante
1422 2475 1470 2518 11⁰·

273 2549 396 2612 tammus
419 2551 493 2622 (Art.
515 2556 639 2630 sapen).

356 2634 464 2696 Sextus
483 2635 610 2696 tandem
638 2642 667 2696 et
698 2633 839 2696 horumce
871 2635 1043 2714 aequiorum
1076 2635 1289 2713 imperatorum
1316 2631 1431 2694 ultimus
1457 2641 1471 2685 a

271 2719 449 2781 Tertubiano
472 2719 519 2782 bis
540 2719 638 2780 verbis
660 2719 835 2798 appellatur:
861 2719 979 2782 Nullus
1004 2719 1098 2782 Verus
1125 2719 1205 2797 leges
1229 2715 1405 2780 Christianis
1425 2708 1470 2772 ad·

270 2823 373 2866 versas
395 2808 550 2886 impressit
570 2804 753 2880 (Tertulliau.
768 2803 825 2865 lue.
840 2803 912 2882 eit),
935 2802 1166 2865 subaudiendum
1188 2801 1377 2864 hauddubie
1398 2796 1471 2859 tabu·

270 2889 307 2950 lis
329 2887 472 2969 publicis,
504 2897 537 2950 ut
558 2907 609 2950 eae
630 2889 895 2968 promulgarentur.
938 2891 975 2949 At
996 2888 1153 2950 observare
1181 2887 1231 2948 bie
1250 2886 1331 2948 iuvat
1352 2886 1383 2946 in
1401 2885 1471 2944 testu

271 2972 403 3048 Eusebii,
426 2973 475 3053 qui
497 2974 575 3036 bunc
597 2973 767 3035 Tertulliani
788 2972 886 3034 locum
908 2991 1011 3052 graece
1032 2971 1168 3044 reddidit,
1197 2969 1391 3051 praetermitti
1410 2967 1472 3026 bam

271 3057 374 3119 verba:
404 3057 517 3120 Nullas
542 3058 635 3120 Verus
658 3057 778 3132 (Euseb.
800 3056 850 3117 bb.
871 3057 906 3118 V.
928 3057 1040 3119 Ecdes.
1061 3056 1137 3118 liist.
1160 3075 1222 3136 cap.
1246 3061 1278 3120 5.
1301 3073 1366 3136 pag.
1389 3051 1470 3121 170.)-

133 3206 140 3226 ,
272 3141 309 3202 Et
330 3151 409 3204 certe
429 3142 477 3202 hic
498 3142 563 3220 ipse
585 3143 677 3203 Verus
705 3160 828 3203 consors
851 3141 967 3220 imperii
989 3161 1005 3203 a
1032 3142 1127 3203 Marco
1156 3140 1275 3202 Aurelio
1303 3142 1396 3202 tactus
1421 3150 1470 3194 no·

272 3243 338 3285 vem
366 3227 402 3287 ad
429 3244 577 3288 summurn
604 3227 690 3288 annis
712 3245 778 3288 unm
799 3226 848 3287 illo
871 3226 1002 3306 regnavit
1023 3233 1053 3288 et
1072 3233 1140 3288 unte
1166 3225 1246 3288 illum
1268 3233 1402 3286 mortuus
1423 3221 1469 3276 est

274 3309 472 3382 Quamobrem
493 3311 610 3389 quidam
631 3311 816 3390 suspicantur
836 3311 894 3372 boc
913 3329 1022 3373 nomen
1044 3319 1214 3390 surruptum
1241 3308 1335 3372 luisse
1356 3307 1385 3368 in
1405 3301 1469 3394 Ter·

272 3393 385 3454 tulliani
408 3401 488 3454 testu
515 3413 549 3455 ae
575 3395 731 3474 legendum
754 3395 896 3458 Seuerus.
939 3394 1085 3458 Pamelius
1107 3395 1187 3456 enim
1207 3413 1263 3456 nos
1286 3393 1421 3457 admonet
1437 3381 1469 3477 tl-

273 3476 324 3538 lud
345 3476 376 3537 iu
397 3477 534 3539 Vaticano
557 3497 616 3539 uno
639 3487 668 3540 et
689 3480 781 3541 altero
796 3478 954 3541 Leudiensi
975 3499 1077 3542 revera
1098 3479 1234 3548 inveniri.
1280 3477 1342 3540 Sed
1361 3471 1424 3554 quia
1441 3481 1467 3526 1ss

274 3561 380 3624 cetems
403 3561 540 3623 umnilsus
562 3581 596 3624 ae
616 3563 747 3625 melioris
767 3571 856 3626 notae
877 3565 1027 3626 codicibus
1048 3583 1111 3626 non
1130 3563 1251 3642 legitur,
1283 3561 1355 3625 nibil
1381 3557 1468 3618 ouum

273 3654 318 3709 tot
339 3647 471 3709 uodieum
494 3647 697 3709 auctoritatem
718 3647 840 3710 definire
862 3649 1013 3711 audemus.
1055 3649 1161 3710 Nonne
1181 3649 1268 3710 etiam
1285 3640 1467 3709 Tertulliassus

272 3732 453 3795 mentionem
474 3731 553 3793 illius
575 3735 670 3794 tacere
692 3732 759 3796 ideo
780 3733 886 3812 potuit,
909 3733 976 3814 qnia
990 3732 1098 3796 Aurelii
1121 3732 1248 3812 collegae
1269 3732 1316 3794 sui
1337 3736 1367 3792 et
1386 3723 1419 3786 ab
1437 3732 1466 3778 οῦ

273 3817 403 3897 adoptati
424 3817 589 3897 exemplum
611 3827 730 3880 secutus
758 3818 867 3880 nubam
888 3818 919 3880 in
940 3818 1122 3882 Christianos
1144 3819 1239 3898 legem
1265 3817 1332 3880 tubi
1351 3806 1465 3882 nihili¹¹⁰

172 3945 175 3952 .
274 3912 376 3964 cenna
398 3921 450 3964 eos
473 3901 654 3964 machinatus
678 3900 794 3965 luerat?

360 3987 393 4048 Si
420 3987 486 4066 quis
513 3995 611 4049 nmen
639 3987 816 4066 pertinacius
844 3987 1002 4049 mntendat
1028 3987 1069 4050 ibi
1097 3987 1239 4069 scriptum
1266 3986 1357 4050 inisse
1377 3977 1465 4072 Sem

273 4089 393 4144 nomen,
414 4091 475 4133 non
495 4071 617 4134 mmtum
638 4071 756 4151 quidem
776 4071 1015 4152 repugnabimus.
1055 4071 1129 4134 Nam
1151 4071 1346 4134 Tertullianus
1371 4063 1422 4126 alm
1440 4067 1464 4112 ¹¹¹

274 4155 350 4216 libro
372 4156 561 4218 commendat·
578 4156 756 4235 singularem
777 4157 854 4218 ibius
876 4156 906 4217 in
922 4154 1104 4219 Christianos
1126 4156 1354 4236 propensionem
1375 4153 1403 4210 ei
1418 4141 1463 4202 Μ’

195 4267 199 4280 ·
274 4239 479 4314 nevulentiam,
501 4241 606 4321 quibus
629 4241 667 4301 ab
689 4241 861 4303 miraculum
880 4241 911 4303 in
933 4239 995 4302 eius
1017 4241 1139 4321 gratiam
1160 4242 1267 4302 lacuum
1288 4239 1353 4302 illus
1374 4233 1462 4293 omnes

275 4322 378 4384 saltem
393 4325 497 4403 primis
513 4326 628 4406 imperii
643 4327 690 4388 sui
712 4326 796 4388 aunis
817 4326 985 4406 complexus
1001 4333 1057 4388 est.
1086 4325 1147 4388 Sed
1159 4325 1322 4398 audiamus,
1336 4319 1361 4382 si
1372 4309 1462 4398 pltfflb

273 4407 352 4469 illius
373 4407 475 4470 verba:
512 4411 589 4490 lpse,
618 4411 722 4491 inquit,
746 4411 886 4484 Seuerus,
906 4421 997 4491 pater
1017 4411 1166 4474 Antonini
1187 4408 1365 4476 aaronitae
1388 4391 1461 4462 ‘liii‘

273 4495 444 4556 adanorum
464 4511 577 4556 mmor
597 4496 669 4575 [alt.
712 4495 790 4558 Nam
811 4507 839 4558 et
859 4494 1023 4558 Proculum
1046 4495 1265 4568 certationem,
1292 4495 1343 4577 qai
1363 4484 1461 4558 ΜΨ

274 4579 343 4642 dan
364 4579 644 4660 naqnamtnalotur,
675 4580 828 4646 Eulaliae
849 4589 1100 4663 prostratorum,
1134 4585 1187 4664 qai
1210 4599 1276 4646 mm
1298 4591 1354 4661 per
1378 4565 1459 4634 didm
