3078 5248
260 391 323 456 502
380 409 557 460 ntsoutsumo
572 410 608 452 ue
623 409 696 466 vum
711 407 823 452 aurare
840 409 925 452 eser.
940 407 1136 451 sentosarum
1153 407 1350 450 rauruccmru

260 557 362 624 Annus
384 559 438 620 CC.
461 579 477 620 a
499 559 633 640 plurimis
657 561 767 622 electus
797 569 842 621 est
880 561 976 639 iisque
1004 557 1211 619 eruditissimis
1244 557 1328 618 viris.
1371 557 1419 618 Est
1437 559 1458 618 iu

260 643 318 704 illis
340 644 396 705 lae.
420 645 565 705 Pamelius
589 645 662 718 (lita
678 645 847 706 Tertulliani
864 645 940 725 Opp.
957 644 1020 705 eius
1042 643 1191 722 praelixa).
1215 643 1243 703 si
1268 643 1311 702 lo.
1334 642 1459 702 forbesio

260 748 276 788 a
299 728 390 789 Corse
413 728 561 800 (lustrant.
584 729 696 790 Histoe.
719 729 823 790 'tuest
845 730 895 791 lib.
920 727 977 789 l'll.
1001 747 1025 788 c
1040 730 1079 792 .3.
1103 731 1131 805 ς.
1157 731 1205 791 16.
1229 747 1260 808 p.
1286 729 1358 792 320.
1381 727 1412 786 t.
1431 724 1460 786 ll.

262 815 337 892 Opp.
361 813 486 891 Theoi),
510 815 559 894 qui
582 833 614 876 se
637 833 705 876 eum
727 814 809 893 sequi
832 815 965 886 affirmat,
989 813 1154 885 credimus;
1175 812 1324 873 Beronius
1348 811 1460 872 enimin

260 916 312 958 sua
335 917 401 959 eum
424 907 519 960 castra
541 899 693 978 pertrabit.
737 899 790 959 Est
811 898 1051 978 diligentissimus
1075 896 1283 959 'fillemoutius
1314 895 1399 968 (Hist.
1419 895 1460 955 des

258 982 379 1060 Empdr.
402 981 487 1043 Tom.
511 984 560 1045 lll.
583 985 617 1044 P.
643 989 669 1047 1.
691 1003 721 1064 p.
743 987 823 1062 usp:
861 1001 1024 1064 quanquam
1054 981 1080 1044 is
1109 981 1166 1043 alio
1192 980 1261 1043 loeo
1286 979 1461 1057 (chronolog.

161 1128 164 1136 ,
259 1067 295 1128 ad
317 1067 433 1130 calcem.
458 1068 492 1128 t.
515 1067 564 1129 lll.
587 1069 663 1130 Hist.
685 1088 716 1149 p.
742 1071 845 1146 1221.)
868 1069 975 1130 dubius
998 1075 1062 1140 est,
1096 1085 1194 1128 aunon
1221 1066 1332 1128 melius
1360 1083 1385 1125 a.
1407 1065 1461 1124 tot.

256 1153 413 1231 ponendus
442 1151 504 1214 sit?
547 1153 601 1214 Est
628 1154 662 1214 L.
685 1153 719 1215 E.
741 1153 837 1234 Dupiu
860 1153 944 1228 (Bibl.
967 1151 1021 1213 des
1042 1153 1166 1212 luteum
1188 1151 1268 1212 Eecl.
1294 1151 1379 1210 Tem.
1401 1150 1420 1209 l.
1439 1169 1461 1226 p.

224 1233 225 1242 ’
258 1239 333 1312 st).
356 1237 462 1316 aliique
484 1238 660 1318 complures,
682 1257 808 1317 quorum
830 1238 949 1298 uomina
971 1237 1019 1298 bic
1039 1255 1196 1298 recensere
1217 1255 1328 1316 parum
1353 1233 1463 1294 arbitror

258 1320 338 1382 utile.
367 1321 506 1383 Nonnulli
530 1342 564 1384 ex
586 1323 632 1384 his
657 1323 827 1403 simpliciter
849 1323 1024 1383 seutentiam
1047 1322 1156 1394 dicunt,
1179 1321 1313 1382 rationes
1331 1319 1460 1380 omittunt.

257 1405 355 1468 blanel
376 1407 455 1468 euim
477 1408 549 1468 baec
570 1417 672 1469 nostra
694 1409 723 1468 id
745 1407 795 1468 fati
808 1408 989 1488 'plerumque
1008 1426 1111 1485 genus,
1134 1415 1166 1466 ut
1181 1413 1353 1485 contempta
1367 1403 1462 1464 iaceant

258 1510 291 1552 ao
306 1490 453 1552 derelicta.
484 1492 542 1565 Qui
564 1492 779 1571 diligentissimi
801 1501 880 1564 suut,
903 1512 938 1553 ex
961 1493 1065 1552 eodem
1088 1509 1139 1552 sua
1163 1491 1228 1551 loeo
1252 1497 1369 1570 petunt,
1390 1504 1460 1565 quem

258 1593 314 1636 uos
336 1577 364 1636 iu
388 1576 555 1638 subsidium
576 1577 756 1640 vocabimus.
793 1577 938 1638 llillemnt
959 1575 988 1638 in
1011 1576 1104 1646 laetis,
1126 1575 1162 1636 de
1184 1575 1294 1654 qulbus
1319 1571 1460 1652 quaeritm,

257 1661 292 1720 ad
316 1679 408 1722 annos
432 1681 504 1721 suos
526 1663 699 1735 referendis,
728 1661 804 1722 bello
827 1662 966 1722 nimirum
989 1660 1125 1721 Parthico
1154 1680 1188 1721 ac
1215 1659 1314 1720 Albini
1337 1656 1459 1718 motibus.

259 1745 446 1824 Quapropter
467 1746 538 1806 nihil
561 1747 629 1808 huie
656 1748 775 1824 negotio
803 1746 980 1825 perficiendo
1014 1745 1105 1823 magis
1135 1745 1299 1816 conducet,
1335 1761 1418 1821 quam
1443 1739 1462 1798 si

199 1841 204 1850 ’
257 1847 352 1889 meam
376 1838 405 1890 et
426 1849 559 1910 promam
582 1839 612 1891 et
634 1831 779 1892 stabiliam
801 1830 986 1891 senteutiam.
1032 1830 1098 1902 Quo
1122 1833 1208 1900 l'aoto,
1250 1829 1319 1908 quis
1355 1827 1459 1886 aliorum

257 1913 420 1974 rationibus
442 1913 616 1976 focusesse
645 1926 729 1994 queat
766 1915 924 1976 obscurum
953 1913 1078 1994 amplius
1101 1933 1168 1974 esse
1197 1913 1323 2003 nequit·
1368 1909 1461 1972 Ordine

258 2017 329 2058 vero
352 1999 589 2078 aspergendus
612 2000 749 2060 incedere
771 2000 886 2060 animus
910 2010 971 2072 est,
1007 1999 1186 2078 generaliora
1210 1997 1408 2076 praecedent,
1437 2011 1461 2051 ar

259 2101 361 2145 eorum
385 2102 488 2157 causa,
520 2083 569 2162 qui
591 2094 662 2163 post
684 2085 825 2144 Severum
847 2094 970 2171 aetatem
992 2083 1066 2144 libri
1082 2083 1240 2156 collocant,
1278 2102 1315 2142 eo
1338 2087 1460 2159 regnante

257 2167 461 2245 consignatum
484 2187 552 2228 esse
579 2169 836 2229 demonstrabitur.
882 2169 1043 2248 Specialior
1076 2176 1215 2247 sequetur
1243 2165 1460 2245 disquisition,

181 2269 186 2278 ·
260 2251 467 2329 impedimenta
490 2261 592 2313 cuneta
613 2251 786 2313 indubitatis
807 2253 989 2332 argumentis
1012 2253 1251 2314 removebuntur.
1287 2250 1393 2313 Ultimo
1407 2247 1459 2306 loeo

257 2333 293 2396 de
316 2335 382 2416 ipso
406 2354 482 2396 anno
505 2336 721 2398 deliberabitur.
1499 2329 1500 2342 ¹

305 2493 309 2502 Ι
342 2423 371 2497 ξ.
396 2421 430 2480 X.
474 2421 639 2500 imperante
673 2421 783 2482 Severo
818 2441 892 2500 opus
924 2423 980 2482 boo
1009 2420 1220 2486 Tertullianum
1254 2416 1457 2498 composuisse.

258 2523 324 2565 eum
346 2505 402 2565 loci
424 2506 541 2585 quidam
563 2506 619 2566 iam
643 2525 732 2585 supra
754 2527 770 2567 a
791 2526 838 2566 me
868 2506 984 2567 iudicati
1022 2515 1083 2566 tium
1111 2506 1137 2565 is
1165 2523 1252 2584 quem
1270 2523 1364 2566 nunc
1395 2499 1455 2560 reei-

259 2589 326 2649 tabo
349 2589 483 2651 declarat.
531 2591 674 2660 Ceterum,
705 2591 799 2671 iuquit
820 2591 902 2671 (Cap.
927 2593 957 2652 V.
980 2609 1009 2670 p.
1033 2594 1106 2664 62),
1132 2592 1166 2652 de
1189 2601 1232 2651 tot
1254 2591 1364 2652 exinde
1383 2587 1456 2666 prin·

258 2676 372 2755 capides
394 2677 432 2736 orl
448 2677 631 2748 hodiernum,
656 2679 790 2738 divinum
806 2677 1021 2756 humanumque
1037 2675 1231 2754 sapientibus,
1256 2677 1335 2737 edite
1349 2671 1457 2750 aliqum

258 2759 468 2822 debellatorem
491 2761 743 2822 Christianorum.
788 2761 878 2834 Eum‘,
912 2753 964 2839 qui
985 2769 1045 2821 tum
1074 2778 1122 2820 res
1145 2758 1259 2838 imperii
1284 2757 1453 2820 administra-

257 2843 323 2917 bat,
358 2845 387 2904 in
411 2845 592 2928 principibus
614 2845 743 2908 diuinum
767 2841 989 2923 liuntauomque
1013 2843 1196 2924 sapientibus
1235 2861 1290 2904 seu
1324 2841 1452 2928 utriusque

231 2927 333 3012 ,iuris
356 2947 389 2989 ao
410 2929 571 2990 litterarum
594 2931 696 3010 peritis
719 2940 862 2992 numerat.
906 2929 1013 3008 Excipe
1046 2931 1203 3000 Severum3
1239 2938 1268 2989 et
1297 2927 1394 2989 nullus
1415 2931 1453 2981 etl

258 3013 484 3092 imperatorum,
517 3015 547 3074 in
570 3033 656 3094 quem
680 3015 752 3075 liaeo
774 3007 957 3075 cortueniauit.
1001 3015 1057 3074 Aut
1086 3013 1263 3074 Commodus
1304 3020 1355 3072 aut
1383 3009 1452 3097 Caru-

257 3098 344 3170 oolla,
367 3117 493 3177 quorum
516 3099 563 3159 ille
586 3109 668 3173 aute,
698 3099 745 3176 liic
766 3108 836 3178 post
858 3119 924 3160 eum
947 3099 1012 3159 orbi
1035 3109 1178 3158 terrarum
1200 3098 1345 3177 praefuit,
1374 3107 1453 3153 uouit·

257 3183 371 3244 naudus
395 3192 448 3242 est.
493 3183 628 3244 Pertinax
650 3185 727 3246 enim
751 3193 779 3243 et
794 3184 933 3254 lulianus,
957 3184 1006 3262 qui
1029 3177 1129 3262 paucis
1152 3191 1265 3242 tautum
1291 3181 1393 3242 diebus
1413 3175 1452 3233 dt·

257 3268 355 3326 luuoto
378 3267 540 3328 Commodo
563 3264 709 3346 fastigium
732 3269 788 3328 hoc
817 3277 991 3340 tenuerunt,
1025 3269 1055 3328 in
1084 3267 1162 3332 huno
1190 3262 1313 3328 censum
1336 3281 1394 3324 riou
1414 3277 1474 3316 te·

257 3351 352 3410 rtiunt.
397 3353 433 3410 tt
455 3352 565 3430 qualeS,
589 3371 708 3430 quaeso,
732 3353 772 3413 illi
795 3371 869 3432 quos
892 3351 973 3413 dlxi?
1002 3351 1061 3412 Neo
1083 3351 1212 3412 divinum
1233 3371 1289 3412 uec
1311 3352 1453 3410 humanum

256 3433 415 3512 sapientes,
438 3434 575 3496 belluinis
590 3437 688 3496 verius
704 3455 790 3515 quam
812 3437 947 3499 humanis
970 3436 1103 3496 moribus
1124 3436 1258 3516 praediti,
1281 3434 1453 3513 flagitiorum.

255 3537 316 3578 nou
339 3517 500 3580 litterarum
523 3521 723 3582 scientissimi.
753 3523 874 3582 Meritum
898 3541 913 3582 e
936 3521 1084 3582 contrario
1109 3521 1249 3599 temporis
1265 3521 1295 3580 iu
1313 3519 1452 3580 addiscen-

256 3603 302 3663 dis
325 3603 436 3665 artibus
453 3605 578 3666 Severus
601 3605 801 3668 collocaverat.
844 3594 1053 3685 Philosophiae
1075 3599 1244 3665 addicendi
1267 3604 1372 3668 studiis
1394 3593 1454 3688 satis

256 3688 401 3752 deditum.
435 3690 584 3750 doctrinae
613 3709 731 3770 quoque
760 3690 848 3752 nimis
881 3690 1019 3771 cupidum
1049 3689 1222 3769 Spartianus
1258 3691 1334 3764 (Vita
1365 3687 1450 3747 seven

258 3793 319 3853 cap.
346 3778 394 3838 18.
417 3795 446 3853 p.
472 3779 554 3851 154.)
577 3785 670 3836 uocat.
699 3774 841 3836 Auderem
865 3775 928 3836 eius
951 3783 981 3836 ct
1001 3773 1174 3836 iudustriam
1196 3774 1250 3834 llio
1274 3766 1453 3836 commendat.

253 3856 322 3920 licet
349 3860 384 3920 ad
415 3879 464 3930 ea,
502 3879 574 3938 utrae
603 3869 700 3921 mento
728 3869 915 3938 conceperat,
953 3861 982 3920 in
1010 3879 1097 3920 usum
1121 3859 1288 3920 deducenda
1310 3875 1370 3918 nou
1390 3849 1451 3911 adeo

257 3954 341 4022 aptus
365 3944 461 4005 fuerit.
506 3945 590 4004 Hunc
612 3945 749 4005 nimirum
773 3945 940 4018 verborum,
964 3963 1038 4022 quoe
1061 3943 1232 4015 exscribam,
1257 3959 1377 4003 sensum
1397 3948 1452 3994 esse

257 4029 363 4106 opinor
385 4027 572 4102 (tinxxvt.
596 4029 625 4089 iu
649 4029 782 4108 Excerpt.
797 4029 923 4090 Peiresc.
947 4029 982 4090 ab
1005 4027 1095 4089 Heur.
1112 4029 1225 4090 Valesio
1249 4027 1317 4088 odit.
1340 4046 1368 4106 p.
1391 4017 1450 4083 740·

253 4113 337 4173 Paris
362 4116 480 4188 tetta:
516 4111 671 4188 παιδείας
699 4111 759 4194 μὲν
786 4109 847 4198 γὰρ
876 4109 1040 4194 ἐπεθύμει
1065 4112 1190 4194 μᾶλλον
1218 4103 1449 4198 flaminum

255 4197 308 4258 καὶ
333 4192 389 4259 διὰ
409 4198 505 4260 τοῦτο
527 4205 581 4261 καὶ
603 4194 827 4280 πολυγνώμων
848 4197 973 4280 μᾶλλον
994 4187 1213 4280 ἢπολυλόγος
1227 4183 1274 4282 ἦν.
1305 4196 1364 4257 Nee
1385 4201 1450 4249 enlm

255 4279 362 4341 Valesii
390 4282 461 4342 mibi
489 4283 585 4345 versio
616 4303 649 4346 ex
678 4283 757 4344 oruui
790 4293 873 4364 parte
906 4283 1013 4364 placet:
1050 4283 1289 4363 Diserplt'norom
1311 4278 1449 4362 studiosos

254 4369 356 4446 potius
378 4385 465 4446 quom
482 4372 611 4446 peritus,
635 4369 805 4448 etreliqua.
851 4367 929 4430 Talis
952 4367 1087 4447 princeps
1110 4367 1179 4446 quin
1201 4386 1255 4429 suo
1278 4367 1340 4426 iure
1361 4353 1447 4422 erudi·

255 4450 292 4510 tis
315 4453 518 4516 connumerari
540 4455 678 4530 potnerit,
701 4453 767 4534 quis
790 4451 926 4514 dubitet?
964 4452 1021 4513 Sed
1043 4452 1170 4532 longiori
1192 4451 1363 4531 probatione
1383 4432 1447 4502 baud

255 4551 329 4612 opus
351 4543 425 4610 est,
444 4534 510 4612 lpsa
532 4555 580 4598 res
604 4547 683 4599 extra
707 4557 793 4599 omne
817 4537 940 4618 collocat
962 4536 1092 4612 dubium,
1116 4539 1170 4599 sub
1193 4537 1272 4597 uullo
1295 4550 1376 4615 quam
1401 4525 1448 4583 Se'

252 4637 325 4680 vero
347 4619 405 4682 hoc
428 4619 569 4701 scriptum
591 4621 622 4684 iu
642 4621 754 4716 litteras
775 4622 898 4684 relatum
921 4641 998 4684 esse.
