3114 5240
243 363 313 434 108
336 387 529 430 DlStililleTli)
545 386 575 429 lN
591 387 638 438 Qll.
655 385 739 429 ΜΠ.
754 385 840 428 FLOR.
858 383 1052 428 TENTULleNl
1066 383 1292 427 APOLOGETICUN
1308 383 1392 426 CETT.
1486 385 1488 390 '

247 537 291 599 sic
312 537 456 617 disputat:
485 537 628 619 Expedite
647 535 882 618 praesentimus
904 533 1052 598 adulteris
1074 537 1190 597 nostris
1212 533 1298 596 iliam
1319 552 1384 596 esse
1405 553 1459 597 re-

246 622 349 704 gelone
370 627 517 694 veritatis,
540 641 614 705 quoe
635 626 735 684 sessim
756 621 921 693 oClsra'sto,
944 625 1125 683 transmissa
1144 637 1202 699 per
1217 623 1335 681 consitas
1351 623 1459 716 ipsius,

247 707 355 790 quillis
377 707 539 789 aliquanda
559 710 746 788 posteriores
769 707 884 768 diversi
902 709 956 768 isti
977 714 1223 768 commentatores
1241 703 1462 784 prolabuntur

249 790 340 866 (thiu-
366 809 428 871 cap.
451 795 527 864 dt).
550 793 587 852 dt
607 789 747 870 numquid
769 790 837 851 lrocx
854 797 1056 870 argumentum
1079 789 1220 849 adversus
1243 795 1401 850 novatores
1431 795 1462 850 et

247 875 399 938 doctrinae
420 876 595 939 christianae
617 883 805 954 corruptores
827 875 862 940 ab
885 875 942 936 alio
970 873 1101 938 adhiberi
1122 891 1182 934 non
1209 879 1319 951 potest,
1342 872 1402 934 nisi
1423 872 1460 934 ab

248 978 303 1033 ea,
332 961 381 1040 qui
409 961 515 1023 librum
536 962 578 1022 ne
605 960 890 1039 Praescriptionibus
919 959 1141 1020 llaereticorum
1163 955 1310 1019 ediderit?
1346 957 1460 1018 Deinde

246 1064 318 1106 vera
341 1045 428 1106 siribi
451 1046 487 1107 ad
507 1047 587 1108 bunc
606 1046 712 1106 librum
735 1045 890 1106 collineare
909 1041 1012 1118 doluit,
1033 1061 1086 1105 cur
1106 1041 1187 1103 illum
1202 1041 1375 1104 clarioribus
1390 1061 1461 1104 rer-

245 1129 292 1192 bis
314 1148 374 1190 nou
395 1130 513 1205 indicet,
535 1140 622 1210 atquc
642 1131 679 1192 iis
701 1129 801 1204 utitur,
824 1149 898 1209 quae
919 1129 956 1190 de
971 1128 1033 1202 illo,
1054 1128 1099 1188 uti
1113 1127 1162 1188 alii
1176 1135 1288 1206 putant,
1310 1133 1369 1188 um
1384 1145 1460 1188 con·

247 1213 373 1277 ficieuda
401 1233 488 1294 quam
515 1215 573 1277 iam
600 1215 765 1294 composito
787 1223 916 1294 possunt
937 1211 1087 1292 intellegi?
1109 1211 1240 1290 Denique
1261 1229 1322 1272 non
1344 1221 1463 1275 constat

247 1299 325 1361 iuter
347 1299 481 1378 eruditos
502 1319 561 1378 quo
581 1307 716 1379 tempore
738 1297 935 1361 Tertullianus
957 1298 1035 1359 bunc
1055 1297 1098 1358 [ie
1119 1295 1412 1376 Praescriptionibus·
1422 1297 1460 1358 li·
1539 1327 1540 1338 .

247 1384 332 1446 brum
351 1385 499 1464 publicam
521 1385 653 1446 emiserit
673 1385 704 1446 in
726 1384 830 1446 lucem.
863 1383 1023 1445 Peritiores
1045 1389 1142 1443 autem
1164 1381 1256 1443 critici
1279 1391 1404 1442 censent
1425 1381 1462 1443 ab

248 1487 285 1530 eo
308 1469 496 1548 divulgatum,
519 1489 585 1532 cum
607 1470 737 1531 nandum
760 1470 796 1532 ab
818 1467 949 1530 Ecclesia
971 1465 1112 1529 catholica
1132 1466 1301 1528 deiecisset.

332 1553 486 1616 Neminem
507 1573 609 1641 porro,
633 1555 674 1616 uti
697 1554 861 1634 opinamur,
882 1553 952 1614 illud
974 1551 1102 1614 movebit
1123 1551 1201 1630 quod
1223 1549 1343 1611 Allixius
1365 1551 1461 1612 adbuc

232 1638 378 1710 ,obiectat
398 1640 577 1718 designatam
600 1657 616 1700 a
639 1639 819 1700 Tertulliano
842 1638 898 1700 sibi
920 1636 1014 1700 rideri
1035 1635 1184 1698 insolitam
1213 1634 1351 1714 eclipsin,
1382 1653 1458 1714 quae

249 1739 326 1784 anno
349 1723 458 1784 Christi
480 1723 560 1785 CCX.
583 1723 704 1802 contigit
725 1723 811 1798 (ibid.
833 1743 896 1803 asp.
919 1721 1188 1796 tantustantus
1210 1720 1279 1782 citat
1292 1717 1356 1780 libri
1372 1719 1457 1799 dpa-

247 1805 365 1886 logatici
386 1816 481 1888 caput,
503 1808 533 1869 in
554 1827 589 1869 eo
612 1809 722 1869 nullum
744 1808 830 1888 plane
851 1803 929 1869 exiet
949 1805 1103 1896 singularis
1131 1812 1161 1866 et
1180 1805 1316 1866 insolitae
1339 1803 1460 1868 alcuius

248 1892 366 1973 eclipsis
389 1892 527 1954 indicium
549 1893 683 1971 nudaque
706 1893 889 1971 significatio.
1488 1897 1493 1909 “

324 1975 386 2038 'dlii
408 1977 505 2056 itaque
521 1977 687 2038 existimant
701 1978 779 2038 hunc
792 1976 898 2038 librum
914 1996 930 2036 a
945 1975 1124 2037 Tertulliano
1140 1973 1339 2034 elucubratum
1355 1974 1463 2048 luisse,

248 2079 315 2122 cum
343 2061 470 2122 Severus
499 2061 563 2123 arbi
591 2063 723 2122 Romano
752 2061 923 2141 imperabat.
973 2061 1038 2120 Non
1066 2060 1144 2120 enim
1172 2057 1252 2119 illum
1278 2058 1338 2119 nisi
1366 2059 1464 2121 adbuc

248 2155 429 2226 regnantem,
452 2165 508 2208 nec
528 2147 558 2206 in
570 2146 753 2209 Christianos
776 2147 870 2207 adbuc
891 2146 986 2226 palam
1002 2145 1191 2216 saevientem,
1215 2144 1464 2220 constantissimi,

249 2226 401 2310 uti'paulo
430 2239 497 2293 ante
527 2232 668 2304 diximus,
698 2230 884 2310 imperatoris
908 2229 1003 2309 elogio
1027 2235 1210 2290 exornasset
1255 2227 1366 2289 Deinde
1389 2247 1463 2290 vera

248 2315 299 2375 ubi
323 2317 359 2376 de
380 2315 590 2396 perduellibus,
613 2316 710 2377 laesae
732 2314 894 2394 majestatis
917 2314 976 2375 reis
999 2332 1033 2375 ac
1062 2313 1186 2395 pssrblicis
1202 2312 1339 2373 hostibus
1355 2323 1464 2392 pastea

249 2399 386 2460 disserit:
414 2399 504 2474 Unde,
527 2401 629 2480 inquit,
654 2402 750 2464 Cassii
769 2415 799 2463 et
814 2401 904 2479 Nigri
923 2413 951 2462 st
970 2397 1093 2461 Albini?
1115 2398 1203 2472 (lbid.
1226 2415 1288 2477 cap.
1312 2401 1389 2475 35.),
1414 2400 1464 2479 qui

249 2485 385 2545 videlicet
406 2485 442 2546 de
466 2503 579 2547 summa
600 2485 714 2565 imperii
737 2493 883 2564 potestate
907 2503 973 2545 cunr
994 2483 1131 2562 legitimis
1154 2481 1383 2561 imperatoribus
1409 2485 1463 2546 de-

248 2576 439 2630 certaverant.
463 2569 499 2630 At
519 2578 590 2650 post
610 2571 740 2632 occisum
762 2589 864 2631 mense
886 2569 961 2631 blaio
985 2569 1053 2629 anni
1068 2567 1189 2631 Cllsslll.
1203 2567 1386 2628 Pertinacem
1403 2569 1462 2630 im-

170 2671 174 2676 ·
247 2661 415 2733 perstarem
451 2654 481 2715 C.
504 2655 684 2717 Pescennius
713 2654 804 2732 Niger
828 2671 988 2733 purpuram
1018 2660 1047 2713 et
1068 2653 1223 2733 imperium
1251 2653 1281 2713 iu
1308 2654 1462 2715 Pannonia

248 2737 411 2817 assumpsit
432 2739 553 2819 eiusque
574 2740 605 2800 in
626 2750 724 2818 partes
747 2739 864 2800 transiit
885 2739 1006 2800 Cassius
1028 2737 1174 2800 Clemens.
1207 2737 1296 2816 Niger
1316 2757 1387 2800 sera
1418 2739 1464 2800 ri·

248 2832 313 2884 otus
335 2823 476 2884 aSevero
505 2845 539 2886 ac
552 2825 714 2906 profligatis
737 2824 824 2908 tertia
847 2824 958 2903 praelio
982 2823 1059 2884 illius
1082 2822 1175 2902 copiis
1198 2824 1264 2900 iuga
1285 2823 1371 2884 saluti
1391 2841 1465 2886 suae

248 2908 403 2970 consulere
419 2911 526 2971 lrustra
545 2916 666 2970 cassatus
682 2916 737 2969 est.
760 2909 802 2969 Ab
818 2908 854 2969 iis
870 2909 958 2980 enim,
981 2907 1030 2986 qui
1045 2907 1204 2986 lugientem
1219 2908 1464 2987 insequebantur,

249 2993 366 3054 occisus
384 2994 439 3054 luit
456 2995 511 3054 snb
530 2997 618 3054 linem
635 2993 703 3054 anni
715 2993 845 3065 cxctv,
857 2992 903 3053 rel
915 2991 1021 3054 CXCV.
1034 2992 1158 3054 initium.
1169 2992 1241 3055 Post
1252 2993 1323 3053 haec
1333 2992 1465 3053 Severus

246 3077 361 3151 Albino,
383 3095 471 3156 quem
486 3079 567 3140 salsis
589 3077 752 3151 blanditiis,
775 3097 813 3138 ne
834 3077 965 3139 bostium
981 3085 1110 3138 'suarum
1129 3095 1272 3138 numerus
1295 3085 1462 3155 augeretur,
1515 3095 1518 3100 ·

248 3161 412 3240 deceperat,
434 3163 542 3223 bellum
564 3163 669 3224 intulit.
710 3162 873 3223 Commisso
890 3162 1006 3222 tandem
1027 3178 1121 3240 prope
1141 3161 1316 3242 Lugdunum
1338 3161 1464 3241 praelio,

247 3244 370 3389 Alpinus
392 3244 475 3306 initio
498 3247 566 3307 anui
584 3247 706 3308 CXCllll
716 3249 825 3308 tractus
837 3265 871 3308 ac
881 3248 976 3320 lusus,
988 3253 1114 3307 mortem
1129 3245 1186 3308 sibi
1198 3247 1377 3308 conscivisse
1388 3265 1464 3327 per-

247 3328 374 3389 hiatur.

329 3413 433 3491 Neque
454 3419 552 3474 tamen
574 3422 644 3476 ωηο
665 3415 783 3476 omnino
806 3415 919 3475 finitum
942 3421 989 3475 est
1010 3414 1092 3476 civile
1106 3415 1224 3476 bellum.
1247 3415 1467 3494 Superluerunt

249 3496 358 3560 etenim
379 3497 467 3558 huius
489 3498 622 3560 laedonis
644 3500 790 3572 lautores,
819 3500 855 3561 de
877 3499 983 3578 quibus
1006 3497 1114 3561 ibidem
1131 3500 1326 3561 Tertullianus
1341 3507 1465 3561 noster:

248 3581 309 3645 Sed
330 3595 358 3645 et
380 3587 432 3664 qui
450 3601 532 3644 nunc
553 3576 767 3660 molestarum,
779 3585 827 3657 ait,
848 3588 985 3664 portium
1002 3589 1078 3647 socii
1097 3603 1131 3646 oc
1148 3585 1311 3664 plausores
1332 3585 1466 3666 qnotidie

249 3667 436 3738 revelantur,
456 3677 529 3748 post
550 3669 727 3730 vanderiam
748 3673 910 3732 racematio
933 3680 1101 3750 superstes,
1125 3667 1210 3749 (ibid.
1233 3687 1295 3749 cap.
1320 3671 1382 3746 38.)
1429 3669 1466 3730 m

247 3752 321 3816 baec
351 3751 456 3812 clarius
484 3751 520 3812 ab
542 3751 622 3812 deba
652 3753 803 3832 Spartiano
833 3754 911 3815 hunc
936 3753 966 3814 iu
988 3753 1108 3815 madunt
1139 3754 1335 3832 explicantur:
1370 3753 1468 3818 Multi

248 3857 321 3899 sone
339 3847 413 3917 post
433 3835 582 3912 Albinum,
605 3838 692 3918 fidem
715 3843 743 3900 ei
761 3849 928 3910 seruantes,
952 3839 1027 3901 bello
1049 3856 1068 3900 a
1090 3839 1201 3901 Seuera
1231 3842 1370 3920 superati
1390 3851 1465 3900 ssent

247 3921 406 4000 (spartian.
428 3921 458 3982 in
480 3921 535 3982 vis.
559 3922 657 3983 Seuer.
679 3939 745 4002 pag.
769 3925 839 3986 323.
863 3919 919 3983 c'ol.
944 3925 994 3997 1.).
1027 3923 1114 3986 Ultus
1144 3933 1188 3985 est
1210 3927 1305 4002 igitur
1324 3927 1466 4002 graviter

249 4006 442 4069 Albinianam
464 4008 665 4087 defectiones,
689 4009 857 4086 antefertis
874 4008 1028 4087 plurimis,
1052 4025 1160 4086 genere
1182 4027 1296 4090 quoque
1319 4011 1383 4069 eius
1408 4027 1465 4070 eao-

249 4093 359 4162 tincto,
388 4095 488 4153 iratus
506 4091 621 4172 populo
644 4101 674 4152 et
695 4091 885 4154 senatoribus
905 4091 1027 4154 uenam
1048 4097 1139 4154 venit.
1169 4092 1244 4154 Turn
1266 4091 1371 4153 deinde
1393 4101 1466 4172 past

248 4182 410 4235 memorata
431 4176 509 4236 varia
538 4175 639 4238 Severi
660 4176 764 4236 itinera
786 4175 856 4236 illud
878 4176 998 4238 adiecit:
1017 4175 1116 4240 later
1145 4177 1214 4240 boso
1242 4175 1465 4239 Pescennianas

249 4258 410 4342 reliquias,
438 4260 599 4323 Plautiano
622 4272 761 4331 auctare,
786 4261 1030 4342 persequebatur,
1059 4265 1103 4323 ito
1131 4272 1165 4324 ut
1186 4260 1351 4324 nonnullos
1374 4266 1464 4324 etiam

249 4363 289 4407 ea
310 4349 412 4406 omisis
435 4351 507 4417 suis,
530 4350 618 4428 quasi
632 4351 710 4410 sitae
732 4363 804 4407 suae
825 4345 1018 4408 insidiatores
1034 4347 1189 4426 oppeteret
1207 4347 1292 4415 (ibid.
1316 4345 1378 4408 ead.
1395 4364 1463 4425 pag.

248 4430 305 4490 col.
329 4432 389 4504 2),
405 4428 498 4508 Atque
520 4449 555 4491 ex
576 4431 623 4493 bis
644 4430 858 4510 posterioribus
879 4429 977 4490 rerbis
1000 4430 1087 4509 aliqui
1116 4431 1218 4492 conlisi
1241 4449 1334 4511 posse
1357 4431 1462 4492 existi-

248 4523 339 4586 mant,
368 4513 539 4577 Tertulliani
568 4513 787 4595 Apologcticum
810 4516 840 4575 in
867 4515 961 4576 lucem
988 4515 1138 4594 prodiisse
1171 4533 1231 4575 non
1266 4515 1363 4577 salum
1392 4523 1464 4594 past

240 4600 406 4675 ‚mancum
441 4600 478 4660 de
511 4598 618 4678 quibus
651 4601 698 4662 ille
732 4599 869 4673 disserit,
904 4599 1098 4680 perduellisun
1125 4599 1281 4682 reliquias,
1311 4600 1364 4663 sed
1391 4607 1465 4682 post
