<?xml version="1.0" encoding="UTF-8"?>
<!DOCTYPE html PUBLIC "-//W3C//DTD XHTML 1.0 Transitional//EN"
    "http://www.w3.org/TR/xhtml1/DTD/xhtml1-transitional.dtd">
<html xmlns="http://www.w3.org/1999/xhtml" xml:lang="en" lang="en">
 <head>
  <title>
</title>
<meta http-equiv="Content-Type" content="text/html;charset=utf-8" />
  <meta name='ocr-system' content='tesseract 3.04.00' />
  <meta name='ocr-capabilities' content='ocr_page ocr_carea ocr_par ocr_line ocrx_word'/>
</head>
<body>
  <div class='ocr_page' id='page_1' title='image "./quaesupersuntom01oehlgoog_0159.png"; bbox 0 0 3114 5240; ppageno 0'>
   <div class='ocr_carea' id='block_1_1' title="bbox 237 310 1386 381">
    <p class='ocr_par' dir='ltr' id='par_1_1' title="bbox 237 310 1386 381">
     <span class='ocr_line' id='line_1_1' title="bbox 237 310 1386 381; baseline 0.004 -10"><span class='ocrx_word' id='word_1_1' title='bbox 237 310 297 372; x_wconf 70' lang='lat'><strong>152</strong></span> <span class='ocrx_word' id='word_1_2' title='bbox 326 325 517 372; x_wconf 77' lang='lat' dir='ltr'><strong>btssmtrto</strong></span> <span class='ocrx_word' id='word_1_3' title='bbox 533 329 564 372; x_wconf 84' lang='lat' dir='ltr'><strong>ttt</strong></span> <span class='ocrx_word' id='word_1_4' title='bbox 579 331 628 381; x_wconf 82' lang='lat' dir='ltr'><strong>ou.</strong></span> <span class='ocrx_word' id='word_1_5' title='bbox 644 329 728 374; x_wconf 70' lang='lat' dir='ltr'><strong>lm·</strong></span> <span class='ocrx_word' id='word_1_6' title='bbox 744 327 830 374; x_wconf 71' lang='lat' dir='ltr'><strong>ruet.</strong></span> <span class='ocrx_word' id='word_1_7' title='bbox 847 329 1042 372; x_wconf 70' lang='lat' dir='ltr'><strong>annuntiant</strong></span> <span class='ocrx_word' id='word_1_8' title='bbox 1055 327 1285 374; x_wconf 67' lang='lat' dir='ltr'><strong>trotoourtcat</strong></span> <span class='ocrx_word' id='word_1_9' title='bbox 1300 331 1386 376; x_wconf 68' lang='lat' dir='ltr'><strong>GHT-</strong></span> 
     </span>
    </p>
   </div>
   <div class='ocr_carea' id='block_1_2' title="bbox 144 475 1552 1476">
    <p class='ocr_par' dir='ltr' id='par_1_2' title="bbox 144 475 1552 1476">
     <span class='ocr_line' id='line_1_2' title="bbox 319 475 1552 559; baseline -0.001 -15"><span class='ocrx_word' id='word_1_10' title='bbox 319 477 492 559; x_wconf 79' lang='lat' dir='ltr'><strong>Respondet</strong></span> <span class='ocrx_word' id='word_1_11' title='bbox 522 477 620 556; x_wconf 86' lang='lat' dir='ltr'><strong>itaque</strong></span> <span class='ocrx_word' id='word_1_12' title='bbox 641 475 852 548; x_wconf 75' lang='lat' dir='ltr'><strong>Tertullianus,</strong></span> <span class='ocrx_word' id='word_1_13' title='bbox 872 477 1029 540; x_wconf 75' lang='lat' dir='ltr'><strong>muimam</strong></span> <span class='ocrx_word' id='word_1_14' title='bbox 1062 477 1133 540; x_wconf 92' lang='lat' dir='ltr'><strong>olim</strong></span> <span class='ocrx_word' id='word_1_15' title='bbox 1159 475 1336 540; x_wconf 84' lang='lat' dir='ltr'><strong>ludaeorum</strong></span> <span class='ocrx_word' id='word_1_16' title='bbox 1364 480 1459 544; x_wconf 82' lang='lat' dir='ltr'><strong>luisse</strong></span> <span class='ocrx_word' id='word_1_17' title='bbox 1551 505 1552 516; x_wconf 53' lang='lat'>¹</span> 
     </span>
     <span class='ocr_line' id='line_1_3' title="bbox 228 551 1460 646; baseline -0.004 -17"><span class='ocrx_word' id='word_1_18' title='bbox 228 566 313 646; x_wconf 86' lang='lat' dir='ltr'><strong>apud</strong></span> <span class='ocrx_word' id='word_1_19' title='bbox 332 551 427 626; x_wconf 84' lang='lat' dir='ltr'><strong>Deum</strong></span> <span class='ocrx_word' id='word_1_20' title='bbox 448 561 578 642; x_wconf 73' lang='lat' dir='ltr'><strong>gratiam,</strong></span> <span class='ocrx_word' id='word_1_21' title='bbox 600 562 637 624; x_wconf 87' lang='lat' dir='ltr'><strong>ob</strong></span> <span class='ocrx_word' id='word_1_22' title='bbox 659 564 807 640; x_wconf 70' lang='lat' dir='ltr'><strong>larionem</strong></span> <span class='ocrx_word' id='word_1_23' title='bbox 826 564 974 622; x_wconf 66' lang='lat' dir='ltr'><strong>lusatiam</strong></span> <span class='ocrx_word' id='word_1_24' title='bbox 995 572 1024 624; x_wconf 85' lang='lat' dir='ltr'><strong>et</strong></span> <span class='ocrx_word' id='word_1_25' title='bbox 1037 561 1127 641; x_wconf 75' lang='lat' dir='ltr'><strong>fidem</strong></span> <span class='ocrx_word' id='word_1_26' title='bbox 1141 561 1337 641; x_wconf 78' lang='lat' dir='ltr'><strong>orlqlaala&#39;um</strong></span> <span class='ocrx_word' id='word_1_27' title='bbox 1349 577 1460 630; x_wconf 79' lang='lat' dir='ltr'><strong>aueto-</strong></span> 
     </span>
     <span class='ocr_line' id='line_1_4' title="bbox 236 643 1458 725; baseline 0 -13"><span class='ocrx_word' id='word_1_28' title='bbox 236 667 307 712; x_wconf 83' lang='lat' dir='ltr'><strong>ram</strong></span> <span class='ocrx_word' id='word_1_29' title='bbox 328 647 511 720; x_wconf 84' lang='lat' dir='ltr'><strong>(Tertullian.</strong></span> <span class='ocrx_word' id='word_1_30' title='bbox 531 645 685 724; x_wconf 71' lang='lat' dir='ltr'><strong>apologet</strong></span> <span class='ocrx_word' id='word_1_31' title='bbox 708 661 771 722; x_wconf 86' lang='lat' dir='ltr'><strong>cap.</strong></span> <span class='ocrx_word' id='word_1_32' title='bbox 794 647 871 720; x_wconf 66' lang='lat' dir='ltr'><strong>ib),</strong></span> <span class='ocrx_word' id='word_1_33' title='bbox 898 643 928 706; x_wconf 92' lang='lat' dir='ltr'><strong>id</strong></span> <span class='ocrx_word' id='word_1_34' title='bbox 951 652 1006 718; x_wconf 88' lang='lat' dir='ltr'><strong>est,</strong></span> <span class='ocrx_word' id='word_1_35' title='bbox 1028 644 1192 723; x_wconf 87' lang='lat' dir='ltr'><strong>primorum</strong></span> <span class='ocrx_word' id='word_1_36' title='bbox 1213 646 1458 725; x_wconf 78' lang='lat' dir='ltr'><strong>patriarcharum,</strong></span> 
     </span>
     <span class='ocr_line' id='line_1_5' title="bbox 237 726 1457 810; baseline -0.002 -15"><span class='ocrx_word' id='word_1_37' title='bbox 237 751 275 796; x_wconf 86' lang='lat' dir='ltr'><strong>ex</strong></span> <span class='ocrx_word' id='word_1_38' title='bbox 302 731 408 810; x_wconf 91' lang='lat' dir='ltr'><strong>quibus</strong></span> <span class='ocrx_word' id='word_1_39' title='bbox 435 729 580 808; x_wconf 80' lang='lat' dir='ltr'><strong>originem</strong></span> <span class='ocrx_word' id='word_1_40' title='bbox 607 745 693 790; x_wconf 88' lang='lat' dir='ltr'><strong>suam</strong></span> <span class='ocrx_word' id='word_1_41' title='bbox 720 726 873 789; x_wconf 84' lang='lat' dir='ltr'><strong>ducebant</strong></span> <span class='ocrx_word' id='word_1_42' title='bbox 918 727 1117 799; x_wconf 81' lang='lat' dir='ltr'><strong>Quamobrem</strong></span> <span class='ocrx_word' id='word_1_43' title='bbox 1138 736 1208 790; x_wconf 80' lang='lat' dir='ltr'><strong>urna</strong></span> <span class='ocrx_word' id='word_1_44' title='bbox 1228 728 1328 792; x_wconf 77' lang='lat' dir='ltr'><strong>felices</strong></span> <span class='ocrx_word' id='word_1_45' title='bbox 1350 738 1381 792; x_wconf 89' lang='lat' dir='ltr'><strong>et</strong></span> <span class='ocrx_word' id='word_1_46' title='bbox 1401 749 1457 810; x_wconf 78' lang='lat' dir='ltr'><strong>ge-</strong></span> 
     </span>
     <span class='ocr_line' id='line_1_6' title="bbox 231 809 1457 890; baseline -0.001 -13"><span class='ocrx_word' id='word_1_47' title='bbox 231 815 328 888; x_wconf 85' lang='lat' dir='ltr'><strong>neris,</strong></span> <span class='ocrx_word' id='word_1_48' title='bbox 350 823 383 876; x_wconf 90' lang='lat' dir='ltr'><strong>ut</strong></span> <span class='ocrx_word' id='word_1_49' title='bbox 403 813 451 874; x_wconf 86' lang='lat' dir='ltr'><strong>ibe</strong></span> <span class='ocrx_word' id='word_1_50' title='bbox 472 813 523 886; x_wconf 90' lang='lat' dir='ltr'><strong>ait,</strong></span> <span class='ocrx_word' id='word_1_51' title='bbox 544 810 745 890; x_wconf 77' lang='lat' dir='ltr'><strong>magnitudine</strong></span> <span class='ocrx_word' id='word_1_52' title='bbox 767 817 796 871; x_wconf 90' lang='lat' dir='ltr'><strong>et</strong></span> <span class='ocrx_word' id='word_1_53' title='bbox 816 810 900 889; x_wconf 81' lang='lat' dir='ltr'><strong>regni</strong></span> <span class='ocrx_word' id='word_1_54' title='bbox 924 809 1102 872; x_wconf 85' lang='lat' dir='ltr'><strong>sublimitate</strong></span> <span class='ocrx_word' id='word_1_55' title='bbox 1124 811 1299 873; x_wconf 83' lang='lat' dir='ltr'><strong>floruerunt</strong></span> <span class='ocrx_word' id='word_1_56' title='bbox 1341 814 1380 874; x_wconf 77' lang='lat' dir='ltr'><strong>tt</strong></span> <span class='ocrx_word' id='word_1_57' title='bbox 1399 833 1457 876; x_wconf 89' lang='lat' dir='ltr'><strong>eo-</strong></span> 
     </span>
     <span class='ocr_line' id='line_1_7' title="bbox 232 894 1458 976; baseline 0 -16"><span class='ocrx_word' id='word_1_58' title='bbox 232 915 303 960; x_wconf 87' lang='lat' dir='ltr'><strong>rum</strong></span> <span class='ocrx_word' id='word_1_59' title='bbox 323 896 437 976; x_wconf 82' lang='lat' dir='ltr'><strong>posteri</strong></span> <span class='ocrx_word' id='word_1_60' title='bbox 458 896 579 976; x_wconf 72' lang='lat' dir='ltr'><strong>fiducia,</strong></span> <span class='ocrx_word' id='word_1_61' title='bbox 612 895 653 956; x_wconf 84' lang='lat' dir='ltr'><strong>ita</strong></span> <span class='ocrx_word' id='word_1_62' title='bbox 674 895 739 973; x_wconf 84' lang='lat' dir='ltr'><strong>ipso</strong></span> <span class='ocrx_word' id='word_1_63' title='bbox 760 894 960 972; x_wconf 75' lang='lat' dir='ltr'><strong>prosequitur,</strong></span> <span class='ocrx_word' id='word_1_64' title='bbox 988 905 1117 974; x_wconf 82' lang='lat' dir='ltr'><strong>patrum</strong></span> <span class='ocrx_word' id='word_1_65' title='bbox 1138 896 1242 974; x_wconf 72' lang='lat' dir='ltr'><strong>inflati</strong></span> <span class='ocrx_word' id='word_1_66' title='bbox 1262 897 1415 959; x_wconf 70' lang='lat' dir='ltr'><strong>decimas</strong></span> <span class='ocrx_word' id='word_1_67' title='bbox 1438 917 1458 960; x_wconf 88' lang='lat' dir='ltr'><strong>a</strong></span> 
     </span>
     <span class='ocr_line' id='line_1_8' title="bbox 234 977 1458 1061; baseline 0.006 -25"><span class='ocrx_word' id='word_1_68' title='bbox 234 980 399 1061; x_wconf 24' lang='lat' dir='ltr'><strong>,coaptant</strong></span> <span class='ocrx_word' id='word_1_69' title='bbox 418 985 452 1041; x_wconf 82' lang='lat' dir='ltr'><strong>t&#39;a</strong></span> <span class='ocrx_word' id='word_1_70' title='bbox 470 979 642 1059; x_wconf 73' lang='lat' dir='ltr'><strong>profanam</strong></span> <span class='ocrx_word' id='word_1_71' title='bbox 671 977 794 1040; x_wconf 74' lang='lat' dir='ltr'><strong>modam</strong></span> <span class='ocrx_word' id='word_1_72' title='bbox 825 986 1000 1056; x_wconf 86' lang='lat' dir='ltr'><strong>spreverunt</strong></span> <span class='ocrx_word' id='word_1_73' title='bbox 1019 977 1072 1040; x_wconf 84' lang='lat' dir='ltr'><strong>Dei</strong></span> <span class='ocrx_word' id='word_1_74' title='bbox 1094 978 1207 1039; x_wconf 88' lang='lat' dir='ltr'><strong>monita</strong></span> <span class='ocrx_word' id='word_1_75' title='bbox 1227 997 1262 1040; x_wconf 88' lang='lat' dir='ltr'><strong>uc</strong></span> <span class='ocrx_word' id='word_1_76' title='bbox 1283 980 1458 1043; x_wconf 81' lang='lat' dir='ltr'><strong>conudtatls</strong></span> 
     </span>
     <span class='ocr_line' id='line_1_9' title="bbox 238 1060 1458 1141; baseline 0 -15"><span class='ocrx_word' id='word_1_77' title='bbox 238 1065 303 1126; x_wconf 87' lang='lat' dir='ltr'><strong>cius</strong></span> <span class='ocrx_word' id='word_1_78' title='bbox 330 1063 443 1141; x_wconf 75' lang='lat' dir='ltr'><strong>legibus</strong></span> <span class='ocrx_word' id='word_1_79' title='bbox 472 1061 502 1122; x_wconf 93' lang='lat' dir='ltr'><strong>in</strong></span> <span class='ocrx_word' id='word_1_80' title='bbox 528 1061 675 1139; x_wconf 86' lang='lat' dir='ltr'><strong>quaelibet</strong></span> <span class='ocrx_word' id='word_1_81' title='bbox 705 1071 829 1122; x_wconf 81' lang='lat' dir='ltr'><strong>memor</strong></span> <span class='ocrx_word' id='word_1_82' title='bbox 848 1061 988 1123; x_wconf 86' lang='lat' dir='ltr'><strong>vitiorum</strong></span> <span class='ocrx_word' id='word_1_83' title='bbox 1010 1079 1127 1140; x_wconf 77' lang='lat' dir='ltr'><strong>genera.</strong></span> <span class='ocrx_word' id='word_1_84' title='bbox 1172 1060 1233 1122; x_wconf 87' lang='lat' dir='ltr'><strong>Sed</strong></span> <span class='ocrx_word' id='word_1_85' title='bbox 1253 1079 1345 1140; x_wconf 86' lang='lat' dir='ltr'><strong>quem</strong></span> <span class='ocrx_word' id='word_1_86' title='bbox 1362 1063 1458 1126; x_wconf 86' lang='lat' dir='ltr'><strong>Deum</strong></span> 
     </span>
     <span class='ocr_line' id='line_1_10' title="bbox 144 1143 1460 1226; baseline 0.001 -18"><span class='ocrx_word' id='word_1_87' title='bbox 144 1187 149 1196; x_wconf 31' lang='grc' dir='ltr'><strong>κ</strong></span> <span class='ocrx_word' id='word_1_88' title='bbox 237 1147 381 1226; x_wconf 86' lang='lat' dir='ltr'><strong>optimum</strong></span> <span class='ocrx_word' id='word_1_89' title='bbox 413 1153 629 1222; x_wconf 83' lang='lat' dir='ltr'><strong>contempsere,</strong></span> <span class='ocrx_word' id='word_1_90' title='bbox 658 1144 738 1206; x_wconf 90' lang='lat' dir='ltr'><strong>hunc</strong></span> <span class='ocrx_word' id='word_1_91' title='bbox 770 1161 907 1205; x_wconf 82' lang='lat' dir='ltr'><strong>severum</strong></span> <span class='ocrx_word' id='word_1_92' title='bbox 939 1143 1065 1206; x_wconf 83' lang='lat' dir='ltr'><strong>iudicem</strong></span> <span class='ocrx_word' id='word_1_93' title='bbox 1099 1145 1211 1223; x_wconf 86' lang='lat' dir='ltr'><strong>experti</strong></span> <span class='ocrx_word' id='word_1_94' title='bbox 1244 1154 1324 1207; x_wconf 84' lang='lat' dir='ltr'><strong>suut</strong></span> <span class='ocrx_word' id='word_1_95' title='bbox 1369 1147 1460 1219; x_wconf 81' lang='lat' dir='ltr'><strong>Quod</strong></span> 
     </span>
     <span class='ocr_line' id='line_1_11' title="bbox 237 1225 1457 1310; baseline 0.002 -20"><span class='ocrx_word' id='word_1_96' title='bbox 237 1230 357 1308; x_wconf 91' lang='lat' dir='ltr'><strong>quidem</strong></span> <span class='ocrx_word' id='word_1_97' title='bbox 382 1225 603 1290; x_wconf 85' lang='lat' dir='ltr'><strong>evidentissime</strong></span> <span class='ocrx_word' id='word_1_98' title='bbox 630 1227 736 1306; x_wconf 87' lang='lat' dir='ltr'><strong>probat</strong></span> <span class='ocrx_word' id='word_1_99' title='bbox 762 1227 856 1288; x_wconf 82' lang='lat' dir='ltr'><strong>exitus</strong></span> <span class='ocrx_word' id='word_1_100' title='bbox 878 1228 1040 1289; x_wconf 80' lang='lat' dir='ltr'><strong>hodiernus</strong></span> <span class='ocrx_word' id='word_1_101' title='bbox 1061 1227 1206 1306; x_wconf 89' lang='lat' dir='ltr'><strong>ipsorum,</strong></span> <span class='ocrx_word' id='word_1_102' title='bbox 1234 1247 1292 1306; x_wconf 87' lang='lat' dir='ltr'><strong>quo</strong></span> <span class='ocrx_word' id='word_1_103' title='bbox 1316 1231 1457 1310; x_wconf 77' lang='lat' dir='ltr'><strong>dispersi,</strong></span> 
     </span>
     <span class='ocr_line' id='line_1_12' title="bbox 237 1310 1460 1392; baseline 0 -18"><span class='ocrx_word' id='word_1_104' title='bbox 237 1312 279 1374; x_wconf 91' lang='lat' dir='ltr'><strong>ait</strong></span> <span class='ocrx_word' id='word_1_105' title='bbox 299 1313 408 1374; x_wconf 78' lang='lat' dir='ltr'><strong>Auctor</strong></span> <span class='ocrx_word' id='word_1_106' title='bbox 434 1319 548 1385; x_wconf 91' lang='lat' dir='ltr'><strong>noster,</strong></span> <span class='ocrx_word' id='word_1_107' title='bbox 572 1310 743 1391; x_wconf 74' lang='lat' dir='ltr'><strong>palabundi</strong></span> <span class='ocrx_word' id='word_1_108' title='bbox 768 1320 798 1371; x_wconf 88' lang='lat' dir='ltr'><strong>et</strong></span> <span class='ocrx_word' id='word_1_109' title='bbox 824 1310 900 1372; x_wconf 78' lang='lat' dir='ltr'><strong>caela·</strong></span> <span class='ocrx_word' id='word_1_110' title='bbox 924 1324 954 1375; x_wconf 88' lang='lat' dir='ltr'><strong>et</strong></span> <span class='ocrx_word' id='word_1_111' title='bbox 974 1311 1036 1372; x_wconf 78' lang='lat' dir='ltr'><strong>sola·</strong></span> <span class='ocrx_word' id='word_1_112' title='bbox 1055 1315 1106 1372; x_wconf 81' lang='lat' dir='ltr'><strong>rai</strong></span> <span class='ocrx_word' id='word_1_113' title='bbox 1134 1323 1275 1375; x_wconf 76' lang='lat' dir='ltr'><strong>creterrae</strong></span> <span class='ocrx_word' id='word_1_114' title='bbox 1305 1324 1460 1392; x_wconf 74' lang='lat' dir='ltr'><strong>coquatur</strong></span> 
     </span>
     <span class='ocr_line' id='line_1_13' title="bbox 234 1393 1460 1476; baseline 0.002 -20"><span class='ocrx_word' id='word_1_115' title='bbox 234 1413 294 1476; x_wconf 87' lang='lat' dir='ltr'><strong>per</strong></span> <span class='ocrx_word' id='word_1_116' title='bbox 322 1396 426 1458; x_wconf 82' lang='lat' dir='ltr'><strong>orbem</strong></span> <span class='ocrx_word' id='word_1_117' title='bbox 451 1400 515 1456; x_wconf 79' lang='lat' dir='ltr'><strong>alae</strong></span> <span class='ocrx_word' id='word_1_118' title='bbox 544 1395 669 1468; x_wconf 77' lang='lat' dir='ltr'><strong>lautae,</strong></span> <span class='ocrx_word' id='word_1_119' title='bbox 698 1399 763 1456; x_wconf 78' lang='lat' dir='ltr'><strong>eatae</strong></span> <span class='ocrx_word' id='word_1_120' title='bbox 789 1394 852 1456; x_wconf 83' lang='lat' dir='ltr'><strong>Deo</strong></span> <span class='ocrx_word' id='word_1_121' title='bbox 881 1412 951 1474; x_wconf 80' lang='lat' dir='ltr'><strong>repe</strong></span> <span class='ocrx_word' id='word_1_122' title='bbox 977 1393 1086 1470; x_wconf 84' lang='lat' dir='ltr'><strong>(ibid).</strong></span> <span class='ocrx_word' id='word_1_123' title='bbox 1130 1395 1238 1456; x_wconf 79' lang='lat' dir='ltr'><strong>Totum</strong></span> <span class='ocrx_word' id='word_1_124' title='bbox 1260 1403 1358 1458; x_wconf 89' lang='lat' dir='ltr'><strong>autem</strong></span> <span class='ocrx_word' id='word_1_125' title='bbox 1379 1397 1460 1460; x_wconf 86' lang='lat' dir='ltr'><strong>huna</strong></span> 
     </span>
    </p>
   </div>
   <div class='ocr_carea' id='block_1_3' title="bbox 237 1476 1552 1557">
    <p class='ocr_par' dir='ltr' id='par_1_3' title="bbox 237 1476 1552 1557">
     <span class='ocr_line' id='line_1_14' title="bbox 237 1476 1552 1557; baseline 0.002 -18"><span class='ocrx_word' id='word_1_126' title='bbox 237 1478 373 1556; x_wconf 75' lang='lat' dir='ltr'><strong>magistri</strong></span> <span class='ocrx_word' id='word_1_127' title='bbox 395 1479 440 1540; x_wconf 90' lang='lat' dir='ltr'><strong>sui</strong></span> <span class='ocrx_word' id='word_1_128' title='bbox 463 1477 562 1539; x_wconf 85' lang='lat' dir='ltr'><strong>locum</strong></span> <span class='ocrx_word' id='word_1_129' title='bbox 583 1476 744 1556; x_wconf 75' lang='lat' dir='ltr'><strong>Cyprianus</strong></span> <span class='ocrx_word' id='word_1_130' title='bbox 767 1476 916 1555; x_wconf 75' lang='lat' dir='ltr'><strong>decerpsit</strong></span> <span class='ocrx_word' id='word_1_131' title='bbox 936 1495 970 1538; x_wconf 90' lang='lat' dir='ltr'><strong>ac</strong></span> <span class='ocrx_word' id='word_1_132' title='bbox 994 1477 1136 1555; x_wconf 85' lang='lat' dir='ltr'><strong>quaedam</strong></span> <span class='ocrx_word' id='word_1_133' title='bbox 1151 1477 1238 1538; x_wconf 87' lang='lat' dir='ltr'><strong>etiam</strong></span> <span class='ocrx_word' id='word_1_134' title='bbox 1253 1479 1379 1557; x_wconf 85' lang='lat' dir='ltr'><strong>ipsamet</strong></span> <span class='ocrx_word' id='word_1_135' title='bbox 1393 1480 1459 1542; x_wconf 67' lang='lat' dir='ltr'><strong>dus</strong></span> <span class='ocrx_word' id='word_1_136' title='bbox 1551 1509 1552 1516; x_wconf 48' lang='lat'><strong>,</strong></span> 
     </span>
    </p>
   </div>
   <div class='ocr_carea' id='block_1_4' title="bbox 152 1559 1523 4537">
    <p class='ocr_par' dir='ltr' id='par_1_4' title="bbox 160 1559 1523 2548">
     <span class='ocr_line' id='line_1_15' title="bbox 237 1559 1460 1643; baseline 0.004 -22"><span class='ocrx_word' id='word_1_137' title='bbox 237 1561 325 1622; x_wconf 86' lang='lat' dir='ltr'><strong>rerba</strong></span> <span class='ocrx_word' id='word_1_138' title='bbox 353 1559 466 1624; x_wconf 88' lang='lat' dir='ltr'><strong>huncce</strong></span> <span class='ocrx_word' id='word_1_139' title='bbox 493 1560 525 1620; x_wconf 90' lang='lat' dir='ltr'><strong>in</strong></span> <span class='ocrx_word' id='word_1_140' title='bbox 550 1561 672 1624; x_wconf 87' lang='lat' dir='ltr'><strong>modum</strong></span> <span class='ocrx_word' id='word_1_141' title='bbox 699 1563 849 1621; x_wconf 85' lang='lat' dir='ltr'><strong>mutuatus</strong></span> <span class='ocrx_word' id='word_1_142' title='bbox 877 1569 938 1622; x_wconf 90' lang='lat' dir='ltr'><strong>est:</strong></span> <span class='ocrx_word' id='word_1_143' title='bbox 976 1559 1095 1622; x_wconf 79' lang='lat' dir='ltr'><strong>ludaeis</strong></span> <span class='ocrx_word' id='word_1_144' title='bbox 1122 1565 1256 1640; x_wconf 71' lang='lat' dir='ltr'><strong>prtum</strong></span> <span class='ocrx_word' id='word_1_145' title='bbox 1281 1573 1350 1624; x_wconf 87' lang='lat' dir='ltr'><strong>erat</strong></span> <span class='ocrx_word' id='word_1_146' title='bbox 1375 1565 1460 1643; x_wconf 82' lang='lat' dir='ltr'><strong>apud</strong></span> 
     </span>
     <span class='ocr_line' id='line_1_16' title="bbox 238 1639 1459 1726; baseline 0.006 -23"><span class='ocrx_word' id='word_1_147' title='bbox 238 1639 334 1704; x_wconf 72' lang='lat' dir='ltr'><strong>Decem</strong></span> <span class='ocrx_word' id='word_1_148' title='bbox 359 1649 471 1722; x_wconf 76' lang='lat' dir='ltr'><strong>qratia.</strong></span> <span class='ocrx_word' id='word_1_149' title='bbox 515 1642 566 1704; x_wconf 83' lang='lat' dir='ltr'><strong>Sic</strong></span> <span class='ocrx_word' id='word_1_150' title='bbox 596 1643 668 1704; x_wconf 74' lang='lat' dir='ltr'><strong>olim</strong></span> <span class='ocrx_word' id='word_1_151' title='bbox 693 1648 770 1704; x_wconf 77' lang='lat' dir='ltr'><strong>tarta·</strong></span> <span class='ocrx_word' id='word_1_152' title='bbox 789 1652 887 1716; x_wconf 82' lang='lat' dir='ltr'><strong>eraut,</strong></span> <span class='ocrx_word' id='word_1_153' title='bbox 916 1647 1111 1706; x_wconf 74' lang='lat' dir='ltr'><strong>clamatores</strong></span> <span class='ocrx_word' id='word_1_154' title='bbox 1134 1662 1240 1706; x_wconf 84' lang='lat' dir='ltr'><strong>eoram</strong></span> <span class='ocrx_word' id='word_1_155' title='bbox 1261 1645 1459 1726; x_wconf 76' lang='lat' dir='ltr'><strong>rellpr&#39;oar&#39;lae</strong></span> 
     </span>
     <span class='ocr_line' id='line_1_17' title="bbox 239 1724 1458 1808; baseline 0.004 -22"><span class='ocrx_word' id='word_1_156' title='bbox 239 1725 422 1788; x_wconf 73' lang='lat' dir='ltr'><strong>obediebant.</strong></span> <span class='ocrx_word' id='word_1_157' title='bbox 466 1724 540 1788; x_wconf 87' lang='lat' dir='ltr'><strong>lade</strong></span> <span class='ocrx_word' id='word_1_158' title='bbox 567 1724 631 1786; x_wconf 80' lang='lat' dir='ltr'><strong>illle</strong></span> <span class='ocrx_word' id='word_1_159' title='bbox 657 1735 687 1786; x_wconf 86' lang='lat' dir='ltr'><strong>et</strong></span> <span class='ocrx_word' id='word_1_160' title='bbox 715 1729 802 1805; x_wconf 76' lang='lat' dir='ltr'><strong>repat·</strong></span> <span class='ocrx_word' id='word_1_161' title='bbox 830 1727 999 1788; x_wconf 77' lang='lat' dir='ltr'><strong>sublimitas</strong></span> <span class='ocrx_word' id='word_1_162' title='bbox 1021 1728 1131 1806; x_wconf 73' lang='lat' dir='ltr'><strong>floruit</strong></span> <span class='ocrx_word' id='word_1_163' title='bbox 1152 1737 1182 1788; x_wconf 88' lang='lat' dir='ltr'><strong>et</strong></span> <span class='ocrx_word' id='word_1_164' title='bbox 1201 1731 1320 1806; x_wconf 77' lang='lat' dir='ltr'><strong>pecoris</strong></span> <span class='ocrx_word' id='word_1_165' title='bbox 1338 1734 1458 1808; x_wconf 71' lang='lat' dir='ltr'><strong>mactat·-</strong></span> 
     </span>
     <span class='ocr_line' id='line_1_18' title="bbox 238 1806 1459 1890; baseline 0.003 -20"><span class='ocrx_word' id='word_1_166' title='bbox 238 1809 311 1870; x_wconf 82' lang='lat' dir='ltr'><strong>tulo</strong></span> <span class='ocrx_word' id='word_1_167' title='bbox 333 1813 485 1887; x_wconf 75' lang='lat' dir='ltr'><strong>prouenit.</strong></span> <span class='ocrx_word' id='word_1_168' title='bbox 522 1806 583 1868; x_wconf 86' lang='lat' dir='ltr'><strong>Sed</strong></span> <span class='ocrx_word' id='word_1_169' title='bbox 603 1807 652 1869; x_wconf 82' lang='lat' dir='ltr'><strong>llll</strong></span> <span class='ocrx_word' id='word_1_170' title='bbox 671 1809 866 1888; x_wconf 73' lang='lat' dir='ltr'><strong>aeplepeatee,</strong></span> <span class='ocrx_word' id='word_1_171' title='bbox 889 1810 1109 1889; x_wconf 75' lang='lat' dir='ltr'><strong>indisciplinata·</strong></span> <span class='ocrx_word' id='word_1_172' title='bbox 1127 1823 1157 1873; x_wconf 84' lang='lat' dir='ltr'><strong>at</strong></span> <span class='ocrx_word' id='word_1_173' title='bbox 1178 1812 1304 1889; x_wconf 80' lang='lat' dir='ltr'><strong>superba·</strong></span> <span class='ocrx_word' id='word_1_174' title='bbox 1318 1823 1459 1890; x_wconf 79' lang='lat' dir='ltr'><strong>poetata-</strong></span> 
     </span>
     <span class='ocr_line' id='line_1_19' title="bbox 236 1889 1460 1974; baseline 0.004 -22"><span class='ocrx_word' id='word_1_175' title='bbox 236 1889 310 1952; x_wconf 84' lang='lat' dir='ltr'><strong>duat</strong></span> <span class='ocrx_word' id='word_1_176' title='bbox 330 1892 409 1970; x_wconf 76' lang='lat' dir='ltr'><strong>sacta·</strong></span> <span class='ocrx_word' id='word_1_177' title='bbox 428 1900 457 1952; x_wconf 88' lang='lat' dir='ltr'><strong>et</strong></span> <span class='ocrx_word' id='word_1_178' title='bbox 478 1890 590 1970; x_wconf 72' lang='lat' dir='ltr'><strong>fiducia</strong></span> <span class='ocrx_word' id='word_1_179' title='bbox 601 1901 728 1970; x_wconf 85' lang='lat' dir='ltr'><strong>patrum</strong></span> <span class='ocrx_word' id='word_1_180' title='bbox 741 1893 852 1971; x_wconf 63' lang='lat' dir='ltr'><strong>inflata,</strong></span> <span class='ocrx_word' id='word_1_181' title='bbox 875 1894 946 1955; x_wconf 83' lang='lat' dir='ltr'><strong>duat</strong></span> <span class='ocrx_word' id='word_1_182' title='bbox 960 1894 1063 1956; x_wconf 81' lang='lat' dir='ltr'><strong>diolco</strong></span> <span class='ocrx_word' id='word_1_183' title='bbox 1074 1904 1240 1974; x_wconf 84' lang='lat' dir='ltr'><strong>praecepta</strong></span> <span class='ocrx_word' id='word_1_184' title='bbox 1254 1906 1460 1968; x_wconf 71' lang='lat' dir='ltr'><strong>commeat,</strong></span> 
     </span>
     <span class='ocr_line' id='line_1_20' title="bbox 160 1973 1460 2058; baseline 0.01 -30"><span class='ocrx_word' id='word_1_185' title='bbox 160 2021 164 2028; x_wconf 94' lang='lat'>.</span> <span class='ocrx_word' id='word_1_186' title='bbox 238 1973 340 2034; x_wconf 81' lang='lat' dir='ltr'><strong>elatam</strong></span> <span class='ocrx_word' id='word_1_187' title='bbox 361 1975 420 2035; x_wconf 77' lang='lat' dir='ltr'><strong>saba·</strong></span> <span class='ocrx_word' id='word_1_188' title='bbox 437 1977 569 2053; x_wconf 75' lang='lat' dir='ltr'><strong>qratiam</strong></span> <span class='ocrx_word' id='word_1_189' title='bbox 585 1974 797 2052; x_wconf 78' lang='lat' dir='ltr'><strong>perdideruat.</strong></span> <span class='ocrx_word' id='word_1_190' title='bbox 830 1975 929 2048; x_wconf 86' lang='lat' dir='ltr'><strong>Quam</strong></span> <span class='ocrx_word' id='word_1_191' title='bbox 951 1994 1025 2038; x_wconf 87' lang='lat' dir='ltr'><strong>aero</strong></span> <span class='ocrx_word' id='word_1_192' title='bbox 1046 1977 1143 2055; x_wconf 70' lang='lat' dir='ltr'><strong>sacret</strong></span> <span class='ocrx_word' id='word_1_193' title='bbox 1157 1976 1219 2038; x_wconf 84' lang='lat' dir='ltr'><strong>lllla</strong></span> <span class='ocrx_word' id='word_1_194' title='bbox 1231 1978 1372 2058; x_wconf 67' lang='lat' dir='ltr'><strong>prolaeta</strong></span> <span class='ocrx_word' id='word_1_195' title='bbox 1386 1984 1460 2050; x_wconf 82' lang='lat' dir='ltr'><strong>alta,</strong></span> 
     </span>
     <span class='ocr_line' id='line_1_21' title="bbox 237 2055 1523 2140; baseline 0.005 -24"><span class='ocrx_word' id='word_1_196' title='bbox 237 2072 313 2134; x_wconf 84' lang='lat' dir='ltr'><strong>qaae</strong></span> <span class='ocrx_word' id='word_1_197' title='bbox 342 2068 500 2120; x_wconf 79' lang='lat' dir='ltr'><strong>contracta</strong></span> <span class='ocrx_word' id='word_1_198' title='bbox 526 2059 567 2118; x_wconf 78' lang='lat' dir='ltr'><strong>alt</strong></span> <span class='ocrx_word' id='word_1_199' title='bbox 594 2055 726 2118; x_wconf 76' lang='lat' dir='ltr'><strong>uiolatae</strong></span> <span class='ocrx_word' id='word_1_200' title='bbox 747 2057 902 2136; x_wconf 78' lang='lat' dir='ltr'><strong>rellq&#39;r&#39;oar‘s</strong></span> <span class='ocrx_word' id='word_1_201' title='bbox 925 2060 1051 2140; x_wconf 75' lang='lat' dir='ltr'><strong>offensa,</strong></span> <span class='ocrx_word' id='word_1_202' title='bbox 1079 2064 1141 2138; x_wconf 75' lang='lat' dir='ltr'><strong>ipra·</strong></span> <span class='ocrx_word' id='word_1_203' title='bbox 1159 2078 1273 2139; x_wconf 83' lang='lat' dir='ltr'><strong>qaoque</strong></span> <span class='ocrx_word' id='word_1_204' title='bbox 1297 2071 1461 2138; x_wconf 74' lang='lat' dir='ltr'><strong>rearmatur,</strong></span> <span class='ocrx_word' id='word_1_205' title='bbox 1512 2087 1523 2108; x_wconf 85' lang='lat'><strong>·</strong></span> 
     </span>
     <span class='ocr_line' id='line_1_22' title="bbox 238 2140 1462 2224; baseline 0.005 -24"><span class='ocrx_word' id='word_1_206' title='bbox 238 2141 292 2216; x_wconf 82' lang='lat' dir='ltr'><strong>qul</strong></span> <span class='ocrx_word' id='word_1_207' title='bbox 310 2142 369 2200; x_wconf 80' lang='lat' dir='ltr'><strong>etet·</strong></span> <span class='ocrx_word' id='word_1_208' title='bbox 387 2157 460 2201; x_wconf 87' lang='lat' dir='ltr'><strong>occe</strong></span> <span class='ocrx_word' id='word_1_209' title='bbox 481 2151 590 2214; x_wconf 85' lang='lat' dir='ltr'><strong>taceat,</strong></span> <span class='ocrx_word' id='word_1_210' title='bbox 612 2143 697 2200; x_wconf 77' lang='lat' dir='ltr'><strong>carita</strong></span> <span class='ocrx_word' id='word_1_211' title='bbox 719 2141 915 2219; x_wconf 68' lang='lat' dir='ltr'><strong>confiteatur,</strong></span> <span class='ocrx_word' id='word_1_212' title='bbox 945 2145 1088 2222; x_wconf 73' lang='lat' dir='ltr'><strong>Dispersa·</strong></span> <span class='ocrx_word' id='word_1_213' title='bbox 1107 2153 1135 2204; x_wconf 87' lang='lat' dir='ltr'><strong>et</strong></span> <span class='ocrx_word' id='word_1_214' title='bbox 1154 2141 1325 2222; x_wconf 71' lang='lat' dir='ltr'><strong>palabundi</strong></span> <span class='ocrx_word' id='word_1_215' title='bbox 1344 2140 1462 2224; x_wconf 68' lang='lat' dir='ltr'><strong>caeca-</strong></span> 
     </span>
     <span class='ocr_line' id='line_1_23' title="bbox 238 2220 1460 2306; baseline 0.009 -26"><span class='ocrx_word' id='word_1_216' title='bbox 238 2230 300 2289; x_wconf 71' lang='grc' dir='ltr'><strong>ταν,</strong></span> <span class='ocrx_word' id='word_1_217' title='bbox 323 2220 384 2282; x_wconf 75' lang='lat' dir='ltr'><strong>sola·</strong></span> <span class='ocrx_word' id='word_1_218' title='bbox 403 2231 432 2283; x_wconf 87' lang='lat' dir='ltr'><strong>et</strong></span> <span class='ocrx_word' id='word_1_219' title='bbox 454 2221 531 2282; x_wconf 80' lang='lat' dir='ltr'><strong>caela¹</strong></span> <span class='ocrx_word' id='word_1_220' title='bbox 549 2225 601 2284; x_wconf 77' lang='lat' dir='ltr'><strong>aaa·</strong></span> <span class='ocrx_word' id='word_1_221' title='bbox 615 2223 747 2301; x_wconf 74' lang='lat' dir='ltr'><strong>prosopa·</strong></span> <span class='ocrx_word' id='word_1_222' title='bbox 773 2241 833 2301; x_wconf 90' lang='lat' dir='ltr'><strong>per</strong></span> <span class='ocrx_word' id='word_1_223' title='bbox 855 2223 985 2306; x_wconf 77' lang='lat' dir='ltr'><strong>bospitio</strong></span> <span class='ocrx_word' id='word_1_224' title='bbox 1006 2226 1106 2288; x_wconf 81' lang='lat' dir='ltr'><strong>alt&#39;erta</strong></span> <span class='ocrx_word' id='word_1_225' title='bbox 1126 2229 1284 2287; x_wconf 76' lang='lat' dir='ltr'><strong>laetantur</strong></span> <span class='ocrx_word' id='word_1_226' title='bbox 1309 2226 1460 2306; x_wconf 77' lang='lat' dir='ltr'><strong>(Cypriau.</strong></span> 
     </span>
     <span class='ocr_line' id='line_1_24' title="bbox 237 2301 1462 2382; baseline 0.009 -20"><span class='ocrx_word' id='word_1_227' title='bbox 237 2301 275 2362; x_wconf 91' lang='lat' dir='ltr'><strong>de</strong></span> <span class='ocrx_word' id='word_1_228' title='bbox 296 2301 406 2364; x_wconf 91' lang='lat' dir='ltr'><strong>ldolor.</strong></span> <span class='ocrx_word' id='word_1_229' title='bbox 427 2303 521 2366; x_wconf 78' lang='lat' dir='ltr'><strong>Venit.</strong></span> <span class='ocrx_word' id='word_1_230' title='bbox 544 2321 610 2382; x_wconf 77' lang='lat' dir='ltr'><strong>pag.</strong></span> <span class='ocrx_word' id='word_1_231' title='bbox 636 2309 707 2380; x_wconf 68' lang='lat' dir='ltr'><strong>lb).</strong></span> <span class='ocrx_word' id='word_1_232' title='bbox 752 2305 811 2366; x_wconf 87' lang='lat' dir='ltr'><strong>Sed</strong></span> <span class='ocrx_word' id='word_1_233' title='bbox 837 2306 911 2368; x_wconf 88' lang='lat' dir='ltr'><strong>haec</strong></span> <span class='ocrx_word' id='word_1_234' title='bbox 938 2309 996 2370; x_wconf 90' lang='lat' dir='ltr'><strong>iam</strong></span> <span class='ocrx_word' id='word_1_235' title='bbox 1018 2307 1173 2369; x_wconf 85' lang='lat' dir='ltr'><strong>retulimus</strong></span> <span class='ocrx_word' id='word_1_236' title='bbox 1195 2307 1226 2368; x_wconf 91' lang='lat' dir='ltr'><strong>in</strong></span> <span class='ocrx_word' id='word_1_237' title='bbox 1248 2309 1462 2372; x_wconf 83' lang='lat' dir='ltr'><strong>dissertatione</strong></span> 
     </span>
     <span class='ocr_line' id='line_1_25' title="bbox 237 2385 1463 2470; baseline 0.01 -28"><span class='ocrx_word' id='word_1_238' title='bbox 237 2392 341 2445; x_wconf 87' lang='lat' dir='ltr'><strong>nostra</strong></span> <span class='ocrx_word' id='word_1_239' title='bbox 369 2385 406 2446; x_wconf 87' lang='lat' dir='ltr'><strong>de</strong></span> <span class='ocrx_word' id='word_1_240' title='bbox 433 2385 510 2448; x_wconf 87' lang='lat' dir='ltr'><strong>libro</strong></span> <span class='ocrx_word' id='word_1_241' title='bbox 531 2387 647 2448; x_wconf 88' lang='lat' dir='ltr'><strong>blinutii</strong></span> <span class='ocrx_word' id='word_1_242' title='bbox 668 2387 783 2460; x_wconf 82' lang='lat' dir='ltr'><strong>Felicis,</strong></span> <span class='ocrx_word' id='word_1_243' title='bbox 812 2389 863 2466; x_wconf 92' lang='lat' dir='ltr'><strong>qui</strong></span> <span class='ocrx_word' id='word_1_244' title='bbox 884 2390 952 2453; x_wconf 88' lang='lat' dir='ltr'><strong>iude</strong></span> <span class='ocrx_word' id='word_1_245' title='bbox 975 2390 1091 2452; x_wconf 83' lang='lat' dir='ltr'><strong>Caecilii</strong></span> <span class='ocrx_word' id='word_1_246' title='bbox 1113 2391 1306 2470; x_wconf 75' lang='lat' dir='ltr'><strong>pervicaciam</strong></span> <span class='ocrx_word' id='word_1_247' title='bbox 1327 2395 1463 2456; x_wconf 87' lang='lat' dir='ltr'><strong>retundit</strong></span> 
     </span>
     <span class='ocr_line' id='line_1_26' title="bbox 237 2465 872 2548; baseline 0.006 -22"><span class='ocrx_word' id='word_1_248' title='bbox 237 2465 403 2538; x_wconf 83' lang='lat' dir='ltr'><strong>(Dissertat</strong></span> <span class='ocrx_word' id='word_1_249' title='bbox 426 2468 456 2529; x_wconf 94' lang='lat' dir='ltr'><strong>in</strong></span> <span class='ocrx_word' id='word_1_250' title='bbox 477 2469 580 2530; x_wconf 85' lang='lat' dir='ltr'><strong>blinut.</strong></span> <span class='ocrx_word' id='word_1_251' title='bbox 603 2487 666 2548; x_wconf 92' lang='lat' dir='ltr'><strong>cap.</strong></span> <span class='ocrx_word' id='word_1_252' title='bbox 688 2473 718 2534; x_wconf 84' lang='grc'><strong>6.</strong></span> <span class='ocrx_word' id='word_1_253' title='bbox 740 2479 794 2531; x_wconf 82' lang='lat' dir='ltr'><strong>art</strong></span> <span class='ocrx_word' id='word_1_254' title='bbox 817 2474 872 2546; x_wconf 86' lang='lat'><strong>3.).</strong></span> 
     </span>
    </p>

    <p class='ocr_par' dir='ltr' id='par_1_5' title="bbox 229 2548 1464 4284">
     <span class='ocr_line' id='line_1_27' title="bbox 321 2548 1461 2632; baseline 0.011 -24"><span class='ocrx_word' id='word_1_255' title='bbox 321 2548 360 2608; x_wconf 76' lang='lat' dir='ltr'><strong>to</strong></span> <span class='ocrx_word' id='word_1_256' title='bbox 380 2567 441 2610; x_wconf 88' lang='lat' dir='ltr'><strong>non</strong></span> <span class='ocrx_word' id='word_1_257' title='bbox 462 2551 558 2613; x_wconf 86' lang='lat' dir='ltr'><strong>solum</strong></span> <span class='ocrx_word' id='word_1_258' title='bbox 580 2550 653 2613; x_wconf 86' lang='lat' dir='ltr'><strong>haee</strong></span> <span class='ocrx_word' id='word_1_259' title='bbox 675 2561 705 2612; x_wconf 92' lang='lat' dir='ltr'><strong>ct</strong></span> <span class='ocrx_word' id='word_1_260' title='bbox 724 2553 794 2614; x_wconf 90' lang='lat' dir='ltr'><strong>illuc</strong></span> <span class='ocrx_word' id='word_1_261' title='bbox 813 2572 868 2632; x_wconf 89' lang='lat' dir='ltr'><strong>per</strong></span> <span class='ocrx_word' id='word_1_262' title='bbox 889 2561 984 2614; x_wconf 86' lang='lat' dir='ltr'><strong>totum</strong></span> <span class='ocrx_word' id='word_1_263' title='bbox 1007 2563 1150 2616; x_wconf 89' lang='lat' dir='ltr'><strong>terrarum</strong></span> <span class='ocrx_word' id='word_1_264' title='bbox 1174 2557 1276 2618; x_wconf 89' lang='lat' dir='ltr'><strong>orbem</strong></span> <span class='ocrx_word' id='word_1_265' title='bbox 1291 2559 1393 2620; x_wconf 87' lang='lat' dir='ltr'><strong>ludaei</strong></span> <span class='ocrx_word' id='word_1_266' title='bbox 1409 2579 1461 2621; x_wconf 91' lang='lat' dir='ltr'><strong>er·</strong></span> 
     </span>
     <span class='ocr_line' id='line_1_28' title="bbox 237 2635 1464 2716; baseline 0.013 -26"><span class='ocrx_word' id='word_1_267' title='bbox 237 2638 305 2690; x_wconf 88' lang='lat' dir='ltr'><strong>rant</strong></span> <span class='ocrx_word' id='word_1_268' title='bbox 325 2649 359 2692; x_wconf 89' lang='lat' dir='ltr'><strong>ao</strong></span> <span class='ocrx_word' id='word_1_269' title='bbox 380 2641 538 2710; x_wconf 78' lang='lat' dir='ltr'><strong>vagantur,</strong></span> <span class='ocrx_word' id='word_1_270' title='bbox 570 2635 624 2694; x_wconf 91' lang='lat' dir='ltr'><strong>sed</strong></span> <span class='ocrx_word' id='word_1_271' title='bbox 644 2653 700 2696; x_wconf 86' lang='lat' dir='ltr'><strong>nec</strong></span> <span class='ocrx_word' id='word_1_272' title='bbox 720 2635 793 2714; x_wconf 89' lang='lat' dir='ltr'><strong>ipsis</strong></span> <span class='ocrx_word' id='word_1_273' title='bbox 815 2654 942 2714; x_wconf 87' lang='lat' dir='ltr'><strong>quoque,</strong></span> <span class='ocrx_word' id='word_1_274' title='bbox 970 2639 1067 2716; x_wconf 80' lang='lat' dir='ltr'><strong>pergit</strong></span> <span class='ocrx_word' id='word_1_275' title='bbox 1088 2639 1294 2712; x_wconf 85' lang='lat' dir='ltr'><strong>Tertullianus,</strong></span> <span class='ocrx_word' id='word_1_276' title='bbox 1324 2643 1464 2706; x_wconf 77' lang='lat' dir='ltr'><strong>atom-</strong></span> 
     </span>
     <span class='ocr_line' id='line_1_29' title="bbox 237 2717 1461 2811; baseline 0.013 -39"><span class='ocrx_word' id='word_1_277' title='bbox 237 2729 309 2773; x_wconf 84' lang='lat' dir='ltr'><strong>ram</strong></span> <span class='ocrx_word' id='word_1_278' title='bbox 336 2719 404 2775; x_wconf 80' lang='lat' dir='ltr'><strong>a&#39;ure</strong></span> <span class='ocrx_word' id='word_1_279' title='bbox 431 2724 549 2777; x_wconf 84' lang='lat' dir='ltr'><strong>terram</strong></span> <span class='ocrx_word' id='word_1_280' title='bbox 572 2722 708 2795; x_wconf 78' lang='lat' dir='ltr'><strong>patriam</strong></span> <span class='ocrx_word' id='word_1_281' title='bbox 730 2717 837 2780; x_wconf 81' lang='lat' dir='ltr'><strong>saltem</strong></span> <span class='ocrx_word' id='word_1_282' title='bbox 857 2725 980 2811; x_wconf 75' lang='lat' dir='ltr'><strong>oeetlplp</strong></span> <span class='ocrx_word' id='word_1_283' title='bbox 1004 2721 1142 2783; x_wconf 82' lang='lat' dir='ltr'><strong>salutare</strong></span> <span class='ocrx_word' id='word_1_284' title='bbox 1165 2724 1341 2786; x_wconf 74' lang='lat' dir='ltr'><strong>conceditur</strong></span> <span class='ocrx_word' id='word_1_285' title='bbox 1369 2726 1461 2800; x_wconf 81' lang='lat' dir='ltr'><strong>(Ter-</strong></span> 
     </span>
     <span class='ocr_line' id='line_1_30' title="bbox 236 2793 1463 2882; baseline 0.013 -28"><span class='ocrx_word' id='word_1_286' title='bbox 236 2793 348 2856; x_wconf 86' lang='lat' dir='ltr'><strong>tullian.</strong></span> <span class='ocrx_word' id='word_1_287' title='bbox 370 2795 427 2856; x_wconf 92' lang='lat' dir='ltr'><strong>loc.</strong></span> <span class='ocrx_word' id='word_1_288' title='bbox 451 2798 523 2873; x_wconf 76' lang='lat' dir='ltr'><strong>cit).</strong></span> <span class='ocrx_word' id='word_1_289' title='bbox 566 2798 623 2857; x_wconf 93' lang='lat' dir='ltr'><strong>Ubi</strong></span> <span class='ocrx_word' id='word_1_290' title='bbox 644 2818 714 2860; x_wconf 83' lang='lat' dir='ltr'><strong>vero</strong></span> <span class='ocrx_word' id='word_1_291' title='bbox 736 2809 840 2882; x_wconf 84' lang='lat' dir='ltr'><strong>contra</strong></span> <span class='ocrx_word' id='word_1_292' title='bbox 861 2803 984 2863; x_wconf 88' lang='lat' dir='ltr'><strong>eosdem</strong></span> <span class='ocrx_word' id='word_1_293' title='bbox 1005 2803 1129 2865; x_wconf 88' lang='lat' dir='ltr'><strong>ludaeos</strong></span> <span class='ocrx_word' id='word_1_294' title='bbox 1151 2806 1325 2868; x_wconf 88' lang='lat' dir='ltr'><strong>nominatim</strong></span> <span class='ocrx_word' id='word_1_295' title='bbox 1338 2809 1406 2869; x_wconf 68' lang='lat' dir='ltr'><strong>valio</strong></span> <span class='ocrx_word' id='word_1_296' title='bbox 1429 2809 1463 2870; x_wconf 91' lang='lat' dir='ltr'><strong>in</strong></span> 
     </span>
     <span class='ocr_line' id='line_1_31' title="bbox 236 2875 1462 2967; baseline 0.015 -32"><span class='ocrx_word' id='word_1_297' title='bbox 236 2875 312 2937; x_wconf 92' lang='lat' dir='ltr'><strong>libro</strong></span> <span class='ocrx_word' id='word_1_298' title='bbox 335 2877 474 2957; x_wconf 79' lang='lat' dir='ltr'><strong>disputat,</strong></span> <span class='ocrx_word' id='word_1_299' title='bbox 496 2880 591 2958; x_wconf 88' lang='lat' dir='ltr'><strong>palem</strong></span> <span class='ocrx_word' id='word_1_300' title='bbox 613 2880 709 2941; x_wconf 87' lang='lat' dir='ltr'><strong>adhuc</strong></span> <span class='ocrx_word' id='word_1_301' title='bbox 729 2884 836 2945; x_wconf 87' lang='lat' dir='ltr'><strong>asserit</strong></span> <span class='ocrx_word' id='word_1_302' title='bbox 855 2885 927 2946; x_wconf 92' lang='lat' dir='ltr'><strong>illud</strong></span> <span class='ocrx_word' id='word_1_303' title='bbox 948 2904 1010 2947; x_wconf 91' lang='lat' dir='ltr'><strong>non</strong></span> <span class='ocrx_word' id='word_1_304' title='bbox 1030 2887 1120 2948; x_wconf 90' lang='lat' dir='ltr'><strong>modo</strong></span> <span class='ocrx_word' id='word_1_305' title='bbox 1133 2888 1176 2949; x_wconf 90' lang='lat' dir='ltr'><strong>eis</strong></span> <span class='ocrx_word' id='word_1_306' title='bbox 1190 2907 1251 2949; x_wconf 93' lang='lat' dir='ltr'><strong>non</strong></span> <span class='ocrx_word' id='word_1_307' title='bbox 1265 2892 1462 2967; x_wconf 86' lang='lat' dir='ltr'><strong>permissum,</strong></span> 
     </span>
     <span class='ocr_line' id='line_1_32' title="bbox 237 2960 1463 3049; baseline 0.015 -30"><span class='ocrx_word' id='word_1_308' title='bbox 237 2960 292 3020; x_wconf 86' lang='lat' dir='ltr'><strong>aed</strong></span> <span class='ocrx_word' id='word_1_309' title='bbox 319 2961 408 3022; x_wconf 90' lang='lat' dir='ltr'><strong>etiam</strong></span> <span class='ocrx_word' id='word_1_310' title='bbox 435 2963 569 3036; x_wconf 82' lang='lat' dir='ltr'><strong>vetitum,</strong></span> <span class='ocrx_word' id='word_1_311' title='bbox 597 2964 842 3040; x_wconf 82' lang='lat' dir='ltr'><strong>quemadmodum</strong></span> <span class='ocrx_word' id='word_1_312' title='bbox 869 2987 886 3028; x_wconf 90' lang='lat' dir='ltr'><strong>a</strong></span> <span class='ocrx_word' id='word_1_313' title='bbox 913 2987 998 3030; x_wconf 87' lang='lat' dir='ltr'><strong>sacro</strong></span> <span class='ocrx_word' id='word_1_314' title='bbox 1025 2971 1181 3049; x_wconf 87' lang='lat' dir='ltr'><strong>propbeta,</strong></span> <span class='ocrx_word' id='word_1_315' title='bbox 1209 2971 1345 3035; x_wconf 85' lang='lat' dir='ltr'><strong>videlicet</strong></span> <span class='ocrx_word' id='word_1_316' title='bbox 1371 2975 1463 3049; x_wconf 85' lang='lat' dir='ltr'><strong>isaia,</strong></span> 
     </span>
     <span class='ocr_line' id='line_1_33' title="bbox 236 3041 1463 3130; baseline 0.016 -28"><span class='ocrx_word' id='word_1_317' title='bbox 236 3043 474 3118; x_wconf 89' lang='lat' dir='ltr'><strong>praenuntiatum</strong></span> <span class='ocrx_word' id='word_1_318' title='bbox 495 3041 583 3124; x_wconf 80' lang='lat' dir='ltr'><strong>longe</strong></span> <span class='ocrx_word' id='word_1_319' title='bbox 604 3053 690 3106; x_wconf 89' lang='lat' dir='ltr'><strong>antea</strong></span> <span class='ocrx_word' id='word_1_320' title='bbox 710 3048 815 3109; x_wconf 85' lang='lat' dir='ltr'><strong>luerat.</strong></span> <span class='ocrx_word' id='word_1_321' title='bbox 857 3051 942 3122; x_wconf 79' lang='lat' dir='ltr'><strong>Audi,</strong></span> <span class='ocrx_word' id='word_1_322' title='bbox 964 3070 1085 3130; x_wconf 84' lang='lat' dir='ltr'><strong>quaeso,</strong></span> <span class='ocrx_word' id='word_1_323' title='bbox 1107 3054 1172 3116; x_wconf 90' lang='lat' dir='ltr'><strong>eius</strong></span> <span class='ocrx_word' id='word_1_324' title='bbox 1186 3055 1291 3118; x_wconf 83' lang='lat' dir='ltr'><strong>rerba:</strong></span> <span class='ocrx_word' id='word_1_325' title='bbox 1304 3058 1463 3122; x_wconf 63' lang='lat' dir='ltr'><strong>damal-</strong></span> 
     </span>
     <span class='ocr_line' id='line_1_34' title="bbox 236 3129 1464 3216; baseline 0.018 -34"><span class='ocrx_word' id='word_1_326' title='bbox 236 3129 382 3187; x_wconf 79' lang='lat' dir='ltr'><strong>vertimus</strong></span> <span class='ocrx_word' id='word_1_327' title='bbox 410 3145 492 3188; x_wconf 79' lang='lat' dir='ltr'><strong>aeae</strong></span> <span class='ocrx_word' id='word_1_328' title='bbox 519 3131 729 3194; x_wconf 72' lang='lat' dir='ltr'><strong>amicando</strong></span> <span class='ocrx_word' id='word_1_329' title='bbox 756 3149 863 3208; x_wconf 78' lang='lat' dir='ltr'><strong>peram</strong></span> <span class='ocrx_word' id='word_1_330' title='bbox 884 3131 985 3194; x_wconf 78' lang='lat' dir='ltr'><strong>lsrael</strong></span> <span class='ocrx_word' id='word_1_331' title='bbox 1012 3140 1044 3198; x_wconf 86' lang='lat' dir='ltr'><strong>ia</strong></span> <span class='ocrx_word' id='word_1_332' title='bbox 1074 3141 1193 3200; x_wconf 79' lang='lat' dir='ltr'><strong>civitate</strong></span> <span class='ocrx_word' id='word_1_333' title='bbox 1214 3139 1464 3216; x_wconf 74' lang='lat' dir='ltr'><strong>lletltlebemre-</strong></span> 
     </span>
     <span class='ocr_line' id='line_1_35' title="bbox 235 3209 1463 3304; baseline 0.02 -41"><span class='ocrx_word' id='word_1_334' title='bbox 235 3209 384 3266; x_wconf 65' lang='lat' dir='ltr'><strong>maerere</strong></span> <span class='ocrx_word' id='word_1_335' title='bbox 405 3218 435 3266; x_wconf 89' lang='lat' dir='ltr'><strong>et</strong></span> <span class='ocrx_word' id='word_1_336' title='bbox 456 3211 562 3269; x_wconf 66' lang='lat' dir='ltr'><strong>made</strong></span> <span class='ocrx_word' id='word_1_337' title='bbox 584 3211 664 3287; x_wconf 81' lang='lat' dir='ltr'><strong>qaod</strong></span> <span class='ocrx_word' id='word_1_338' title='bbox 683 3214 876 3275; x_wconf 70' lang='lat' dir='ltr'><strong>maeatarum</strong></span> <span class='ocrx_word' id='word_1_339' title='bbox 897 3228 951 3290; x_wconf 82' lang='lat' dir='ltr'><strong>est,</strong></span> <span class='ocrx_word' id='word_1_340' title='bbox 974 3235 1011 3278; x_wconf 87' lang='lat' dir='ltr'><strong>ae</strong></span> <span class='ocrx_word' id='word_1_341' title='bbox 1032 3223 1065 3280; x_wconf 82' lang='lat' dir='ltr'><strong>la</strong></span> <span class='ocrx_word' id='word_1_342' title='bbox 1087 3221 1216 3300; x_wconf 80' lang='lat' dir='ltr'><strong>eoafialo</strong></span> <span class='ocrx_word' id='word_1_343' title='bbox 1239 3227 1334 3301; x_wconf 79' lang='lat' dir='ltr'><strong>ipsios</strong></span> <span class='ocrx_word' id='word_1_344' title='bbox 1356 3231 1463 3304; x_wconf 77' lang='lat' dir='ltr'><strong>reqio-</strong></span> 
     </span>
     <span class='ocr_line' id='line_1_36' title="bbox 236 3287 1464 3385; baseline 0.021 -41"><span class='ocrx_word' id='word_1_345' title='bbox 236 3289 285 3345; x_wconf 82' lang='lat' dir='ltr'><strong>aa&#39;e</strong></span> <span class='ocrx_word' id='word_1_346' title='bbox 308 3287 482 3349; x_wconf 75' lang='lat' dir='ltr'><strong>decoretur</strong></span> <span class='ocrx_word' id='word_1_347' title='bbox 504 3295 570 3368; x_wconf 82' lang='lat' dir='ltr'><strong>qaia</strong></span> <span class='ocrx_word' id='word_1_348' title='bbox 611 3310 660 3352; x_wconf 87' lang='lat' dir='ltr'><strong>am</strong></span> <span class='ocrx_word' id='word_1_349' title='bbox 682 3292 874 3370; x_wconf 83' lang='lat' dir='ltr'><strong>ludaeorum,</strong></span> <span class='ocrx_word' id='word_1_350' title='bbox 896 3297 945 3358; x_wconf 84' lang='lat' dir='ltr'><strong>vel</strong></span> <span class='ocrx_word' id='word_1_351' title='bbox 966 3300 1020 3362; x_wconf 85' lang='lat' dir='ltr'><strong>boa</strong></span> <span class='ocrx_word' id='word_1_352' title='bbox 1042 3320 1157 3382; x_wconf 82' lang='lat' dir='ltr'><strong>quoque</strong></span> <span class='ocrx_word' id='word_1_353' title='bbox 1172 3315 1250 3366; x_wconf 80' lang='lat' dir='ltr'><strong>earet</strong></span> <span class='ocrx_word' id='word_1_354' title='bbox 1263 3307 1464 3385; x_wconf 76' lang='lat' dir='ltr'><strong>adimpletam</strong></span> 
     </span>
     <span class='ocr_line' id='line_1_37' title="bbox 233 3367 1463 3466; baseline 0.02 -40"><span class='ocrx_word' id='word_1_355' title='bbox 233 3383 292 3444; x_wconf 87' lang='lat' dir='ltr'><strong>per</strong></span> <span class='ocrx_word' id='word_1_356' title='bbox 314 3367 513 3447; x_wconf 81' lang='lat' dir='ltr'><strong>Propltetom:</strong></span> <span class='ocrx_word' id='word_1_357' title='bbox 535 3419 554 3444; x_wconf 95' lang='lat'><em>„</em></span> <span class='ocrx_word' id='word_1_358' title='bbox 581 3391 656 3434; x_wconf 90' lang='lat' dir='ltr'><strong>erra</strong></span> <span class='ocrx_word' id='word_1_359' title='bbox 669 3386 773 3436; x_wconf 84' lang='lat' dir='ltr'><strong>vestra</strong></span> <span class='ocrx_word' id='word_1_360' title='bbox 788 3379 917 3451; x_wconf 78' lang='lat' dir='ltr'><strong>decerta,</strong></span> <span class='ocrx_word' id='word_1_361' title='bbox 940 3385 1073 3446; x_wconf 79' lang='lat' dir='ltr'><strong>civitatee</strong></span> <span class='ocrx_word' id='word_1_362' title='bbox 1088 3397 1207 3448; x_wconf 81' lang='lat' dir='ltr'><strong>vestrae</strong></span> <span class='ocrx_word' id='word_1_363' title='bbox 1221 3391 1286 3466; x_wconf 71' lang='lat' dir='ltr'><strong>lpas·</strong></span> <span class='ocrx_word' id='word_1_364' title='bbox 1298 3399 1463 3462; x_wconf 70' lang='lat' dir='ltr'><strong>amatae,“</strong></span> 
     </span>
     <span class='ocr_line' id='line_1_38' title="bbox 235 3447 1464 3552; baseline 0.024 -45"><span class='ocrx_word' id='word_1_365' title='bbox 235 3447 268 3507; x_wconf 79' lang='lat' dir='ltr'><strong>iel</strong></span> <span class='ocrx_word' id='word_1_366' title='bbox 289 3459 342 3520; x_wconf 85' lang='lat' dir='ltr'><strong>eat,</strong></span> <span class='ocrx_word' id='word_1_367' title='bbox 366 3450 446 3529; x_wconf 84' lang='lat' dir='ltr'><strong>quod</strong></span> <span class='ocrx_word' id='word_1_368' title='bbox 467 3453 540 3515; x_wconf 77' lang='lat' dir='ltr'><strong>bella·</strong></span> <span class='ocrx_word' id='word_1_369' title='bbox 559 3465 694 3534; x_wconf 85' lang='lat' dir='ltr'><strong>tempore</strong></span> <span class='ocrx_word' id='word_1_370' title='bbox 715 3461 758 3518; x_wconf 81' lang='lat' dir='ltr'><strong>ela</strong></span> <span class='ocrx_word' id='word_1_371' title='bbox 780 3467 913 3523; x_wconf 81' lang='lat' dir='ltr'><strong>eoeaerr&#39;t</strong></span> <span class='ocrx_word' id='word_1_372' title='bbox 935 3462 1040 3534; x_wconf 87' lang='lat' dir='ltr'><strong>(isaiae</strong></span> <span class='ocrx_word' id='word_1_373' title='bbox 1062 3485 1125 3546; x_wconf 85' lang='lat' dir='ltr'><strong>cap.</strong></span> <span class='ocrx_word' id='word_1_374' title='bbox 1147 3469 1170 3528; x_wconf 91' lang='lat' dir='ltr'><strong>l.</strong></span> <span class='ocrx_word' id='word_1_375' title='bbox 1195 3473 1253 3544; x_wconf 83' lang='lat'><strong>7.);</strong></span> <span class='ocrx_word' id='word_1_376' title='bbox 1284 3476 1464 3552; x_wconf 79' lang='lat' dir='ltr'><strong>„rept&#39;oaaut</strong></span> 
     </span>
     <span class='ocr_line' id='line_1_39' title="bbox 236 3537 1463 3618; baseline 0.023 -28"><span class='ocrx_word' id='word_1_377' title='bbox 236 3540 371 3594; x_wconf 80' lang='lat' dir='ltr'><strong>vautram</strong></span> <span class='ocrx_word' id='word_1_378' title='bbox 396 3537 430 3594; x_wconf 82' lang='lat' dir='ltr'><strong>la</strong></span> <span class='ocrx_word' id='word_1_379' title='bbox 461 3547 623 3615; x_wconf 77' lang='lat' dir='ltr'><strong>compecto</strong></span> <span class='ocrx_word' id='word_1_380' title='bbox 650 3547 877 3604; x_wconf 75' lang='lat' dir='ltr'><strong>castrametari</strong></span> <span class='ocrx_word' id='word_1_381' title='bbox 896 3547 1047 3608; x_wconf 81' lang='lat' dir='ltr'><strong>comedent</strong></span> <span class='ocrx_word' id='word_1_382' title='bbox 1069 3560 1097 3610; x_wconf 89' lang='lat' dir='ltr'><strong>et</strong></span> <span class='ocrx_word' id='word_1_383' title='bbox 1119 3551 1239 3613; x_wconf 83' lang='lat' dir='ltr'><strong>deserta</strong></span> <span class='ocrx_word' id='word_1_384' title='bbox 1261 3565 1289 3615; x_wconf 89' lang='lat' dir='ltr'><strong>et</strong></span> <span class='ocrx_word' id='word_1_385' title='bbox 1311 3556 1463 3618; x_wconf 79' lang='lat' dir='ltr'><strong>subversa</strong></span> 
     </span>
     <span class='ocr_line' id='line_1_40' title="bbox 235 3615 1464 3712; baseline 0.024 -40"><span class='ocrx_word' id='word_1_386' title='bbox 235 3615 348 3676; x_wconf 70' lang='lat' dir='ltr'><strong>crito</strong></span> <span class='ocrx_word' id='word_1_387' title='bbox 376 3616 501 3696; x_wconf 82' lang='lat' dir='ltr'><strong>populls</strong></span> <span class='ocrx_word' id='word_1_388' title='bbox 533 3619 675 3682; x_wconf 82' lang='lat' dir='ltr'><strong>olleaa&#39;r.“</strong></span> <span class='ocrx_word' id='word_1_389' title='bbox 717 3623 756 3685; x_wconf 84' lang='lat' dir='ltr'><strong>Bt</strong></span> <span class='ocrx_word' id='word_1_390' title='bbox 783 3625 844 3687; x_wconf 80' lang='lat' dir='ltr'><strong>alio</strong></span> <span class='ocrx_word' id='word_1_391' title='bbox 874 3626 939 3690; x_wconf 88' lang='lat' dir='ltr'><strong>loeo</strong></span> <span class='ocrx_word' id='word_1_392' title='bbox 969 3634 1012 3690; x_wconf 81' lang='lat' dir='ltr'><strong>ale</strong></span> <span class='ocrx_word' id='word_1_393' title='bbox 1036 3649 1095 3710; x_wconf 86' lang='lat' dir='ltr'><strong>per</strong></span> <span class='ocrx_word' id='word_1_394' title='bbox 1121 3635 1303 3712; x_wconf 77' lang='lat' dir='ltr'><strong>prophetam</strong></span> <span class='ocrx_word' id='word_1_395' title='bbox 1331 3639 1464 3701; x_wconf 69' lang='lat' dir='ltr'><strong>dicitur.-</strong></span> 
     </span>
     <span class='ocr_line' id='line_1_41' title="bbox 232 3691 1462 3795; baseline 0.024 -40"><span class='ocrx_word' id='word_1_396' title='bbox 232 3691 363 3775; x_wconf 82' lang='lat' dir='ltr'><strong>„lleqem</strong></span> <span class='ocrx_word' id='word_1_397' title='bbox 385 3716 451 3759; x_wconf 83' lang='lat' dir='ltr'><strong>eam</strong></span> <span class='ocrx_word' id='word_1_398' title='bbox 474 3699 614 3768; x_wconf 85' lang='lat' dir='ltr'><strong>claritate</strong></span> <span class='ocrx_word' id='word_1_399' title='bbox 635 3705 805 3776; x_wconf 81' lang='lat' dir='ltr'><strong>oldeblta&#39;a,“</strong></span> <span class='ocrx_word' id='word_1_400' title='bbox 835 3710 867 3770; x_wconf 81' lang='lat' dir='ltr'><strong>id</strong></span> <span class='ocrx_word' id='word_1_401' title='bbox 887 3721 941 3779; x_wconf 82' lang='lat' dir='ltr'><strong>eat,</strong></span> <span class='ocrx_word' id='word_1_402' title='bbox 973 3711 1125 3775; x_wconf 72' lang='lat' dir='ltr'><strong>Christum</strong></span> <span class='ocrx_word' id='word_1_403' title='bbox 1145 3717 1304 3795; x_wconf 67' lang='lat' dir='ltr'><strong>(ocientem</strong></span> <span class='ocrx_word' id='word_1_404' title='bbox 1326 3725 1462 3784; x_wconf 83' lang='lat' dir='ltr'><strong>uirtutes</strong></span> 
     </span>
     <span class='ocr_line' id='line_1_42' title="bbox 233 3778 1464 3883; baseline 0.026 -47"><span class='ocrx_word' id='word_1_405' title='bbox 233 3779 267 3837; x_wconf 68' lang='grc' dir='ltr'><strong>ἐπ</strong></span> <span class='ocrx_word' id='word_1_406' title='bbox 286 3778 388 3856; x_wconf 74' lang='lat' dir='ltr'><strong>pluria</strong></span> <span class='ocrx_word' id='word_1_407' title='bbox 408 3781 469 3843; x_wconf 77' lang='lat' dir='ltr'><strong>Dea·</strong></span> <span class='ocrx_word' id='word_1_408' title='bbox 488 3781 600 3855; x_wconf 79' lang='lat' dir='ltr'><strong>Patris,</strong></span> <span class='ocrx_word' id='word_1_409' title='bbox 625 3797 677 3857; x_wconf 89' lang='lat' dir='ltr'><strong>„et</strong></span> <span class='ocrx_word' id='word_1_410' title='bbox 699 3787 781 3851; x_wconf 77' lang='lat' dir='ltr'><strong>ocula·</strong></span> <span class='ocrx_word' id='word_1_411' title='bbox 799 3797 896 3853; x_wconf 79' lang='lat' dir='ltr'><strong>uestri</strong></span> <span class='ocrx_word' id='word_1_412' title='bbox 916 3795 1057 3856; x_wconf 75' lang='lat' dir='ltr'><strong>videbant</strong></span> <span class='ocrx_word' id='word_1_413' title='bbox 1078 3805 1193 3859; x_wconf 83' lang='lat' dir='ltr'><strong>terram</strong></span> <span class='ocrx_word' id='word_1_414' title='bbox 1215 3802 1250 3862; x_wconf 81' lang='lat' dir='ltr'><strong>de</strong></span> <span class='ocrx_word' id='word_1_415' title='bbox 1273 3800 1464 3883; x_wconf 65' lang='lat' dir='ltr'><strong>tonpaqoa‘</strong></span> 
     </span>
     <span class='ocr_line' id='line_1_43' title="bbox 234 3855 1463 3964; baseline 0.027 -47"><span class='ocrx_word' id='word_1_416' title='bbox 234 3855 319 3928; x_wconf 86' lang='lat' dir='ltr'><strong>(lbid.</strong></span> <span class='ocrx_word' id='word_1_417' title='bbox 342 3879 405 3941; x_wconf 90' lang='lat' dir='ltr'><strong>cap.</strong></span> <span class='ocrx_word' id='word_1_418' title='bbox 429 3863 558 3926; x_wconf 75' lang='lat' dir='ltr'><strong>xxxin.</strong></span> <span class='ocrx_word' id='word_1_419' title='bbox 584 3870 657 3944; x_wconf 84' lang='grc'><strong>17.).</strong></span> <span class='ocrx_word' id='word_1_420' title='bbox 704 3871 794 3942; x_wconf 76' lang='lat' dir='ltr'><strong>Quot</strong></span> <span class='ocrx_word' id='word_1_421' title='bbox 825 3875 908 3937; x_wconf 77' lang='lat' dir='ltr'><strong>oolla</strong></span> <span class='ocrx_word' id='word_1_422' title='bbox 934 3895 995 3954; x_wconf 88' lang='lat' dir='ltr'><strong>pro</strong></span> <span class='ocrx_word' id='word_1_423' title='bbox 1023 3883 1140 3941; x_wconf 75' lang='lat' dir='ltr'><strong>meritis</strong></span> <span class='ocrx_word' id='word_1_424' title='bbox 1169 3888 1279 3944; x_wconf 74' lang='lat' dir='ltr'><strong>cestria</strong></span> <span class='ocrx_word' id='word_1_425' title='bbox 1304 3896 1378 3964; x_wconf 82' lang='lat' dir='ltr'><strong>poet</strong></span> <span class='ocrx_word' id='word_1_426' title='bbox 1400 3905 1463 3950; x_wconf 84' lang='lat' dir='ltr'><strong>ear-</strong></span> 
     </span>
     <span class='ocr_line' id='line_1_44' title="bbox 229 3946 1463 4038; baseline 0.027 -39"><span class='ocrx_word' id='word_1_427' title='bbox 229 3946 447 4018; x_wconf 65' lang='lat' dir='ltr'><strong>peractionem</strong></span> <span class='ocrx_word' id='word_1_428' title='bbox 468 3947 636 4011; x_wconf 78' lang='lat' dir='ltr'><strong>ierusalem</strong></span> <span class='ocrx_word' id='word_1_429' title='bbox 653 3953 817 4030; x_wconf 77' lang='lat' dir='ltr'><strong>probibitio</strong></span> <span class='ocrx_word' id='word_1_430' title='bbox 839 3959 959 4035; x_wconf 79' lang='lat' dir='ltr'><strong>iaqredr&#39;</strong></span> <span class='ocrx_word' id='word_1_431' title='bbox 977 3964 1011 4021; x_wconf 81' lang='lat' dir='ltr'><strong>la</strong></span> <span class='ocrx_word' id='word_1_432' title='bbox 1032 3970 1148 4022; x_wconf 82' lang='lat' dir='ltr'><strong>terram</strong></span> <span class='ocrx_word' id='word_1_433' title='bbox 1169 3975 1310 4038; x_wconf 67' lang='lat' dir='ltr'><strong>antrum,</strong></span> <span class='ocrx_word' id='word_1_434' title='bbox 1334 3969 1369 4030; x_wconf 83' lang='lat' dir='ltr'><strong>de</strong></span> <span class='ocrx_word' id='word_1_435' title='bbox 1386 3968 1463 4032; x_wconf 81' lang='lat' dir='ltr'><strong>loea-</strong></span> 
     </span>
     <span class='ocr_line' id='line_1_45' title="bbox 231 4024 1460 4118; baseline 0.029 -39"><span class='ocrx_word' id='word_1_436' title='bbox 231 4024 341 4098; x_wconf 80' lang='lat' dir='ltr'><strong>ptaqao</strong></span> <span class='ocrx_word' id='word_1_437' title='bbox 370 4043 435 4087; x_wconf 86' lang='lat' dir='ltr'><strong>eam</strong></span> <span class='ocrx_word' id='word_1_438' title='bbox 462 4030 557 4092; x_wconf 79' lang='lat' dir='ltr'><strong>oculte</strong></span> <span class='ocrx_word' id='word_1_439' title='bbox 585 4042 704 4095; x_wconf 79' lang='lat' dir='ltr'><strong>tautum</strong></span> <span class='ocrx_word' id='word_1_440' title='bbox 725 4039 826 4099; x_wconf 79' lang='lat' dir='ltr'><strong>videre</strong></span> <span class='ocrx_word' id='word_1_441' title='bbox 843 4046 1027 4117; x_wconf 75' lang='lat' dir='ltr'><strong>permissam</strong></span> <span class='ocrx_word' id='word_1_442' title='bbox 1050 4044 1207 4118; x_wconf 72' lang='lat' dir='ltr'><strong>euclidem</strong></span> <span class='ocrx_word' id='word_1_443' title='bbox 1229 4047 1279 4110; x_wconf 92' lang='lat' dir='ltr'><strong>lib.</strong></span> <span class='ocrx_word' id='word_1_444' title='bbox 1301 4049 1366 4110; x_wconf 82' lang='lat' dir='ltr'><strong>adr.</strong></span> <span class='ocrx_word' id='word_1_445' title='bbox 1389 4050 1460 4114; x_wconf 89' lang='lat' dir='ltr'><strong>lud.</strong></span> 
     </span>
     <span class='ocr_line' id='line_1_46' title="bbox 233 4106 1459 4202; baseline 0.031 -44"><span class='ocrx_word' id='word_1_446' title='bbox 233 4116 296 4178; x_wconf 89' lang='lat' dir='ltr'><strong>cap.</strong></span> <span class='ocrx_word' id='word_1_447' title='bbox 315 4106 387 4198; x_wconf 53' lang='lat' dir='ltr'><strong>lb).</strong></span> <span class='ocrx_word' id='word_1_448' title='bbox 430 4108 518 4172; x_wconf 88' lang='lat' dir='ltr'><strong>Prior</strong></span> <span class='ocrx_word' id='word_1_449' title='bbox 539 4131 656 4192; x_wconf 92' lang='lat' dir='ltr'><strong>quoque</strong></span> <span class='ocrx_word' id='word_1_450' title='bbox 679 4115 728 4177; x_wconf 89' lang='lat' dir='ltr'><strong>ille</strong></span> <span class='ocrx_word' id='word_1_451' title='bbox 747 4117 840 4180; x_wconf 87' lang='lat' dir='ltr'><strong>Isaiae</strong></span> <span class='ocrx_word' id='word_1_452' title='bbox 862 4121 945 4183; x_wconf 87' lang='lat' dir='ltr'><strong>locus</strong></span> <span class='ocrx_word' id='word_1_453' title='bbox 968 4141 984 4184; x_wconf 94' lang='lat' dir='ltr'><strong>a</strong></span> <span class='ocrx_word' id='word_1_454' title='bbox 1007 4123 1151 4202; x_wconf 77' lang='lat' dir='ltr'><strong>Cypriane</strong></span> <span class='ocrx_word' id='word_1_455' title='bbox 1174 4131 1297 4192; x_wconf 88' lang='lat' dir='ltr'><strong>eandem</strong></span> <span class='ocrx_word' id='word_1_456' title='bbox 1319 4131 1358 4193; x_wconf 92' lang='lat' dir='ltr'><strong>ob</strong></span> <span class='ocrx_word' id='word_1_457' title='bbox 1382 4151 1459 4196; x_wconf 88' lang='lat' dir='ltr'><strong>cau-</strong></span> 
     </span>
     <span class='ocr_line' id='line_1_47' title="bbox 232 4192 1090 4284; baseline 0.033 -44"><span class='ocrx_word' id='word_1_458' title='bbox 232 4197 296 4242; x_wconf 82' lang='lat' dir='ltr'><strong>sam</strong></span> <span class='ocrx_word' id='word_1_459' title='bbox 319 4194 424 4248; x_wconf 84' lang='lat' dir='ltr'><strong>ortatur</strong></span> <span class='ocrx_word' id='word_1_460' title='bbox 446 4192 543 4271; x_wconf 77' lang='lat' dir='ltr'><strong>(Cypr.</strong></span> <span class='ocrx_word' id='word_1_461' title='bbox 567 4195 616 4256; x_wconf 90' lang='lat' dir='ltr'><strong>lib.</strong></span> <span class='ocrx_word' id='word_1_462' title='bbox 639 4197 663 4257; x_wconf 91' lang='lat'><strong>1.</strong></span> <span class='ocrx_word' id='word_1_463' title='bbox 685 4199 749 4261; x_wconf 81' lang='lat' dir='ltr'><strong>adr.</strong></span> <span class='ocrx_word' id='word_1_464' title='bbox 772 4201 835 4262; x_wconf 94' lang='lat' dir='ltr'><strong>lud.</strong></span> <span class='ocrx_word' id='word_1_465' title='bbox 858 4207 887 4279; x_wconf 66' lang='grc' dir='ltr'><strong>ξ.</strong></span> <span class='ocrx_word' id='word_1_466' title='bbox 912 4207 941 4268; x_wconf 89' lang='grc'><strong>6.</strong></span> <span class='ocrx_word' id='word_1_467' title='bbox 963 4225 993 4283; x_wconf 91' lang='lat' dir='ltr'><strong>p.</strong></span> <span class='ocrx_word' id='word_1_468' title='bbox 1016 4210 1090 4284; x_wconf 73' lang='lat'><strong>22).</strong></span> 
     </span>
    </p>

    <p class='ocr_par' dir='ltr' id='par_1_6' title="bbox 152 4265 1461 4537">
     <span class='ocr_line' id='line_1_48' title="bbox 313 4265 1461 4371; baseline 0.03 -44"><span class='ocrx_word' id='word_1_469' title='bbox 313 4265 357 4328; x_wconf 78' lang='lat' dir='ltr'><strong>ea</strong></span> <span class='ocrx_word' id='word_1_470' title='bbox 383 4287 475 4346; x_wconf 90' lang='lat' dir='ltr'><strong>porro</strong></span> <span class='ocrx_word' id='word_1_471' title='bbox 504 4279 663 4352; x_wconf 86' lang='lat' dir='ltr'><strong>praedictio</strong></span> <span class='ocrx_word' id='word_1_472' title='bbox 696 4299 729 4342; x_wconf 92' lang='lat' dir='ltr'><strong>ac</strong></span> <span class='ocrx_word' id='word_1_473' title='bbox 762 4284 963 4346; x_wconf 89' lang='lat' dir='ltr'><strong>subsecutum·</strong></span> <span class='ocrx_word' id='word_1_474' title='bbox 972 4291 1084 4366; x_wconf 90' lang='lat' dir='ltr'><strong>patriae</strong></span> <span class='ocrx_word' id='word_1_475' title='bbox 1105 4291 1242 4371; x_wconf 81' lang='lat' dir='ltr'><strong>ingressu</strong></span> <span class='ocrx_word' id='word_1_476' title='bbox 1264 4291 1461 4362; x_wconf 77' lang='lat' dir='ltr'><strong>interdiotum&#39;</strong></span> 
     </span>
     <span class='ocr_line' id='line_1_49' title="bbox 152 4343 1459 4442; baseline 0.031 -39"><span class='ocrx_word' id='word_1_477' title='bbox 152 4372 157 4382; x_wconf 96' lang='lat'><em>·</em></span> <span class='ocrx_word' id='word_1_478' title='bbox 229 4343 266 4404; x_wconf 94' lang='lat' dir='ltr'><strong>ab</strong></span> <span class='ocrx_word' id='word_1_479' title='bbox 288 4357 408 4412; x_wconf 90' lang='lat' dir='ltr'><strong>auctore</strong></span> <span class='ocrx_word' id='word_1_480' title='bbox 421 4353 580 4419; x_wconf 86' lang='lat' dir='ltr'><strong>Eusebiaoi</strong></span> <span class='ocrx_word' id='word_1_481' title='bbox 596 4361 733 4425; x_wconf 89' lang='lat' dir='ltr'><strong>Chronioi</strong></span> <span class='ocrx_word' id='word_1_482' title='bbox 754 4365 836 4428; x_wconf 87' lang='lat' dir='ltr'><strong>bisce</strong></span> <span class='ocrx_word' id='word_1_483' title='bbox 858 4367 954 4429; x_wconf 85' lang='lat' dir='ltr'><strong>verbis</strong></span> <span class='ocrx_word' id='word_1_484' title='bbox 977 4373 1183 4436; x_wconf 80' lang='lat' dir='ltr'><strong>confirmatur:</strong></span> <span class='ocrx_word' id='word_1_485' title='bbox 1205 4377 1324 4440; x_wconf 83' lang='lat' dir='ltr'><strong>Bellum</strong></span> <span class='ocrx_word' id='word_1_486' title='bbox 1346 4379 1459 4442; x_wconf 75' lang='lat' dir='ltr'><strong>ludar·-</strong></span> 
     </span>
     <span class='ocr_line' id='line_1_50' title="bbox 230 4435 1460 4537; baseline 0.032 -50"><span class='ocrx_word' id='word_1_487' title='bbox 230 4445 304 4502; x_wconf 84' lang='lat' dir='ltr'><strong>cum,</strong></span> <span class='ocrx_word' id='word_1_488' title='bbox 334 4435 415 4512; x_wconf 85' lang='lat' dir='ltr'><strong>qaod</strong></span> <span class='ocrx_word' id='word_1_489' title='bbox 436 4439 467 4498; x_wconf 85' lang='lat' dir='ltr'><strong>a&#39;o</strong></span> <span class='ocrx_word' id='word_1_490' title='bbox 490 4439 664 4508; x_wconf 75' lang='lat' dir='ltr'><strong>Palaestina</strong></span> <span class='ocrx_word' id='word_1_491' title='bbox 684 4450 856 4526; x_wconf 75' lang='lat' dir='ltr'><strong>parebatur,</strong></span> <span class='ocrx_word' id='word_1_492' title='bbox 884 4451 977 4532; x_wconf 75' lang='lat' dir='ltr'><strong>ficem</strong></span> <span class='ocrx_word' id='word_1_493' title='bbox 997 4460 1119 4537; x_wconf 79' lang='lat' dir='ltr'><strong>accepit,</strong></span> <span class='ocrx_word' id='word_1_494' title='bbox 1152 4458 1244 4521; x_wconf 81' lang='lat' dir='ltr'><strong>rebar</strong></span> <span class='ocrx_word' id='word_1_495' title='bbox 1268 4460 1460 4526; x_wconf 76' lang='lat' dir='ltr'><strong>ludaeorum</strong></span> 
     </span>
    </p>
   </div>
   <div class='ocr_carea' id='block_1_5' title="bbox 0 0 1563 5240">
    <p class='ocr_par' dir='ltr' id='par_1_7' title="bbox 0 0 1563 5240">
     <span class='ocr_line' id='line_1_51' title="bbox 0 0 1563 5240; baseline 0 0"><span class='ocrx_word' id='word_1_496' title='bbox 0 0 1563 5240; x_wconf 95' lang='lat' dir='ltr'><strong> </strong></span> 
     </span>
    </p>
   </div>
  </div>
 </body>
</html>
