3078 5248
194 351 198 364 ¹
269 371 330 432 512
352 359 652 434 nissunexrrooeuna
668 387 861 431 ιιιιιιιιιιιιιι
877 387 966 430 ouum
981 387 1011 430 ιιι
1026 373 1215 431 ιιοιιιιιιιιιιο
1233 387 1351 430 sonam
1367 389 1466 432 mount
1528 385 1529 390 ’

833 626 862 700 ι.
885 623 908 684 ι.

363 721 411 826 Q·
436 749 607 828 Septimium
629 747 795 810 Florentem
818 747 1028 810 Tertullianum
1050 750 1085 810 ad
1106 749 1243 811 haeresin
1264 747 1396 810 Montani
1426 747 1480 808 de-

151 865 158 876 ·
266 834 371 897 iecisse
404 852 469 895 cum
492 834 556 911 ipse
578 832 677 894 multis
698 833 770 894 locis
793 833 993 896 testimonium
1015 834 1046 898 in
1068 854 1100 896 se
1123 833 1237 908 dixerit,
1258 833 1410 912 negabunt
1432 843 1480 893 aut

267 921 324 982 duo
360 929 410 981 aut
445 937 549 992 nemo;
585 937 671 978 nemo
709 925 803 990 certe,
838 918 907 979 nisi
933 937 1020 997 quem
1052 919 1261 980 immoderatus
1294 935 1363 996 erga
1401 917 1480 977 Ter-

267 1005 417 1066 tullianum
450 1020 533 1063 emor
565 1009 614 1063 aut
645 1001 774 1063 studium
806 1003 952 1081 partium,
985 1001 1057 1100 quas
1090 1004 1190 1064 forsan
1218 1001 1395 1064 orthodoxia
1426 1003 1479 1063 viri

266 1089 422 1150 delensa'
414 1106 513 1149 iuvare
546 1093 669 1165 posset
690 1095 887 1148 transversum
920 1087 1021 1166 egerit.
1076 1087 1304 1168 Christophorus
1337 1085 1479 1155 Sandius

265 1174 313 1256 qul
341 1173 397 1236 sihi
426 1174 500 1233 hanc
522 1170 585 1232 eius
608 1171 790 1234 delectionen
812 1172 984 1251 persuaderi
1005 1189 1093 1252 posse
1115 1179 1229 1252 neget,⁸
1258 1171 1359 1234 nihil'
1350 1189 1383 1232 ιιι
1414 1191 1479 1231 me·

266 1257 343 1320 dium
360 1257 471 1330 adtulit,
494 1257 571 1335 quod
588 1255 772 1320 detensionis
797 1273 858 1338 pon
886 1255 979 1317 dicam
1002 1255 1126 1330 laudem,
1154 1257 1207 1317 sed
1229 1273 1337 1317 nomen
1359 1273 1479 1316 merea-

264 1351 320 1416 tur,
343 1350 371 1403 ιι
393 1342 488 1438 aliqpo
512 1341 615 1402 saltem
638 1341 778 1404 examinis
801 1341 899 1402 studio
922 1341 1039 1420 dignum
1063 1341 1110 1404 sit.
1156 1341 1295 1402 Callidum
1319 1339 1400 1401 enim
1421 1341 1478 1402 hu-

263 1428 310 1490 ius
335 1425 531 1489 excusationis
555 1425 707 1486 eonsilium
729 1423 864 1505 protinus
887 1433 1007 1506 apparet
1029 1434 1058 1488 et
1079 1445 1194 1498 causae,
1223 1443 1297 1504 quae
1317 1425 1423 1506 ipsum
1446 1427 1479 1485 ad

264 1513 449 1574 evertendam
477 1529 493 1572 a
516 1509 694 1572 Tertulliano
722 1509 909 1571 Montanismi
932 1510 1199 1589 'reprehensionem
1226 1517 1393 1582 moverunt,
1426 1529 1478 1570 ne-

263 1596 335 1657 mini
356 1615 417 1658 non
440 1594 610 1657 manifestae
631 1596 720 1668 hunt3
743 1594 920 1673 argumentis
943 1603 1038 1656 autem
1062 1595 1152 1657 utitur
1172 1594 1291 1656 minime
1313 1593 1432 1655 callidis
1455 1605 1480 1655 et

263 1682 311 1742 vix
343 1681 419 1762 apud
453 1699 516 1751 eos,
549 1679 599 1758 qui
630 1680 674 1740 vel
708 1698 798 1740 unum
826 1687 876 1740 aut
901 1679 1024 1740 alterum
1046 1679 1179 1758 Septimii
1206 1679 1311 1740 librum
1340 1679 1478 1757 legerint

264 1765 352 1826 fidem
374 1764 526 1826 hahituris.
561 1763 643 1836 Quae
666 1765 743 1826 enim
764 1763 942 1842 inapudentia
965 1771 1020 1836 est,
1043 1763 1252 1825 Tertullianum
1273 1763 1362 1824 talem
1388 1764 1479 1824 luisse

263 1867 381 1928 negare,
410 1848 523 1927 qualem
547 1867 580 1908 se
603 1867 669 1908 esse
691 1849 755 1927 ipse
777 1867 837 1908 non
860 1849 993 1910 concedit
1015 1856 1137 1923 tantum,
1167 1849 1381 1910 verumetiam
1406 1867 1478 1908 con-

263 1932 450 1996 renotatam
472 1917 803 2012 quidilladeiensione
826 1932 1011 2006 insolentius,
1038 1933 1115 2012 quod
1138 1933 1335 1995 Tertullianus
1358 1933 1478 1994 Monte-

262 2018 340 2098 uista
363 2019 454 2079 luisse
476 2035 534 2078 non
557 2017 697 2090 videatur,
720 2018 858 2095 quoniam
879 2017 954 2078 hane
975 2015 1111 2078 haeresin
1135 2019 1423 2088 moschionem
1447 2021 1480 2078 ait

263 2103 400 2176 Sandius,
428 2101 575 2164 inlibris
606 2113 712 2164 contro
733 2101 884 2172 Procedo,
913 2101 1140 2181 Hermogenem,
1170 2104 1203 2163 de
1232 2101 1480 2182 Ριιιιιιιιιιιιοιιι

80 2173 82 2176 ’
151 2236 164 2282 J*
264 2186 570 2251 controlloeretrcoa
594 2188 677 2247 etde
710 2185 855 2248 ιἰιιιιιιιι
885 2185 1118 2266 impugnaverit?
1161 2185 1204 2246 Ne
1233 2194 1325 2247 totum
1359 2187 1482 2266 quidem

263 2271 404 2341 erlversus
425 2270 556 2330 Praxean
576 2268 683 2330 librum
705 2289 798 2348 usque
820 2267 965 2332 adfinem
988 2271 1120 2331 evolvere
1143 2289 1265 2332 necesse
1286 2279 1340 2342 est,
1364 2279 1403 2332 ut
1438 2273 1480 2333 di-

264 2373 388 2426 scamus‚
411 2373 472 2414 non
487 2353 578 2414 refelli
590 2355 769 2428 Montanum,
792 2355 844 2416 sed
867 2355 903 2414 de
924 2355 1106 2434 propheticis
1128 2355 1245 2416 dotibus
1256 2353 1383 2428 laudari,
1408 2355 1479 2417 Ριιι-

262 2457 337 2500 xean
364 2457 434 2500 vero
462 2457 522 2498 non
549 2437 747 2517 perfunctorie
776 2438 930 2519 increpari,
959 2439 1036 2518 quod
1063 2439 1242 2518 Episcopum
1271 2439 1480 2502 Romanuma

261 2523 446 2588 ilonianistis
475 2542 536 2584 non
562 2523 646 2584 valde
673 2523 800 2601 alienum
825 2523 856 2586 in
884 2525 1045 2586 contrarias
1074 2533 1172 2603 partes
1202 2523 1362 2586 abduxerit.
1391 2535 1422 2587 et
1454 2539 1479 2586 ut

261 2608 361 2669 literas
383 2608 473 2687 pacis,
497 2627 570 2687 quas
593 2607 639 2669 his
661 2607 829 2670 hominihus
843 2607 958 2670 iamiam
974 2609 1102 2680 dederat,
1125 2609 1202 2669 illico
1218 2618 1384 2680 revocaret,
1409 2611 1479 2672 hor-

261 2701 339 2754 tatus
367 2693 437 2753 siti.
483 2692 624 2754 Similiter
652 2693 682 2753 in
702 2692 778 2753 lihro
801 2701 902 2754 contra
924 2693 1138 2772 Hermogenem
1159 2693 1395 2756 hlontanlsmum
1417 2715 1478 2755 rua-

261 2777 305 2858 gis
338 2776 453 2838 delendi
487 2795 572 2857 quam
595 2778 757 2857 oppugnari
778 2789 883 2858 postea
906 2777 1184 2850 demonstrabimus,
1214 2777 1351 2856 idemque
1378 2781 1478 2858 suspi-

261 2861 317 2922 cati
339 2869 407 2923 sunt
428 2861 514 2924 etiam
536 2862 577 2923 illi
600 2861 648 2942 qui
671 2862 840 2942 ceteroquin
862 2863 1020 2923 haereseos
1044 2863 1242 2942 suspicionem
1268 2862 1475 2925 aTertullieni

260 2947 379 3027 seriptis
409 2965 495 3026 quarn
522 2947 656 3026 plurimis
684 2947 870 3008 amoliuntur.
913 2947 1155 3010 hibellnm‘vero
1177 2947 1214 3008 de
1238 2947 1477 3027 Praescriptione

260 3040 361 3092 contra
382 3031 552 3093 Haereticos
573 3031 758 3094 Montanistis
780 3032 948 3111 oppositum
971 3051 1048 3104 esse,
1070 3049 1108 3093 ne
1134 3031 1244 3109 fingere
1266 3031 1391 3112 quidem
1415 3053 1480 3094 ιιιιιι

260 3115 356 3195 aliqua
377 3116 438 3177 veri
462 3117 560 3197 specie
582 3117 735 3195 quisquam
758 3124 865 3196 potest,
895 3117 953 3176 nisi
976 3119 1052 3178 torte
1074 3115 1224 3195 catalogus
1246 3116 1423 3178 haeresium
1447 3119 1479 3178 ed

261 3201 366 3262 calcem
395 3200 458 3261 eius
486 3201 580 3262 editus
608 3201 665 3262 huc
692 3201 886 3262 traheretur.·
911 3201 969 3263 Sed
997 3202 1074 3262 hune
1103 3201 1320 3262 haereticorum
1351 3221 1480 3264 censum

260 3303 351 3364 aeque
374 3303 407 3344 ac
428 3284 534 3346 librum
556 3285 592 3346 de
614 3285 754 3347 Trinitete
777 3285 947 3346 Tertulliani
970 3305 1029 3346 non
1052 3305 1130 3356 esse,
1155 3285 1300 3348 chronicis
1324 3287 1423 3361 notis,
1453 3299 1481 3350 ut

260 3376 429 3445 argumenta
456 3379 551 3431 cetera
577 3371 700 3443 mittam,
730 3370 852 3430 evictum
881 3377 963 3449 puto,
992 3378 1022 3431 et
1048 3370 1125 3449 apud
1144 3389 1206 3443 eos,
1235 3370 1343 3448 quihus
1365 3371 1401 3432 in
1425 3373 1482 3434 hor

258 3453 410 3514 literarum
437 3471 544 3532 genere
574 3455 704 3534 suffragii
727 3455 772 3516 ius
795 3463 848 3523 est,
879 3454 967 3516 duhio
990 3463 1078 3516 caret.
1122 3453 1240 3515 Talibus
1262 3473 1333 3515 vero
1357 3459 1480 3533 praesi-

219 3585 223 3592 .
260 3537 316 3598 diis
344 3537 470 3614 urunitos
493 3557 561 3599 esse
584 3547 709 3618 oportet,
739 3538 789 3617 qui
811 3539 925 3610 eodem,
959 3559 1017 3618 quo
1041 3540 1177 3613 Sandius,
1205 3539 1481 3604 consitiofrerrut-

259 3622 326 3682 lieni
356 3621 473 3700 scriptis
500 3623 535 3684 ad
565 3623 746 3702 ohtegendos
775 3641 892 3684 errores
922 3643 992 3685 suos
1020 3632 1130 3684 temere
1159 3623 1326 3684 abutuntur.
1374 3625 1482 3706 Neque

258 3726 328 3768 vero
352 3715 460 3782 metuo,
493 3709 569 3788 apud
591 3727 764 3788 quemquam
787 3707 939 3770 valiturum
964 3727 1028 3770 esse
1051 3709 1173 3770 alterum
1195 3707 1361 3788 defensoris
1389 3731 1482 3790 argu-

257 3801 398 3865 mentum,
421 3813 479 3872 quo
501 3793 761 3872 reprehensionem
783 3793 969 3856 llontauismi
992 3795 1092 3856 lavore
1114 3793 1247 3872 Cypriani
1270 3793 1481 3872 ergaTertul-

257 3877 368 3938 lienum
391 3877 488 3939 eluere
510 3879 661 3938 contendit
683 3895 808 3956 eumque
829 3879 1006 3940 haereticum
1034 3897 1100 3938 esse
1115 3878 1249 3957 potuisse
1262 3885 1361 3956 negat,
1389 3899 1482 3959 quem

257 3969 366 4041 martyr
380 3961 539 4042 Cyprianus
563 3962 696 4023 studiose
717 3962 820 4041 legerit
842 3971 871 4024 et
892 3961 986 4042 elogio
1009 3963 1140 4042 magistri
1155 3962 1372 4024 honoraverit‘
1401 3965 1481 4038 Quid

258 4047 360 4108 enim?
383 4047 497 4108 dicendi
520 4065 612 4127 genus
636 4056 665 4107 et
686 4047 829 4108 orationis
851 4049 972 4110 virtutes
995 4056 1024 4108 ιι
1046 4047 1209 4144 disputandi
1234 4047 1290 4108 vim
1306 4065 1367 4110 nou
1389 4053 1483 4112 etiam

158 4209 162 4216 ι
257 4128 289 4192 in
311 4130 378 4201 illis,
402 4151 527 4211 quorum
549 4131 704 4212 opiniones
726 4135 896 4212 ceteroquin
919 4152 978 4194 non
993 4131 1163 4212 probamus,
1187 4131 1409 4195 imitariliceti
1433 4147 1486 4196 ιιιι

258 4213 416 4310 Cyprianus
440 4215 649 4280 Tertullianeas
677 4215 761 4280 dotes
789 4237 887 4280 amare
915 4225 944 4278 et
965 4236 1086 4278 acumen
1108 4225 1159 4278 eut
1177 4217 1323 4278 sermonis
1346 4237 1485 4299 compo-

257 4298 393 4360 sitionem
422 4303 561 4364 aemrdari
589 4321 649 4363 non
670 4303 776 4384 potuit,
805 4302 873 4382 quin
896 4302 983 4363 simul
1005 4301 1099 4363 eidem
1121 4302 1260 4380 magistro
1283 4319 1339 4362 suo
1361 4302 1398 4364 in
1425 4305 1485 4365 do-

213 4367 351 4444 ctrina
372 4385 439 4446 lidei
462 4397 491 4448 et
511 4387 663 4469 discipline
685 4388 837 4450 meliorem
859 4395 986 4448 mentem
1007 4395 1142 4467 precatus
1165 4385 1226 4448 snt
1270 4385 1376 4462 Quam
1394 4390 1485 4450 multi

291 4559 313 4594 e.
333 4545 419 4596 Christ.
438 4547 519 4598 Saudii
539 4549 622 4600 Euucl.
643 4549 731 4602 ilistor.
749 4547 840 4600 Eccles.
892 4549 915 4597 h.
934 4509 1409 4612 TertullianosddeersusPraxeanymus
1430 4553 1485 4602 cl.

257 4613 331 4662 Lihrt·
348 4613 364 4662 l.
384 4629 407 4678 p.
426 4613 467 4664 oo.
888 4633 907 4665 e.
927 4615 1023 4666 Hieron.
1042 4617 1075 4666 lle
1093 4617 1138 4668 vn.
1158 4616 1251 4666 lllmtrt
1266 4631 1318 4681 erp.
1338 4617 1383 4668 53.
