3122 5250
457 445 460 456 Ι
499 383 634 432 sacrans
654 383 714 431 arc.
737 383 774 430 xe
794 385 922 431 neam.
1255 365 1319 431 345

113 541 223 597 erutam
249 529 368 614 qudem
397 535 525 610 aarum,
554 543 606 598 aut
632 555 667 598 ex
689 535 807 599 insidiis
829 536 905 598 iecor
937 535 1043 618 lapidis
1070 543 1122 597 aut
1140 533 1235 597 bactrii
1257 533 1316 597 icto

113 618 227 696 (delion.
248 617 299 681 lib.
314 620 390 682 lllll.
412 621 480 683 liar.
494 621 571 682 llist.
593 639 657 702 cap.
672 623 747 700 bib),
769 621 1016 701 quemadmodum
1038 639 1054 682 a
1075 619 1164 681 variis
1187 619 1316 700 scripto-

113 701 190 764 ribus
210 703 359 783 proditum
381 707 486 768 luerat
516 705 604 778 Quod
624 724 696 768 vero
719 707 755 767 ad
775 725 839 768 rem
853 713 987 768 ansb-am
1001 705 1095 785 magis
1110 705 1187 779 lacit,
1208 713 1315 766 testem

113 787 279 850 nominatim
306 789 377 850 citat
396 790 558 870 Ephorum,
587 790 637 871 qui
666 809 735 852 eum
762 791 793 853 in
816 789 902 852 exilio
924 793 1000 852 lame
1020 789 1148 870 periisse
1170 789 1315 870 perbibet

111 871 165 934 Sed
186 872 224 934 ibi
246 873 296 934 ille
317 891 378 935 non
400 874 473 936 dixit
492 882 591 937 utrum
612 875 685 938 baec
705 877 798 938 lomes
812 875 973 938 voluntaris
987 875 1086 937 luerit
1116 874 1315 948 Quamobrem

108 951 213 1018 'luctor
238 965 344 1020 noster
371 959 507 1039 pressius
530 959 666 1040 sequitur
685 959 883 1034 Plutarchum,
906 961 955 1040 qui
977 959 1088 1022 diserte
1110 959 1213 1021 scribit
1233 959 1315 1020 illum

108 1041 293 1104 iureiurando
320 1061 422 1123 reges,-
447 1051 581 1106 senatum
610 1062 644 1106 ac
670 1046 749 1106 cives
772 1045 978 1118 obstrinxisse,
1007 1047 1071 1107 lore
1092 1044 1227 1123 alleges
1249 1044 1314 1105 eius

108 1126 215 1188 sedulo*
235 1127 436 1202 observarent,
465 1129 561 1191 donec
585 1129 708 1210 Delphis
734 1130 845 1192 rediret
875 1125 1031 1205 (Plutarch.
1053 1127 1084 1190 ia
1106 1129 1170 1191 Vita
1191 1129 1315 1210 Lycurgi

105 1227 133 1292 p.
148 1215 221 1288 bb).
250 1209 294 1273 Ne
315 1221 413 1274 summ
436 1214 612 1278 sacramenti
633 1214 775 1295 religione
791 1215 986 1288 solverentur,
1008 1210 1212 1299 ἐτελεύτησεν
1227 1205 1314 1278 ἄπο-

226 1292 234 1312 Ι

104 1315 181 1379 capa
237 1315 309 1374 σας,
331 1307 459 1361 mortens
479 1301 539 1362 sibi
557 1301 658 1362 inedia
681 1304 833 1363 conscivit.
864 1299 922 1361 Sed
945 1299 974 1360 id
996 1317 1057 1361 aon
1070 1299 1223 1380 prohibuit
1236 1316 1314 1378 quo-

103 1379 197 1442 minus
244 1381 444 1444 acedaemonii
475 1401 563 1446 suum
588 1402 650 1446 non
677 1384 767 1445 modo
796 1391 1022 1459 sacramentum,
1050 1385 1103 1445 scd
1125 1383 1204 1445 illius
1226 1383 1314 1445 etiam
1439 1385 1441 1391 ‘

104 1463 179 1544 leges
201 1466 371 1546 spreverint
391 1475 422 1528 et
442 1466 631 1530 aboleverint

181 1551 225 1612 ad
249 1551 401 1613 Romanos
430 1551 555 1615 subinde
575 1553 686 1614 Λυαῖον
705 1561 811 1614 nostru
839 1551 920 1614 venit
945 1569 1057 1632 eosque
1087 1552 1134 1614 bis
1158 1552 1315 1632 compellat

100 1633 209 1698 verbis:
246 1635 355 1699 Nosse
376 1646 405 1710 et
425 1655 480 1699 aas
508 1639 638 1719 quotidie
665 1641 876 1718 sapeniaeatis
902 1637 1146 1700 illuminantibus
1174 1637 1313 1700 tenebras

100 1724 287 1801 antiquitatis
320 1720 363 1796 (id
384 1729 432 1783 est
453 1721 632 1802 experientia
653 1730 752 1784 vestra
774 1722 893 1800 edocti),
916 1732 1009 1785 totam
1030 1721 1115 1784 illam
1136 1733 1265 1784 veterem
1286 1731 1315 1786 et
1453 1767 1462 1782 .

99 1805 1314 1984 amittitoiticiflliiiiiiiiitiiz,iiiiii

97 1987 179 2034 nans
200 1973 371 2054 principum
392 1975 555 2056 rescriptis,
578 1981 730 2040 truncatis
752 1986 781 2039 et
802 1978 925 2041 caeditis
952 1975 1135 2054 (Tertullian.
1158 1976 1312 2055 Apologet.

98 2073 157 2136 rap.
179 2057 249 2136 td?
272 2059 305 2119 ln
328 2059 443 2140 Rigaltii
465 2069 563 2122 autern
584 2070 615 2122 et
636 2061 746 2123 secutis
768 2060 947 2123 editionibus
969 2065 1099 2123 metatis
1121 2071 1151 2123 st
1172 2063 1293 2124 caeditis
1300 2079 1311 2135 ,·

96 2141 146 2202 sed
167 2161 227 2222 qua
250 2143 432 2217 auctoritate,
454 2161 510 2208 nec
531 2145 579 2207 ille
600 2145 673 2209 dixit
703 2165 759 2208 aec
777 2163 835 2208 nos
856 2145 934 2208 aliud
956 2145 1032 2207 scire
1054 2163 1229 2225 possumus,
1252 2145 1312 2208 nisi

95 2223 168 2288 bana
194 2227 356 2290 lectionem
384 2229 521 2292 omnibus
549 2245 714 2310 repugnare
741 2229 892 2294 codicibus
926 2239 1012 2310 atque
1041 2229 1109 2310 ipsi,
1143 2249 1234 2311 quem
1262 2230 1312 2293 ille

93 2323 162 2387 prae
191 2311 332 2374 manibus
360 2313 494 2386 habebat,
522 2315 680 2394 exemplari
708 2315 867 2377 Puteaneo.
910 2315 972 2376 Nos
1001 2323 1099 2377 mmcn
1121 2333 1181 2377 non
1202 2315 1312 2377 lateta

94 2392 277 2458 Tertulliano
300 2397 368 2460 alibi
390 2398 547 2478 scriptam:
586 2399 690 2463 Colere
717 2404 826 2472 amaia,
854 2419 988 2463 macore
1007 2410 1096 2482 atpue
1116 2412 1241 2464 restare
1260 2405 1312 2464 ia-

93 2484 206 2553 stiias't,
237 2491 277 2544 ut
297 2483 366 2544 iude
386 2482 469 2545 celat
490 2502 530 2546 ea
550 2485 685 2546 surculis
708 2498 737 2564 et
755 2487 974 2566 propapiaibas
993 2484 1104 2567 papali
1124 2485 1159 2546 de
1175 2485 1310 2566 papalis,

92 2565 180 2628 urbas
203 2567 241 2629 de
264 2567 393 2630 urbibus
418 2585 477 2648 per
507 2569 615 2650 abique
637 2569 720 2632 orbis
737 2580 947 2649 pauperemur
973 2569 1066 2644 (ldem
1087 2569 1138 2630 lib.
1161 2570 1198 2631 de
1218 2569 1311 2632 Pallio

91 2665 152 2728 cap.
167 2653 223 2729 2.).
257 2650 318 2712 Sed
339 2651 386 2714 cui
408 2669 538 2732 unquam
558 2652 640 2715 linuit
660 2652 782 2715 verbum
803 2652 920 2733 aliquod
942 2671 979 2714 ex
1000 2671 1059 2714 uno
1082 2654 1211 2717 auctoris
1233 2655 1309 2716 libro

89 2729 231 2797 inalium
255 2743 358 2797 conum
380 2735 514 2800 codicum
541 2738 673 2800 omnium
694 2736 931 2800 reclamationem
953 2736 1138 2800 translerrei
1181 2737 1310 2818 Quoquo

89 2825 185 2880 mem
206 2820 302 2882 modo
324 2821 413 2900 legas,
441 2822 514 2883 satis
543 2829 662 2904 apertus
685 2829 732 2884 est
752 2823 888 2884 damaris
910 2822 1006 2884 noemi
1028 2839 1153 2882 sensus:
1181 2823 1309 2883 horren-

87 2908 146 2964 tem
167 2913 308 2968 reterum
330 2906 426 2986 legum
454 2905 558 2968 silvam
579 2907 663 2970 novis
678 2914 865 2986 expurgatam
880 2913 1099 2984 resecatamque
1114 2906 1208 2968 luisse
1222 2905 1314 2988 prins

86 2986 341 3155 iiiiii
361 2989 481 3137 ,lolii
497 2991 790 3138 dimidiati,
808 2981 1197 3137 itzltliiaiiii
1212 2999 1310 3156 iili

86 3159 296 3222 samaritstem
316 3159 513 3224 venditabant.

166 3244 214 3306 Ad
243 3243 276 3306 id
303 3251 400 3306 autem
427 3244 522 3308 adbuc
547 3243 808 3306 demonstrandum
829 3243 1015 3306 continenter
1035 3243 1232 3307 Temrllianus
1254 3245 1309 3308 ad-

86 3323 166 3389 iecit:
201 3329 316 3392 Nonae
341 3333 522 3392 vanissimas
543 3329 655 3410 Papias
685 3329 768 3409 lepes,
800 3348 877 3413 puae
896 3339 965 3392 aute
987 3329 1099 3392 liberos
1121 3334 1238 3412 susensi
1256 3349 1309 3394 co-

83 3423 174 3488 nsae,
210 3431 304 3497 paam
330 3411 429 3477 laicae
454 3418 680 3479 matrimonium
708 3414 855 3487 contrabi,
886 3424 959 3495 post
986 3423 1088 3476 tcatae
1115 3419 1308 3479 audacitatis

84 3509 271 3562 immutent
304 3497 372 3561 beri
398 3499 530 3562 Severus
561 3503 822 3562 comtaatbsiasas
851 3502 1027 3581 principum
1053 3499 1183 3563 seclusit
1214 3499 1307 3574 (ldern

82 3577 241 3664 lpelagec
265 3599 329 3662 cap.
351 3581 421 3659 4.)‘l
444 3583 572 3664 ·dperte
600 3592 697 3646 autem
718 3583 760 3646 ibi
781 3583 829 3645 ille
851 3583 938 3645 docet
958 3583 1012 3644 bas
1035 3583 1123 3645 lulias
1145 3583 1226 3664 leges
1247 3583 1306 3645 Pa-

81 3663 139 3741 piis
161 3667 351 3740 emendatas,
374 3668 428 3730 sed
448 3675 588 3748 abasque
608 3667 763 3748 abrogatas
784 3668 821 3729 ab
842 3668 1019 3747 imperatore
1040 3669 1161 3730 Severo.
1204 3668 1307 3729 Variae

84 3757 180 3814 autem
204 3759 295 3814 amnt
315 3751 405 3814 lullae
424 3752 515 3832 leges,
545 3769 620 3832 quae
642 3769 659 3814 a
680 3751 754 3814 lulio
776 3752 901 3814 Caesare
921 3753 962 3814 ita
983 3753 1205 3832 cognominatae
1226 3759 1305 3813 suat

82 3829 181 3916 Papiis
211 3853 288 3899 vero
311 3855 365 3900 seu
386 3836 486 3916 potius
507 3835 653 3917 Poppaeis
675 3853 783 3898 nomen
805 3838 949 3901 dederunt
969 3835 1078 3916 Papius
1100 3844 1130 3898 et
1149 3835 1306 3915 Poppaeus

83 3919 226 3984 consules
242 3921 369 4002 Augusti
384 3921 521 3983 Caesaris
543 3929 677 4002 tempore
699 3921 826 3983 suffecti.
854 3921 956 3983 luliam
977 3939 1048 3982 vero
1070 3919 1164 3999 legem
1186 3920 1223 3982 de
1239 3939 1305 3981 ma·

82 4000 208 4070 doridis
232 4005 391 4069 ordinibus
413 4025 430 4068 a
452 4005 634 4070 Tertulliano
655 4005 804 4103 designari
825 4023 931 4068 omnes
951 4005 1035 4104 facile
1050 4005 1223 4066 concedunt
1246 4005 1305 4102 Ve-

82 4090 445 4238 maauaie
458 4088 1306 4252 craticulatus
1377 4160 1381 4171 .

80 4265 142 4320 aot.
171 4259 206 4322 in
229 4259 369 4339 Tertulli.)
399 4269 430 4323 et
454 4260 599 4323 Antonias
626 4259 809 4340 Augustinus
838 4259 894 4322 sibi
922 4277 990 4322 esse
1017 4257 1197 4336 incognitam
1225 4259 1305 4322 utne

81 4338 212 4408 bteamr
234 4343 373 4425 (August.
392 4343 445 4410 lib.
466 4345 504 4408 de
525 4345 627 4426 Legib.
649 4363 712 4426 cap.
737 4345 810 4421 18.).
851 4343 889 4407 llt
916 4361 988 4406 sane
1016 4350 1133 4406 constat
1160 4363 1224 4406 eam
1251 4343 1304 4406 Ia-

80 4419 147 4489 liam
168 4428 283 4510 legem,
303 4429 348 4492 uti
370 4429 446 4492 llion
467 4427 566 4505 (Dion.
586 4429 638 4492 lib.
660 4427 708 4492 tv.
731 4427 817 4491 Rom.
839 4425 952 4491 Hister.
973 4445 1004 4509 p.
1026 4429 1122 4505 ibo),
1149 4427 1304 4492 Comelius

82 4505 202 4576 laum·
242 4513 350 4590 (Tacit.
377 4513 429 4578 lib.
451 4515 501 4578 lll.
533 4514 637 4578 Annsl.
665 4521 734 4576 ante
761 4511 852 4590 med.)
888 4519 919 4575 et
952 4512 1112 4576 Suetonius
1146 4513 1305 4596 perbibent

81 4591 222 4667 (Seston.
243 4596 279 4662 ia
297 4598 364 4670 vita
383 4599 506 4682 dunat.
527 4615 591 4682 cap.
606 4601 682 4680 bb),
704 4597 741 4662 ab
761 4597 894 4681 Angusto
915 4597 1041 4664 Caeam
1061 4599 1196 4664 ceterius
1214 4611 1305 4680 quam
