3132 5238
466 1081 586 1177 vrri
613 1101 912 1190 usnemun

44 1379 45 1386 κ
100 1308 603 1428 FLORENTIS
665 1316 1281 1448 TERTULLIANI

393 1539 732 1604 cmrmcmrmsrs
753 1509 992 1608 nausearum

262 1721 805 1808 lUGlelEldCllllil
842 1726 1112 1811 PlllEhlll

172 1907 242 1957 oute
258 1909 322 1954 utus
340 1909 458 1954 asrtrts
476 1911 580 1958 vtuutrt
598 1912 730 1965 ontuuou
746 1914 880 1960 muoso!
897 1915 1050 1965 utsuoutau
1067 1917 1216 1965 courturr.

164 2285 349 2374 Terudliani
376 2312 465 2376 vitam
486 2314 548 2376 Deo
575 2315 695 2395 auspice
716 2317 924 2396 descriptoris,
952 2317 1003 2398 quui
1023 2318 1115 2398 (quod
1135 2330 1303 2384 minorato

89 2397 199 2475 dignum
228 2403 285 2472 est)
313 2396 369 2458 suh
396 2397 467 2460 diro
493 2399 627 2460 Romano
652 2403 791 2480 pontifice
818 2403 850 2464 S.
872 2401 1003 2476 Victore,
1032 2403 1210 2482 imperatore
1230 2405 1300 2468 item

89 2481 147 2542 ltro
169 2481 229 2544 sihi
252 2481 427 2560 cognomine
442 2483 586 2562 Septimio
602 2484 723 2560 Serere,
745 2487 815 2548 Ater
836 2495 866 2548 et
886 2487 954 2564 ipse
968 2487 1083 2560 duruit,
1106 2489 1180 2550 duae
1194 2488 1303 2552 oemi-

90 2575 149 2626 mnt
180 2565 403 2628 conhorersiae
432 2585 540 2646 eaeque
572 2569 769 2632 difficillimae.
823 2569 911 2632 Prior
944 2570 982 2634 de
1009 2570 1140 2634 Tertullo
1169 2573 1301 2647 consule,

89 2649 261 2712 Tertulliano
290 2657 410 2723 nostro,
439 2651 604 2730 Tertyliano
627 2654 673 2714 lC.
697 2663 725 2715 ct
747 2655 778 2716 S.
801 2654 964 2716 Tertulliuo
991 2663 1133 2734 martyre,
1157 2675 1173 2716 e
1194 2657 1302 2734 quihus

89 2743 203 2810 quatuor
224 2733 453 2796 hallucinatione
474 2737 597 2814 quadem
619 2755 710 2800 unum
732 2739 877 2800 conficere
897 2739 1015 2816 quidam
1037 2740 1134 2802 eonati
1147 2747 1227 2802 suut
1248 2740 1303 2802 dl·

89 2825 142 2878 tera
162 2819 198 2880 dc
223 2827 358 2896 tempore
380 2826 409 2880 et
430 2827 524 2882 aetate
544 2821 691 2895 Auctoris,
713 2839 770 2899 qna
789 2821 857 2882 fidei
874 2822 1064 2884 sacramentis
1085 2841 1181 2884 novus
1193 2822 1303 2884 Christi

88 2908 141 2977 tpru
161 2903 296 2964 initiatus
318 2909 373 2962 est
402 2904 445 2963 dd
467 2903 597 2982 priorem
619 2906 698 2982 quod
715 2905 834 2977 attinet,
857 2905 994 2981 inprimis
1011 2905 1113 2966 fefellit
1126 2905 1304 2967 Rhenanum

88 2995 215 3066 corrupta
225 2986 316 3047 lectio
325 2986 402 3062 apud
414 2987 606 3064 Reginonem,
629 3005 703 3066 quac
725 2988 894 3066 castiganda
908 2987 995 3048 etiam
1010 2988 1087 3065 apud
1101 2988 1303 3050 hermannum

89 3067 269 3132 muranum
290 3069 322 3128 in
345 3069 513 3142 Chionitis,
548 3077 580 3130 ut
608 3087 664 3147 pro
687 3071 851 3131 Tertullino
873 3079 1013 3148 martyre,
1037 3089 1125 3148 quem
1146 3079 1304 3134 recenseat

87 3153 286 3232 martyrologia
308 3152 438 3212 cadetis
458 3153 607 3230 passionis
628 3153 659 3214 S.
679 3153 821 3230 Stephani
835 3169 928 3230 papae
948 3151 1043 3232 pridie
1057 3153 1301 3234 Nonashugusti,

89 3233 295 3298 Tertullianum
316 3235 432 3314 legerit.
462 3235 573 3298 Deinde
595 3255 656 3298 non
677 3237 776 3300 minus
796 3235 964 3309 hallucinati
986 3245 1056 3300 sunt
1076 3238 1229 3311 hacteuus,
1251 3241 1302 3318 qui

89 3317 243 3382 Tertullum
258 3320 425 3380 Romanum
446 3320 598 3387 consulem
621 3339 687 3384 cum
709 3321 909 3391 iureconsulto
925 3321 1091 3400 Tertyliano
1108 3323 1301 3397 contundunt.

90 3405 234 3466 cusiene
258 3403 508 3466 senatusconsulti
530 3403 712 3477 Tertulliani,
740 3405 776 3466 ad
798 3403 880 3483 quod,
898 3405 1048 3483 complura
1068 3405 1211 3484 rescripta
1232 3414 1303 3469 suut
1521 3477 1522 3494 χ

91 3485 168 3560 edita,
191 3507 269 3567 quae
292 3488 452 3551 recitantur
472 3487 506 3548 lt.
529 3487 564 3548 L.
586 3490 637 3554 38.
661 3488 696 3549 Τ.
720 3492 770 3552 tr.
793 3497 822 3550 al
841 3488 915 3558 cca.
937 3488 972 3550 L.
995 3492 1025 3553 6.
1048 3489 1082 3550 T.
1106 3493 1157 3554 55.
1200 3489 1302 3568 Neque
1389 3494 1391 3509 '

90 3571 156 3632 enim
177 3571 307 3651 reperiri
328 3571 437 3650 poterit
458 3571 562 3650 aliquis
583 3573 687 3634 constal
719 3571 916 3638 Tertullianus
950 3591 1003 3634 seu
1026 3573 1225 3652 Tertylianus,
1247 3573 1302 3636 scd

89 3652 118 3723 0.
138 3655 256 3718 Flavius
279 3655 427 3716 Tertullus
456 3674 525 3718 cum
551 3655 666 3718 Licinio
696 3656 850 3718 sacerdote
876 3673 954 3718 anuo
975 3657 1010 3718 U.
1033 3656 1064 3718 G.
1087 3656 1241 3718 BCCCCX.
1264 3655 1303 3718 ad

88 3739 160 3800 edus
182 3740 362 3802 relationem
383 3740 440 3802 iam
463 3749 559 3814 antea,
582 3740 745 3818 imperante
759 3740 908 3802 Hadriano
922 3741 1065 3819 Aumrsto,
1087 3741 1197 3802 dium
1210 3757 1300 3800 sena-

88 3824 296 3886 tusccnsrdtum
317 3823 496 3901 publicatum
518 3831 573 3887 est.
616 3824 724 3904 Utpote
745 3842 836 3902 quum
857 3823 892 3884 D.
914 3824 992 3886 dicto
1014 3823 1239 3886 nantolium.
1265 3822 1300 3884 ll.

88 3901 146 3966 Pius
179 3907 345 3970 decreverit
371 3907 401 3967 iu
423 3909 548 3986 quadam
568 3909 639 3976 lacti
659 3908 756 3987 specie
778 3926 895 3970 cessare
915 3904 1200 3970 senatusconsultum
1223 3904 1300 3966 Ter-

89 3989 242 4063 tullianum,
266 3989 347 4070 quod
368 3992 492 4070 proinde
514 4011 557 4078 eo·
573 4000 689 4054 conant
703 4011 771 4054 esse
785 3991 944 4070 antiqtuus,
960 3989 1143 4066 Tertylianus
1156 4007 1232 4051 vero·
1242 3989 1299 4064 lC.,

89 4071 161 4136 sicuti
183 4093 257 4136 mox
278 4073 386 4148 latins,
407 4076 463 4141 suh
483 4077 648 4140 Alexandro
670 4077 847 4155 imperatore
868 4075 968 4136 miultis
989 4079 1059 4150 post
1078 4073 1163 4136 annis
1186 4073 1299 4147 claruit,

89 4173 143 4218 com
164 4159 231 4220 aliis
254 4159 407 4238 plerisque
426 4159 580 4239 Papiniani
602 4159 772 4238 discipulis,
800 4159 851 4238 qui
872 4158 930 4220 iuri
952 4156 1080 4218 dicundo
1103 4174 1223 4235 operam
1244 4159 1299 4218 de-

89 4237 161 4316 dere,
190 4245 281 4305 cuius
308 4243 535 4308 consutiones
563 4263 599 4306 ex
619 4244 704 4306 libris
727 4243 934 4323 quaestionum
954 4249 984 4302 et
1002 4239 1079 4304 liluo
1100 4241 1242 4320 singulari
1263 4242 1300 4301 de

88 4328 222 4390 castrensi
244 4326 382 4406 peculim
403 4345 441 4395 ne
462 4325 533 4406 quid
554 4329 603 4392 hic
623 4329 715 4401 desit,
745 4335 815 4406 post
840 4326 930 4394 vitam
951 4325 1028 4388 hane
1046 4325 1183 4386 ductoris
1205 4325 1300 4386 uosui

89 4407 270 4476 subiecimus.
306 4411 389 4482 Quae
409 4411 489 4474 selae
511 4431 601 4491 maun
633 4411 784 4490 supersint
810 4427 866 4472 neo
882 4408 1041 4487 ,qnisquam
1054 4407 1300 4474 ¹ulius'librorum

87 4491 201 4556 alerem
224 4495 263 4557 ah
287 4493 347 4559 hoc
361 4493 527 4573 Tertpliauo
549 4497 696 4559 editorum
710 4492 888 4564 meminerit,
911 4492 1001 4556 salsus
1010 4493 1131 4566 ‚meuc
1146 4491 1299 4586 Conradm

88 4573 246 4652 Gesner-us,
281 4577 353 4638 dnm
380 4577 421 4638 illi
446 4588 597 4658 practerea
626 4577 767 4641 adscribit
791 4575 888 4654 legum
916 4577 1057 4656 rescripta
1086 4593 1122 4638 ex
1149 4574 1236 4638 utre
1262 4572 1301 4634 ds·

115 4680 270 4728 Terruerunt
285 4693 389 4726 erun.
404 4693 501 4728 οιιιιι.
528 4683 590 4729 Tom.
604 4683 641 4727 ΙΙΙ.
698 4679 705 4688 ’
1085 4673 1096 4721 l
