3122 5250
543 353 678 400 morona
697 355 818 414 arnan
838 356 974 414 amana..
1298 345 1366 414 343

144 525 227 572 scen.
250 507 304 584 3.).
349 503 479 568 Gentiles
507 523 625 586 quoque
646 504 780 582 sublatis,
808 515 843 570 ut
860 505 973 580 dietam
993 517 1051 585 est,
1077 509 1109 574 in
1129 509 1243 576 caelum
1263 514 1365 578 mani·

144 593 201 658 bus
224 591 297 654 deos
319 609 392 653 suos
412 589 617 670 precabantur.
659 591 738 672 Ergo
761 592 957 656 Tertullianus
982 595 1019 658 de
1039 594 1086 658 bis
1107 595 1179 658 solis
1200 596 1280 678 loqui
1301 618 1364 680 po-

145 677 204 740 tius
233 675 347 739 ridetur
374 683 404 736 et
429 675 613 738 mainsinde
635 676 880 756 argumentationi
903 679 966 742 eius
987 679 1081 742 robur
1101 681 1228 746 accedet
1270 681 1364 750 Recte

145 761 274 844 quidem,
308 759 434 840 inquies,
466 759 524 822 nisi
553 760 601 822 ille
623 759 683 824 lo'vi
714 771 878 841 opponeret
904 763 998 827 Deum
1027 765 1105 828 haud
1132 765 1219 828 dubie
1235 787 1361 846 aarum,

144 865 234 927 quem
254 845 350 908 adhuc
371 843 511 924 singulari
532 863 657 907 numero
680 845 786 909 deinde
807 846 969 927 appellavit
1013 849 1073 911 Sed
1094 849 1165 930 quid
1185 859 1263 915 vetat
1282 851 1362 932 quoss

142 933 244 994 minus
271 930 320 992 ille
341 929 404 991 lovi
430 929 557 996 maximo
578 929 730 1010 gentilium
752 931 807 994 deo
829 932 918 996 adum
939 933 1109 1013 quemlibet,
1131 935 1195 998 sive
1215 936 1361 1000 maiorum

142 1017 208 1080 aive
229 1016 378 1078 minorum
399 1014 539 1094 gentium,
561 1015 650 1076 deum
672 1014 869 1096 opposuerit?
893 1017 1020 1098 Quoquo
1042 1027 1139 1082 autern
1160 1021 1249 1083 modo
1271 1023 1361 1085 verba

141 1101 209 1164 eius
235 1099 443 1179 intelligantur,
472 1117 508 1161 ex
536 1098 572 1160 iis
600 1108 681 1161 recte
710 1100 830 1162 omuino
858 1101 1007 1164 concludit
1033 1103 1167 1166 ethnicos
1189 1113 1290 1168 conba
1312 1106 1360 1171 ius

144 1203 232 1249 omne
255 1193 284 1246 et
303 1185 348 1246 las
369 1183 516 1245 ademisse
531 1183 706 1246 Christianus
727 1185 791 1247 reri
805 1184 858 1248 nei
880 1186 995 1250 colendi
1016 1188 1191 1251 facultatem.
1220 1189 1278 1252 Per
1291 1189 1359 1254 illos

140 1269 291 1353 siquidem
312 1267 419 1332 ceteris
442 1267 580 1331 omnibus
601 1268 707 1332 licebat
727 1283 788 1332 non
809 1269 907 1332 solum
928 1270 1038 1347 lovem,
1060 1273 1114 1336 sed
1136 1293 1196 1335 uno
1211 1274 1362 1339 dumuxu

142 1373 214 1418 aero
234 1355 297 1418 Deo
319 1361 440 1433 excepto
462 1371 675 1433 quemeumque
697 1353 793 1417 colere
814 1354 921 1418 lalsum
942 1375 976 1418 ae
996 1356 1151 1420 ridimlum
1173 1358 1269 1422 deum.
1294 1360 1361 1434 Qua

141 1439 224 1502 enim
245 1438 415 1502 erudelitate
436 1436 518 1518 impii
539 1437 675 1501 homiues
690 1438 863 1502 Christiams
884 1459 986 1503 verum
999 1441 1094 1504 Deum
1114 1443 1280 1506 honorandi
1298 1443 1360 1507 tol·

140 1523 243 1588 lebant
269 1521 426 1596 licentiam,
459 1522 523 1602 pari
550 1522 730 1602 indulgentia
757 1524 944 1604 patiebantur
971 1525 1099 1606 qualibet
1126 1526 1157 1590 in
1184 1527 1299 1592 oiutate
1325 1547 1362 1594 aa

140 1608 304 1690 provincia,
332 1616 365 1668 ut
391 1607 467 1668 iulra
493 1606 616 1680 dicetur,
645 1625 663 1670 a
690 1609 794 1687 quovis
824 1608 953 1684 bomine,
983 1629 1070 1691 mem
1096 1611 1234 1676 libuisset
1260 1614 1359 1690 deum,

141 1693 260 1756 etiamsi
280 1692 346 1755 aliis
367 1691 485 1772 penitus
505 1691 688 1772 incognitum
710 1692 766 1754 coli
788 1701 818 1756 et
838 1693 964 1757 adorari.

227 1777 286 1840 Sed
324 1777 382 1838 iam
421 1775 547 1856 aliquem
582 1775 684 1839 audire
719 1777 805 1840 nobis
841 1778 989 1854 videmur,
1026 1779 1076 1860 qui
1112 1781 1200 1844 nobis
1235 1781 1267 1843 iu
1302 1801 1359 1844 au-

141 1881 208 1925 rem
227 1862 258 1924 in
280 1869 414 1924 susmrat
434 1859 474 1922 ibi
497 1860 708 1924 Tertullianum
735 1869 797 1924 tota
817 1862 863 1925 via
885 1881 1013 1940 errasse,
1041 1873 1145 1944 utpote
1166 1865 1216 1946 qui
1237 1866 1285 1928 bis
1306 1885 1358 1929 ar-

140 1947 291 2028 gumentis
328 1945 457 2027 probare
491 1945 649 2008 contendat
680 1947 897 2012 concedendam
932 1967 1001 2012 csse
1042 1949 1162 2015 crrilibet
1191 1951 1358 2014 facultatem

140 2051 231 2112 mem
257 2031 392 2104 voluerit,
421 2030 483 2092 siae
511 2029 697 2092 verum'sire
718 2031 834 2105 lalsum,
856 2033 971 2096 colendi
993 2033 1081 2096 deum
1102 2054 1137 2098 ac
1155 2053 1212 2115 pro
1233 2035 1358 2098 arbitrio

138 2116 269 2198 aliquam
289 2115 464 2196 religionem
485 2113 619 2194 eligendi.
663 2114 742 2178 ltane
763 2135 833 2179 aero
855 2117 985 2198 desipuit
1005 2118 1213 2194 Tertullianus,
1236 2120 1286 2200 qui
1307 2128 1357 2183 to-

141 2201 192 2276 tis,
214 2202 257 2264 uti
279 2201 415 2275 vidimus,
438 2198 546 2279 ingenii
566 2199 679 2262 viribus
702 2199 886 2264 demonstrat
906 2203 1001 2264 solam
1023 2203 1210 2267 christianam
1234 2203 1358 2284 religio-

139 2305 211 2350 nem
238 2305 338 2348 reram
366 2303 435 2347 esse
463 2293 493 2346 et
517 2285 724 2364 profitendam,
752 2295 863 2348 ceteras
886 2305 989 2350 omues
1010 2286 1100 2352 salsas
1122 2297 1153 2352 et
1172 2289 1359 2366 reiicieudas,

103 2371 106 2382 '
140 2371 191 2450 qui
218 2371 306 2452 plane
333 2369 510 2450 penitusque
539 2368 690 2432 contendit
716 2389 865 2434 summum
887 2371 1052 2434 Christiano
1080 2391 1149 2436 esse
1170 2375 1252 2436 uelas
1273 2393 1358 2436 suam

140 2473 249 2536 negare
277 2456 369 2516 immo
396 2461 426 2516 et
454 2451 638 2526 dissimulare
665 2453 854 2534 religionem,
881 2455 930 2536 qui
958 2465 1099 2537 martyres
1125 2466 1248 2520 nostros
1275 2458 1357 2522 omni
1438 2463 1457 2484 ⁸

136 2541 225 2604 laude
252 2540 319 2602 ideo
348 2537 484 2612 cumulat,
511 2537 590 2617 quod
617 2537 773 2600 maluerint
798 2539 977 2620 quibuslibet
997 2541 1157 2604 dirissimis
1179 2541 1357 2616 uncialibus

139 2625 339 2688 excamilicari
366 2632 397 2685 et
421 2622 555 2696 interfici,
583 2641 671 2702 mam
693 2623 748 2685 tria
770 2624 865 2687 thuris
886 2643 977 2706 grarm
998 2625 1080 2687 lalsis
1103 2625 1161 2688 diis
1183 2626 1301 2690 adolere
1322 2645 1358 2690 ac

137 2709 269 2773 mirabili
295 2706 574 2790 plane·constantia
595 2725 682 2770 suum
702 2726 757 2787 pro
779 2709 848 2770 fidei
869 2715 900 2771 et
918 2709 1070 2790 religionis
1092 2729 1165 2773 suae
1184 2711 1358 2774 defensione

138 2795 313 2874 sanguinem
341 2789 493 2856 fuderint?
536 2791 629 2854 Seous
661 2810 732 2853 vero
760 2793 786 2854 si
814 2793 969 2868 sensisset,
998 2813 1082 2856 suam
1109 2793 1140 2856 in
1166 2793 1358 2875 apologetico

135 2881 265 2960 abisque
287 2877 432 2942 similibus
454 2875 538 2939 libris
561 2875 782 2939 conscribendis
803 2877 890 2957 plane
911 2876 1059 2958 gratisque
1079 2878 1202 2940 lusisset
1223 2897 1357 2960 operam.

138 2964 208 3028 Non
229 2965 286 3026 alio
308 2963 397 3043 igitur
418 2961 542 3024 tendunt
562 2959 639 3021 illius
661 2971 841 3040 argumenta,
862 2961 921 3024 nbi
942 2969 976 3024 ut
996 2962 1033 3023 iis
1056 2962 1238 3026 demonstret
1257 2963 1356 3026 nemi·

138 3069 211 3112 nem
231 3049 297 3128 cogi
317 3067 407 3128 posse
428 3047 466 3109 ad
487 3043 680 3108 deserendam
701 3063 800 3108 veram
822 3054 852 3109 et
872 3045 974 3108 salsam
988 3045 1219 3126 amplectendam
1233 3047 1356 3128 religio·

136 3153 210 3200 nem
231 3153 267 3196 ac
286 3132 492 3212 iniquissimos
516 3148 584 3192 esse
605 3129 739 3208 gentiles,
772 3130 822 3210 qui
843 3130 999 3210 unicuique
1014 3129 1173 3211 quemlibet
1186 3131 1284 3207 deum,
1299 3131 1354 3195 etsi

135 3219 206 3286 aliis
227 3218 419 3298 incognitum,
442 3214 558 3278 colendi
579 3213 687 3276 dabant
707 3214 879 3291 bbertatem,
902 3233 989 3296 quam
1011 3215 1084 3278 solis
1105 3215 1279 3280 Christianis
1300 3237 1355 3280 ve·

135 3323 206 3368 rum
226 3303 322 3366 lleum
344 3301 507 3364 colentibus
529 3297 704 3362 adimebant

224 3389 263 3450 At
282 3387 357 3451 alius
378 3386 524 3467 quispiam
545 3403 562 3448 a
582 3382 669 3446 nobis
689 3383 850 3464 postulabit
872 3403 925 3446 cur
945 3383 993 3446 ille
1014 3383 1087 3450 adeo
1109 3383 1251 3448 affirmate
1266 3405 1355 3450 asse·
1458 3459 1461 3472 Ι

136 3481 222 3536 verat
242 3471 435 3536 voluntariam
459 3489 528 3532 esse
549 3467 732 3548 religionem,
754 3469 805 3548 qui
827 3468 938 3532 diserte
959 3469 1028 3531 alibi
1050 3469 1136 3532 dixit:
1158 3470 1203 3534 Ad
1218 3471 1358 3552 officium

137 3559 308 3622 baereticae
331 3554 475 3637 compelli,
496 3573 559 3617 aaa
579 3553 656 3616 illlaa'
676 3555 797 3634 diguam
817 3564 874 3618 est.
901 3553 1026 3618 Duritia
1049 3555 1194 3618 olmeada
1215 3564 1269 3627 est,
1290 3574 1357 3618 aaa

136 3644 297 3709 suadenda
321 3639 505 3716 (Te'rtulliau.
528 3638 676 3718 Scorpiac.
698 3656 760 3718 cap.
783 3640 838 3716 2.).
879 3638 987 3702 Verum
1013 3647 1094 3719 petat
1120 3638 1168 3700 ifle
1189 3657 1206 3700 a
1227 3638 1355 3717 lligaltio

137 3726 289 3808 quomodo
310 3727 421 3788 Auctor
442 3731 545 3786 noster
565 3721 737 3784 ducendam
756 3721 827 3784 velit
847 3721 1062 3790 baereticorum
1083 3722 1220 3786 duritiam
1242 3739 1357 3801 eosque

133 3812 177 3878 ad
204 3812 334 3876 officium
363 3807 549 3872 reducendos
577 3815 608 3870 et
628 3806 727 3868 audiet
746 3824 807 3868 non
829 3806 856 3867 vi
878 3815 929 3869 aut
949 3807 1100 3872 ooaobone
1120 3823 1273 3885 corporea,
1298 3805 1354 3868 sed

136 3895 343 3978 spiritualibus
364 3895 478 3957 divinae
499 3891 669 3972 Scripturae
690 3890 779 3954 armis
800 3890 955 3972 donaque
969 3891 1152 3954 auctoritate.
1179 3889 1222 3950 Ac
1234 3907 1268 3950 re
1282 3889 1353 3968 qui-

136 3981 209 4050 dem
229 4000 299 4046 vera
319 3981 385 4062 ipse
407 3977 602 4045 Tertullianus
625 3975 669 4039 sio
689 3975 892 4055 prosequitur:
928 3975 967 4038 Bt
987 3980 1089 4057 otique
1110 3977 1185 4036 autb
1208 3977 1352 4054 optimam

129 4066 398 4149 praeiudicabitur
419 4065 497 4145 quod
513 4062 697 4143 probabitur
717 4080 736 4124 o
760 4060 823 4123 Dea
839 4064 1034 4124 constitutam
1047 4071 1136 4141 atqua
1147 4068 1354 4140 precaeptum.

138 4151 341 4226 Quamobrem
361 4149 444 4214 hisce
464 4147 554 4210 umis
574 4146 642 4233 illos
663 4145 704 4208 ibi
725 4143 849 4208 revincit
870 4151 901 4208 et
920 4151 1074 4226 expugnat

223 4235 316 4300 Nobis
337 4252 407 4297 aero
429 4232 556 4298 adiicere
577 4231 662 4294 licem
683 4247 744 4292 non
765 4229 889 4292 eandem
910 4247 977 4297 esse
998 4225 1213 4293 baereticorum
1227 4245 1261 4288 ao
1274 4245 1350 4306 gen·

135 4320 234 4384 tilium
256 4319 411 4382 rationem.
455 4315 604 4396 Quidquid
634 4333 760 4394 namque
787 4313 824 4376 de
851 4309 1100 4391 haereticis,··qui
1127 4330 1228 4376 rerum
1255 4311 1350 4374 baum

135 4413 332 4486 agnoverunt,
366 4403 420 4466 sed
446 4401 598 4466 erroribus
626 4399 844 4478 sceleribusque
871 4397 936 4460 suis
963 4395 999 4460 ab
1020 4395 1149 4462 Ecclesia
1170 4397 1352 4470 deleoeruut,

136 4490 329 4554 statuendum
350 4487 468 4562 dixeris,
490 4504 551 4548 non
572 4485 639 4548 ideo
661 4493 758 4547 tamen
779 4481 914 4556 ethnicis,
935 4489 969 4544 ut
989 4489 1068 4543 reete
1089 4481 1130 4544 ait
1143 4480 1353 4558 Tertullianus,

136 4575 182 4643 lan
203 4591 335 4658 unquam
354 4572 410 4638 luit
430 4571 613 4638 Cbrbtiano's
634 4568 790 4634 tormentis
811 4587 845 4632 ac
866 4565 1041 4646 antiatibus
1063 4566 1100 4646 ad
1120 4566 1260 4639 salsorum
1274 4565 1353 4628 deo-
