3082 5238
449 401 585 446 uuoroas
606 401 648 444 ro.
671 401 738 444 auo.
760 401 924 446 nossssm.
1234 385 1293 450 tet

75 548 251 620 deleuderst,
287 549 328 610 ita
357 558 391 612 ut
418 549 545 628 ιιιςὶιιι
576 567 639 622 ιιι,
676 550 726 629 qui
754 549 810 611 sibi
832 551 987 614 sumebant
1009 557 1186 630 potestatem
1207 551 1297 614 dandi

73 633 191 696 venam
212 631 398 706 delictorum,
435 651 510 712 quae
532 634 582 694 uni
610 642 709 696 tamen
736 634 799 695 lico
827 643 1018 713 competeret.
1070 634 1160 697 Cuius
1182 636 1237 708 rei,
1257 635 1297 697 ni

74 716 165 788 leiim,
189 715 433 794 significationem
456 717 486 778 in
509 716 567 777 illis
589 717 688 778 verbis
709 717 833 795 reperit:
862 737 956 798 nepae
980 729 1136 798 peceatum
1163 721 1294 790 dimittit,

74 818 166 879 sepite
193 804 336 879 spiritum
364 800 501 881 indulpst
528 805 591 861 uisi
610 801 693 862 Dens
719 802 820 873 aelam
855 820 930 880 quae
957 801 1106 880 quomodo
1134 802 1296 872 nonnisia

74 883 217 960 scriptore
250 883 420 962 disciplinae
443 883 573 946 Montani
606 883 706 944 dedito
732 885 921 963 pronuntiari
941 885 1107 963 potuerint,
1139 901 1201 946 non
1222 903 1293 962 per·

74 965 175 1044 spicio.
211 965 287 1026 Nam
307 985 405 1046 neque
425 967 496 1029 illud
519 966 637 1028 sodales
661 968 842 1030 orthodoxae
856 969 1006 1030 Ecclesiae
1019 969 1175 1047 negabant,
1197 985 1295 1048 neque

73 1050 108 1111 de
130 1067 164 1110 ea
185 1068 219 1110 re
240 1058 305 1110 erat
325 1069 378 1113 eos
400 1051 478 1112 inter
499 1059 529 1112 at
549 1050 742 1112 biontanistaa
764 1052 942 1131 disputati03
974 1054 1026 1114 sed
1054 1053 1095 1114 illi
1118 1051 1294 1127 Orihodorti,

73 1133 204 1210 quamvis
232 1134 353 1195 nonnisi
374 1135 436 1195 ileo
465 1141 644 1212 potestatem
671 1135 917 1197 remittendorum
939 1143 1125 1215 peccatorum
1153 1135 1293 1215 adsigna-

74 1225 148 1289 rent,
181 1217 345 1294 negandam
381 1225 479 1281 tamen
516 1235 618 1295 pacem
655 1218 704 1292 iis,
739 1219 788 1296 qui
818 1225 941 1298 propter
976 1228 1095 1299 paccata
1130 1220 1246 1280 lucrant
1276 1237 1296 1281 e

73 1300 212 1360 societate
240 1318 325 1362 sacra
352 1301 447 1374 eiecti,
474 1319 537 1360 non
567 1301 717 1380 putabant,
746 1302 892 1381 siquidem
921 1303 962 1364 illi
990 1302 1132 1364 saritam
1154 1303 1296 1364 menaea

72 1391 155 1444 turos
177 1382 396 1461 pollicerentur.
439 1385 549 1445 Postea
569 1385 648 1445 hune
669 1383 777 1446 librum
805 1385 851 1446 vir
877 1386 983 1448 doctos
1012 1387 1054 1447 ait
1079 1387 1115 1447 ad
1144 1386 1294 1447 calamita-

72 1473 133 1528 tum
156 1465 332 1528 Christiams
355 1487 371 1528 a
393 1468 518 1530 deorum
538 1467 701 1529 utilioribus
722 1469 923 1531 immissarum
949 1470 1036 1549 plena
1068 1478 1202 1556 tenrpora
1223 1487 1295 1548 per·

72 1549 182 1624 tinere;
217 1569 292 1629 quae
319 1560 366 1613 est
392 1552 465 1613 letis
493 1553 627 1630 prolecto
654 1553 832 1614 coniectura.
874 1553 948 1614 Nam
976 1571 1001 1614 c.
1027 1557 1076 1616 tc.
1098 1553 1166 1614 libri
1187 1553 1294 1626 nostri,

1 1675 2 1688 .
73 1651 160 1712 quern
181 1633 278 1695 locum
300 1633 350 1696 ille
370 1643 551 1697 antestatur:
573 1647 618 1697 est
638 1636 725 1697 uobis
748 1638 1016 1698 etiamseoitudum
1031 1637 1196 1708 locuuntur,
1220 1657 1295 1699 sou·
1326 1689 1328 1696 ,

1 1763 2 1794 ,
71 1722 170 1796 peinais
193 1717 315 1788 scilicet,
348 1719 429 1780 nullo
457 1718 546 1779 modo
575 1728 637 1780 tum
665 1737 808 1796 praesens
837 1719 999 1798 periculum
1022 1721 1162 1782 ostendit.
1207 1720 1296 1793 Quod

1 1849 2 1856 ,
74 1801 100 1861 si
122 1808 384 1862 commemoratum
406 1803 494 1865 etiam
515 1801 729 1864 aTertulliano
752 1804 868 1877 luisset,
890 1821 952 1864 non
973 1811 1131 1883 propterea
1151 1803 1200 1864 hic
1220 1804 1297 1866 liber

1 1935 2 1966 ,
73 1883 110 1944 ad
133 1883 243 1962 scripta
264 1885 394 1946 Monuni
421 1886 574 1948 enoribus
602 1887 711 1946 relenta
738 1885 825 1948 abiici
853 1895 967 1967 posset,
1001 1895 1072 1948 sunt
1098 1887 1177 1949 enim
1205 1887 1297 1951 munta

73 1967 246 2028 Tertulliani
269 1969 377 2048 scripta
400 1972 445 2042 (ut
464 1969 543 2030 ilisa.
565 1970 589 2029 1.
612 1969 814 2046 depellamus),
842 1971 973 2050 aequalia
998 1973 1045 2032 liis
1072 1971 1295 2046 calamitatibus,

1 2113 2 2134 ,
73 2059 141 2112 ante
164 2051 336 2114 Tertulliani
358 2053 554 2114 detectionem
575 2053 750 2132 composita.
795 2054 855 2116 Sed
887 2073 985 2132 neque
1011 2055 1077 2134 ipse
1104 2055 1152 2116 ille
1178 2055 1296 2134 dicendi

1 2192 2 2215 ,
73 2133 191 2207 modus,
214 2153 273 2214 quo
296 2123 494 2198 Tertullianus
516 2137 662 2200 crudatus
690 2136 816 2215 aliquem
847 2138 937 2198 veluti
958 2139 1137 2217 baptismum
1159 2140 1296 2218 appellat,

1 2269 2 2306 ,
73 2219 174 2279 statim
200 2219 407 2282 Montanistam
434 2221 550 2300 prodit,
584 2221 643 2282 nisi
670 2221 795 2282 vebmus
822 2222 920 2283 dicere
942 2222 1101 2300 Origenem
1128 2229 1298 2301 quoquest

1 2363 2 2374 ,
72 2301 158 2374 abes,
180 2320 308 2381 quorum
328 2304 393 2365 loca
415 2304 503 2366 babet
523 2303 704 2366 Dodwellus‘
725 2305 776 2383 qui
798 2323 949 2384 nunquam
963 2306 1090 2368 accusati
1105 2307 1296 2368 blontauismi

1 2387 2 2390 ’
73 2386 166 2458 luere,
196 2396 320 2464 propter
347 2407 411 2450 eam
438 2407 502 2450 rem
530 2389 663 2450 societati
684 2389 928 2450 biontanistarum
956 2389 1089 2452 addictos
1116 2389 1219 2450 baberi
1241 2391 1295 2452 de-

1 2533 2 2538 ,
72 2468 176 2530 beret.
233 2470 367 2550 lienique
402 2473 481 2550 quod
516 2491 577 2533 non
614 2472 741 2533 obscure
777 2473 987 2534 Tertullianum
1025 2473 1131 2534 eodem
1162 2475 1193 2533 in
1229 2473 1296 2535 loco

1 2631 2 2646 ¹
109 2639 124 2686 i.
149 2637 249 2688 bissem
268 2639 379 2704 Cypriae.
398 2641 460 2690 iiiii.
486 2656 547 2704 quae
570 2649 607 2689 est
631 2640 661 2690 de
711 2639 858 2703 baptismum
884 2639 1002 2702 triplicem
1031 2640 1236 2698 confirmandum,
1272 2649 1299 2692 ιιι

1 2703 2 2708 ’
71 2704 182 2754 secundo
202 2706 306 2768 manerii
324 2706 454 2770 baptismo,
473 2702 660 2770 inprimisw.
711 2714 797 2770 postea
817 2707 916 2770 patebit,
935 2707 1002 2756 nullo
1015 2707 1087 2756 modo
1100 2708 1234 2764 consentit,
1253 2720 1297 2756 ne·

1 2795 2 2812 2
108 2771 130 2818 Ιι.
150 2774 178 2820 ιιι
197 2771 277 2822 dicere
295 2774 334 2836 qui
348 2781 446 2837 posset,
465 2773 530 2834 ilios,
549 2775 589 2837 qui
606 2781 663 2836 post
710 2788 759 2836 pue
778 2780 857 2822 tamen
876 2773 1230 2836 bocllpipbeniitestimonium
1243 2773 1297 2820 uni-

72 2837 250 2888 Tcrtulliauum
263 2839 369 2898 vixerint,
389 2841 540 2890 Christianos
556 2839 661 2902 scripto·
712 2853 780 2888 verse
799 2839 1001 2888 contemnendum
1020 2839 1132 2887 arbitror.
1158 2837 1209 2886 Erit
1227 2838 1299 2900 igitur

72 2919 123 2964 res,
149 2919 203 2955 cnm
230 2919 324 2956 somma
343 2907 486 2956 existimatio
506 2919 590 2956 eorum
609 2915 661 2955 orta
713 2919 802 2970 operae
820 2907 933 2973 pretium,
951 2913 977 2954 ut
995 2907 1106 2968 quisnam
1125 2905 1145 2954 is
1164 2905 1236 2954 luerit
1253 2905 1298 2955 tri·

73 2979 148 3031 esset,
173 2973 212 3037 qni
236 2973 272 3022 rel
292 2981 369 3022 morte
387 2973 422 3022 rel
441 2973 587 3024 cruciatibus
605 2987 661 3022 sus·
712 2973 769 3036 ples
786 2973 914 3022 ldarciouis
932 2973 1067 3036 baptismus
1085 2972 1187 3021 breviter
1214 2980 1297 3024 osteu-

73 3040 153 3102 ceptis
163 3039 285 3090 Christum
303 3041 409 3090 confessi
427 3041 525 3104 publica
543 3047 619 3099 erant,
640 3048 665 3090 ut
715 3041 779 3090 dam·
815 3039 839 3100 l)
859 3040 930 3088 binlta
948 3046 1004 3090 suut
1022 3040 1045 3088 iu
1059 3039 1184 3101 discipline
1196 3039 1299 3090 biarcio·

75 3105 124 3154 alia
143 3106 222 3170 plura,
241 3107 303 3154 bunc
321 3122 417 3170 qnoque
427 3105 521 3156 dicendi
534 3115 663 3155 consuetu·
716 3107 753 3156 nis
772 3107 861 3155 similia
878 3105 1019 3168 disciplinae
1038 3105 1203 3166 Manichacus,
1228 3121 1298 3170 quem

1 3229 2 3234 ,
74 3175 157 3223 dinem
188 3189 200 3222 a
225 3173 375 3223 montanistis
406 3175 555 3238 sumpsisse,
585 3187 663 3237 neque
715 3173 833 3222 ldanetem
863 3180 956 3222 constat
982 3187 1040 3222 suos
1067 3174 1091 3222 in
1122 3173 1248 3222 Auditores
1277 3181 1300 3224 el

73 3255 134 3303 ergo
152 3241 240 3290 borum
258 3241 312 3290 loca
330 3255 385 3290 esse
403 3241 489 3290 idonee
508 3241 538 3290 ad
557 3241 663 3290 liberari·
716 3240 812 3290 Eiectos
838 3239 990 3302 distinxisse,
1015 3253 1089 3304 quare
1113 3239 1176 3289 baud
1200 3241 1250 3290 scio
1270 3253 1299 3290 an

73 3309 134 3358 dum
157 3309 222 3358 bone
244 3321 382 3360 sermonem
405 3323 418 3356 a
444 3309 595 3360 llootanismi
621 3323 664 3358 ιιι-
716 3307 862 3358 llareionitis
886 3321 934 3358 non
959 3308 1143 3372 possit-eadem
1161 3308 1300 3359 distributio

73 3375 194 3439 spinione,
213 3376 356 3438 praesertim
370 3391 424 3425 cunr
435 3375 455 3426 is
466 3377 559 3440 primns
573 3377 596 3424 iu
605 3376 664 3426 Ter·
716 3375 847 3438 adsignari,
866 3391 920 3424 eum
931 3375 1094 3426 Tertullianus
1113 3375 1226 3426 adversus
1236 3376 1300 3426 ldar·

1 3471 2 3474 =
72 3443 177 3490 tulliano
188 3441 339 3506 aliorumque
349 3443 546 3492 biontanistarom
556 3443 662 3505 scriptis,
714 3441 809 3492 cionem
828 3441 869 3491 lib.
888 3443 911 3491 v.
932 3458 951 3492 c.
971 3441 994 3490 ’1.
1016 3458 1039 3506 p.
1061 3457 1091 3490 ιιι.
1111 3441 1159 3492 588
1174 3443 1199 3492 C.
1218 3443 1298 3492 videa-

72 3510 146 3558 reluti
166 3510 189 3558 iu
203 3510 266 3559 ‚lctis
279 3507 662 3574 PerpetuaeetFelicit.(MT),
714 3515 753 3560 tor
771 3510 886 3569 indicare,
905 3509 1000 3558 nonnisi
1019 3510 1179 3559 sanctioribus
1200 3525 1228 3559 ex
1249 3510 1300 3560 suis

73 3584 200 3640 appareat.
236 3577 312 3635 Quam
340 3578 403 3626 torte
426 3579 590 3642 suspicionem
609 3575 664 3641 pel·
714 3577 858 3628 blarclonem
885 3577 1021 3640 nuptiarum
1046 3577 1166 3626 licentiam
1190 3589 1300 3637 negasse,

1 3657 2 3664 ¹
74 3643 123 3693 laur
143 3644 190 3694 alia
208 3644 357 3706 suspicione,
381 3645 401 3694 si
420 3645 559 3704 ostendero,
584 3646 662 3708 ipsum
715 3645 753 3694 his
764 3644 858 3694 verbis:
875 3646 978 3695 lloreioa
988 3651 1059 3694 totum
1072 3646 1217 3694 concubitum
1226 3648 1301 3706 ceferi

1 3745 2 3748 ι
34 3715 44 3724 ·
73 3712 123 3760 iarn
138 3711 284 3762 Marcionem
302 3711 404 3761 eandem
423 3712 516 3761 dicendi
533 3719 664 3761 eonsuetu—
715 3713 843 3775 praetium
870 3711 970 3760 cidens!
989 3713 1048 3760 esim
1065 3712 1220 3760 catechumeni
1235 3711 1300 3758 ιιιιι

1 3807 2 3824 ι
73 3779 157 3828 dinem
177 3777 298 3828 babuisse.
334 3779 425 3841 Nempe
438 3779 587 3842 Epiphanius
605 3778 664 3826 bae·
714 3779 739 3827 iu
765 3777 852 3841 quibus
875 3777 954 3839 potuit
972 3777 1158 3826 catechumenos
1176 3774 1320 3837 appellare.

1 3885 2 3900 ,
73 3859 124 3894 ree.
143 3845 213 3893 titii.
233 3841 258 3907 5.
277 3843 300 3893 3.
325 3845 381 3894 edit.
401 3845 478 3895 Coton
497 3860 519 3908 p.
539 3844 597 3894 aot.
616 3850 665 3892 tres
718 3846 797 3894 minus
815 3845 938 3907 perlectos
956 3845 1077 3902 modceo,
1095 3841 1315 3904 qooEpipbauius.

1 3905 3 3918 ’
74 3914 110 3962 ιιι
129 3911 264 3974 baptismos
287 3911 401 3961 deleusos
419 3927 432 3960 a
450 3911 571 3961 Marcione
590 3912 665 3960 luisse
717 3912 805 3974 aliique
825 3912 870 3958 boc
888 3925 976 3958 nomen
994 3911 1066 3958 atiani
1084 3909 1198 3957 adhiberit
1215 3909 1245 3955 ds
1258 3921 1301 3955 au·

74 3970 120 4038 (οὐ
144 3970 234 4042 μόνον
255 3969 318 4040 παρ’
346 3971 419 4043 αὐτῷ
443 3971 474 4028 ἓν
492 3971 609 4042 λουτρὸν
626 3972 665 4024 δι’·
688 4026 697 4040 ,
717 3978 836 4026 ditoribus
854 3977 1063 4038 Manichaeorum
1088 3989 1166 4038 neque
1187 3974 1302 4028 credibile

75 4040 168 4100 dorca,
195 4035 263 4092 ἀλλὰ
285 4038 331 4092 ael
353 4037 405 4098 ἕως
422 4044 508 4110 spuma
525 4042 665 4112 λουτρῶν).
717 4052 763 4104 est,
774 4044 918 4093 Marcionem
930 4045 952 4092 in
963 4045 1100 4102 uniuersum
1111 4043 1301 4104 omnesnuptias

74 4114 103 4162 ln
131 4127 179 4176 qno
205 4111 325 4161 narrando
349 4115 395 4163 etsi
421 4115 507 4163 demus
531 4127 586 4165 sera
611 4126 665 4162 esse
717 4112 846 4161 sustulisse
858 4111 921 4174 apud
935 4125 1002 4171 suos,
1016 4121 1080 4168 cum,
1098 4108 1302 4172 quemadmodum

74 4181 147 4231 lslsis
173 4180 203 4228 ab
227 4179 361 4243 Epiphanio
385 4182 517 4244 permista,
543 4189 665 4244 umquam
718 4186 826 4239 constat,
850 4178 987 4243 nuptiarum
1012 4183 1135 4226 auctorem
1158 4189 1207 4225 nou
1230 4175 1302 4224 dsunt

74 4261 133 4298 cum
167 4248 231 4296 dieat
254 4246 400 4298 itarcionem
430 4248 552 4312 triplicem
575 4248 668 4312 baptis·
720 4247 810 4296 maium
834 4245 878 4294 sed
896 4244 1001 4294 medinm
1020 4243 1088 4292 illum
1106 4243 1203 4306 putarit,
1230 4255 1303 4308 qoem

74 4329 144 4366 mom
164 4314 321 4376 excogitasse,
340 4323 369 4365 nt
385 4330 412 4366 se
430 4315 610 4378 adagitiocum
621 4316 668 4364 sir-
720 4314 809 4364 instom
835 4311 996 4375 nuncupabat
1033 4312 1066 4361 Et
1084 4325 1131 4374 qno
1156 4309 1181 4370 2)
1199 4325 1246 4360 non
1264 4312 1302 4362 in·

74 4384 133 4445 gine
165 4383 297 4432 commisso
329 4391 445 4447 purpurat
470 4383 545 4446 {qood
570 4391 615 4444 ast,
643 4389 669 4432 nt
719 4389 774 4444 epte
798 4387 879 4443 petest
896 4393 950 4428 cnm
968 4378 1119 4428 Bellosobrio
1137 4378 1302 4434 coniicitiii-

1 4483 2 4488 ,
75 4451 147 4499 multi
166 4451 334 4510 ostenderunt,
353 4465 420 4500 mera
433 4449 577 4511 calumnia),
596 4450 669 4498 etiam
718 4447 794 4497 stoire
810 4447 841 4496 dn
860 4446 1030 4496 blanicbeisme
1048 4445 1115 4496 Toni.
1136 4446 1163 4494 ll.
1183 4460 1206 4508 p.
1226 4443 1302 4506 tan),

1 4561 2 4570 .
76 4531 134 4566 enm
158 4517 223 4568 dieat
253 4518 350 4568 dedisse
378 4518 523 4568 Marcionem
547 4518 667 4581 triplicem
720 4513 931 4565 nnumilurciouis
949 4515 1094 4577 baptismum
1112 4514 1137 4562 in
1155 4513 1301 4562 omneseot·

1 4579 2 4598 ¹
75 4583 236 4647 baptismum,
256 4585 321 4650 qood
340 4599 394 4636 cum
410 4591 551 4647 argomento
565 4586 668 4635 adbune
720 4583 803 4644 latum,
821 4581 898 4632 altero
915 4581 1019 4632 initiatos
1036 4583 1113 4632 tuisse
1125 4577 1300 4632 interiorised·
