3122 5250
545 382 680 447 suenone
701 403 760 447 mc.
783 403 820 447 11
841 403 987 449 nonnum.
1305 393 1368 458 339

144 553 401 634 argumentatione
427 571 462 616 se
483 553 566 634 ipsos
589 573 655 629 suo,
683 555 930 635 quemadmodum
951 555 1066 631 dicitur,
1094 557 1239 620 confluere
1261 507 1367 639 gladio.

147 639 216 701 llon
239 639 318 702 enim
339 637 507 700 Platonicos
527 647 649 720 propter
669 639 811 714 Platonis,
833 641 996 720 Epicureos
1017 649 1140 722 proptor
1159 641 1286 723 Epicuri,
1308 645 1368 726 Py-

147 724 309 804 thagoreos
329 731 454 804 propter
468 723 659 804 Pythagorae,
683 723 799 787 Stoicos
815 733 938 805 propter
951 726 1079 788 Zenonis
1100 745 1209 789 nomen
1229 729 1297 790 odio
1312 730 1368 792 ha-

147 807 257 870 behant
278 807 386 887 (ibid).
429 809 467 869 At
486 808 518 869 bi
540 823 660 870 suanum
681 817 838 885 sectarum,
860 810 901 872 uti
924 809 991 872 alibi
1015 811 1199 875 ostendimus
1221 814 1319 888 (Tum.
1343 815 1367 878 Ι.

145 893 285 975 Apparet
308 890 359 954 lib.
381 892 432 954 111.
459 890 613 956 Dissertat.
636 894 672 955 ll.
703 913 766 974 cap.
792 898 840 958 17.
863 895 925 957 Art.
950 899 966 959 1
991 904 1021 957 et
1041 915 1123 976 seqq.
1144 915 1210 977 pag.
1235 901 1316 963 1125
1339 907 1370 962 et

147 981 256 1058 seqq),
290 978 407 1040 luerent
427 987 572 1040 auctores.
616 977 691 1040 Tum
714 979 821 1040 deinde
841 998 859 1041 a
880 980 1060 1044 Tertulliano
1081 989 1273 1044 recensentur
1292 984 1367 1046 Aca·

145 1062 266 1138 demisi,
288 1056 366 1142 qu'os
388 1063 491 1140 utique
512 1063 701 1124 aPlatonieis
724 1082 878 1126 secernere
900 1064 1016 1127 ridetur
1042 1065 1226 1142 (Tertullian.
1254 1067 1393 1148 Apula,

147 1155 207 1228 get.
236 1165 299 1227 cap.
323 1149 376 1225 3.).
420 1147 567 1226 Nmnquid
595 1147 684 1226 igitur
705 1148 741 1209 de
762 1148 877 1210 mediae
898 1157 928 1210 et
948 1167 1043 1212 norae
1062 1149 1235 1214 Academiae
1255 1153 1368 1232 princi·

144 1232 235 1313 pibus
264 1231 413 1294 Armsilao
443 1239 471 1293 et
497 1231 621 1311 Lacyde,
655 1232 731 1294 sicut
758 1233 868 1294 ibidem
896 1234 1166 1310 animadvertimus,
1199 1255 1368 1300 sermonem

146 1317 256 1379 iecisse
278 1316 420 1388 dicendus
443 1314 514 1377 est?
557 1317 706 1397 Expende,
730 1336 851 1396 quaeso,
874 1337 908 1380 ac
928 1319 1096 1398 pronuntia.

233 1401 335 1481 Pergit
360 1400 409 1462 ille
430 1419 464 1462 ac
484 1419 593 1475 nonne,
622 1402 725 1482 inquit,
753 1402 860 1464 medici
880 1421 990 1465 nomeu
1011 1423 1098 1467 suum
1120 1404 1218 1467 sortiti
1240 1405 1368 1468 suntab
1401 1471 1403 1476 ,
1470 1435 1473 1440 ·

147 1486 354 1562 Erasistrato,
387 1485 437 1565 qui
465 1485 501 1547 ab
522 1486 556 1547 A.
580 1486 672 1547 Gellio
696 1487 808 1549 nobilis
827 1488 959 1550 medicus
991 1488 1077 1563 (Gell.
1100 1488 1150 1550 lib.
1173 1489 1260 1552 XVll.
1283 1490 1368 1553 Noct.

145 1571 207 1633 Att
230 1587 293 1649 cap.
311 1573 383 1647 11),
406 1588 423 1631 a
444 1569 592 1632 Macrobio
614 1572 799 1634 mediocrum
819 1583 956 1634 ueterum
977 1573 1184 1636 nobilissimos
1206 1575 1369 1656 appellatur

146 1655 290 1730 (11111111.
312 1653 362 1716 bb.
384 1653 445 1716 llll.
475 1655 804 1736 Satuna.cap.15.).
849 1657 999 1719 Testatum
1030 1665 1127 1719 autem
1161 1657 1269 1720 Strabo
1300 1660 1370 1722 lecit

146 1741 291 1820 Smyrnae
320 1738 455 1800 extitisse
488 1749 603 1820 petrum
639 1759 761 1802 suorum
794 1750 927 1822 tempore
954 1741 1180 1805 Erasistrateam
1206 1743 1369 1807 medicinae

146 1825 281 1886 scholam
303 1823 422 1898 (Strabo
444 1823 496 1886 lib.
518 1824 583 1885 Xll.
607 1824 713 1904 Geogr.
734 1843 801 1906 pag.
823 1829 919 1903 580.).
954 1825 1144 1889 Celeberrimi
1164 1847 1256 1909 porro
1277 1829 1367 1891 huius

144 1908 255 1970 medici
276 1907 449 1971 Plutarchus
476 1908 633 1982 (Plutarch.
656 1909 706 1970 lib.
729 1909 776 1971 lV.
800 1910 936 1990 Sympcs.
959 1911 1079 1984 Quaest.
1105 1916 1132 1975 1.
1155 1929 1220 1993 pag.
1243 1916 1315 1978 603.
1339 1922 1369 1975 11

144 1993 202 2055 lib.
225 1993 283 2054 Vll.
307 1993 429 2066 Quaest.
453 1997 482 2056 1.
505 2011 570 2073 pag.
593 1995 665 2059 698.
689 2003 720 2055 11
739 1995 770 2055 in
791 1995 855 2057 Vita
877 1995 1006 2058 Demetr.
1029 2015 1095 2076 pag.
1111 1999 1209 2075 907.)
1253 1998 1366 2061 Plinius

144 2077 236 2152 (Ptin.
258 2077 309 2139 lib.
332 2078 434 2139 XXIX.
456 2077 563 2140 1111111.-
581 2078 658 2139 llist.
680 2098 743 2159 cap.
769 2083 821 2156 1.).
842 2080 976 2141 Valerius
997 2081 1140 2142 Maximus
1163 2082 1270 2156 (valer.
1292 2083 1366 2145 blan

144 2161 200 2225 lih.
221 2163 256 2224 V.
279 2181 343 2242 cap.
367 2166 396 2227 7.
419 2165 448 2240 ξ.
473 2166 514 2240 1.)
542 2170 573 2224 11
593 2162 731 2224 Ghrouiei
753 2164 912 2227 Eusebiani
934 2165 1063 2246 scriptor
1082 2167 1265 2230 mentionem
1286 2167 1367 2232 tece-

145 2255 219 2309 runt
240 2246 362 2322 (Cbron.
384 2246 494 2308 Euseb.
516 2247 552 2309 ad
575 2266 642 2309 anu.
664 2247 848 2326 bouchu).
1085 2274 1090 2284 ¹

233 2331 365 2411 Denique
387 2336 476 2412 coqui
495 2336 584 2394 etiam
605 2333 801 2412 cognominati
816 2342 895 2408 sunt,
917 2335 958 2396 ait
971 2334 1179 2409 Tertullianus,
1202 2336 1238 2398 ob
1253 2335 1366 2417 Apia'o,

145 2435 236 2497 quem
264 2416 332 2477 alibi
360 2415 438 2478 iuter
465 2434 578 2496 coquos
605 2417 839 2496 pretiosissimos
867 2428 1003 2481 recenset
1028 2420 1152 2500 eiusque
1181 2420 1368 2484 condimento

145 2501 279 2581 exagitat
298 2501 480 2576 (Tertullian.
497 2501 736 2582 Apologet..oap.
755 2505 784 2567 3.
808 2511 838 2564 11
858 2503 908 2565 lih.
932 2504 968 2565 de
989 2504 1081 2566 Pallio
1103 2522 1166 2582 cap.
1188 2504 1241 2566 ult.
1264 2511 1294 2566 11
1314 2504 1366 2568 lib.

145 2587 186 2648 de
199 2586 303 2647 Anima
324 2587 473 2664 oap.33.).
516 2586 560 2646 Ab
582 2585 731 2648 Athenaeo
753 2595 851 2650 autem
873 2587 1014 2650 discimus
1035 2589 1115 2650 hunc
1136 2588 1247 2650 Tiberii
1269 2589 1365 2670 impe-

121 2671 256 2733 ·ratoris
279 2667 396 2732 saechlo
419 2670 598 2732 ditissimum
619 2671 723 2745 luisse,
756 2672 808 2734 sed
830 2672 899 2734 luxu
921 2673 1052 2735 solutum
1073 2673 1181 2734 multas
1202 2673 1315 2746 renuis
1338 2682 1373 2736 et·

142 2755 232 2836 gulae
257 2754 329 2816 vitio
357 2755 502 2834 myriadas
531 2772 718 2816 nummorum
746 2757 914 2835 profudisse
937 2775 971 2819 ac
991 2757 1072 2818 rana
1091 2757 1291 2836 placentarum
1312 2777 1366 2835 ge-

142 2857 220 2902 nera
248 2839 312 2901 eius
340 2839 461 2901 nomine
487 2839 609 2901 vocitari
636 2839 753 2914 (Athen.
775 2840 825 2900 lib.
848 2841 871 2902 l.
893 2841 1096 2920 lleipnosoph.
1120 2857 1183 2919 cap.
1210 2845 1237 2904 l.
1259 2861 1289 2921 p.
1313 2845 1366 2918 7.).

143 2924 235 2986 Plura
264 2924 351 2986 etiam
379 2924 416 2986 de
444 2924 494 2985 illo
517 2923 639 2998 Seneca,
669 2923 753 2986 cuius
780 2921 853 2986 b'aeo
874 2932 996 2998 tantum,
1025 2943 1099 3004 quae
1120 2925 1157 2986 ad
1179 2925 1367 3005 propositum

143 3017 284 3071 nostrum
305 3009 398 3089 magis
420 3009 538 3081 iaciunt,
560 3008 648 3068 rerba
670 3008 916 3071 transcribemus:
949 3010 1072 3090 Apicios
1093 3017 1202 3072 nostro
1223 3014 1388 3073 memorio

143 3097 237 3170 111111,
260 3097 313 3174 qui
332 3099 365 3156 r'o
386 3112 421 3156 eo
442 3094 528 3164 urbe,
552 3111 590 3154 en
610 3111 669 3172 quo
690 3093 851 3174 aliquando
874 3093 1052 3175 philosophi
1072 3092 1154 3156 uelut
1169 3106 1367 3174 corruptores

143 3182 315 3243 iuventutis
342 3179 426 3241 obire
447 3183 626 3250 1111111111,
655 3182 810 3240 scientium
826 3183 990 3260 proprium
1018 3180 1181 3259 professus
1209 3179 1369 3260 drsoiplioo

145 3281 207 3326 suu
229 3263 381 3325 soemlom
401 3264 507 3341 infecit
528 3262 651 3337 (Seneca
668 3261 719 3323 lib.
742 3262 778 3322 de
800 3262 919 3324 (lonsol.
942 3263 978 3324 ad
993 3263 1107 3348 llelrid⁷
1120 3281 1182 3342 cap.
1197 3267 1270 3341 10.).
1291 3264 1367 3326 Alibi

145 3357 247 3410 autem
269 3347 328 3421 ille,
351 3346 428 3409 sieut
447 3347 560 3408 Plinius
591 3347 677 3421 (Ptin.
699 3347 750 3408 lib.
771 3348 823 3409 lX.
845 3347 1046 3409 Natur.·Hist.
1069 3365 1133 3427 cap.
1159 3351 1221 3425 17.)
1244 3349 1366 3410 111111-

144 3449 290 3512 ronymus
311 3431 405 3512 Apicii
426 3431 607 3511 (Hieronym.
630 3431 680 3492 lib.
695 3431 732 3493 ll.
755 3433 820 3494 adv.
837 3432 929 3496 lorin.
952 3451 982 3512 p.
1001 3434 1084 3509 183.)
1107 3432 1231 3513 eiusque
1252 3433 1366 3496 bellua-
1425 3440 1431 3449 '

145 3518 239 3580 tionis
267 3523 297 3578 et
324 3517 484 3578 immensae
505 3517 589 3596 gulae
609 3516 815 3579 meminerunt.
859 3518 934 3579 Tres
955 3535 1046 3597 pono
1070 3516 1261 3579 Gasaubouus
1284 3525 1368 3579 notat

144 3602 267 3683 Apicios
291 3618 403 3680 cosque
435 3601 518 3680 gulae
538 3601 609 3662 ritio
631 3601 756 3662 infames
792 3601 969 3678 (Casaubon.
991 3603 1023 3663 in
1043 3600 1093 3662 lib.
1116 3603 1152 3663 ll.
1173 3603 1279 3663 Athen.
1302 3619 1366 3681 cap.

146 3689 179 3752 6.
207 3707 238 3768 p.
261 3689 303 3750 22
326 3695 355 3747 et
375 3691 480 3765 seqq).
523 3685 557 3746 ln
590 3685 736 3765 superiori
768 3673 867 3748 outoni
897 3686 1104 3748 dissertatione
1141 3685 1307 3762 (Dissertat.
1336 3685 1367 3746 in

145 3771 259 3834 Amoh
283 3772 412 3849 111123.
435 3769 555 3848 11114.)
578 3788 637 3831 uon
659 3769 752 3831 semel
774 3771 926 3842 citavimus
948 3771 1041 3852 Apicii
1064 3771 1155 3831 dere
1178 3769 1366 3848 conquiuaria

147 3856 257 3918 editam
280 3853 565 3917 commentationem.
595 3853 696 3934 Neque
717 3873 822 3934 magno
843 3855 945 3917 labore
965 3855 1051 3917 nobis
1073 3853 1266 3934 persuadebis
1289 3852 1367 3914 bunc

147 3959 218 4004 esse
239 3939 278 4002 de
300 3958 358 4020 quo
381 3939 577 4000 Tertullianus
599 3938 737 4018 loquitur.

233 4025 271 4086 At
299 4024 464 4104 quinamque
493 4023 591 4098 tuerit,
619 4024 715 4084 nudius
743 4029 840 4083 11111111
862 4023 978 4102 gentilis
1001 4041 1130 4102 unquam
1151 4020 1224 4083 dixit
1244 4027 1368 4101 propter

146 4109 226 4173 illiue
250 4117 301 4172 aut
333 4109 458 4170 aliorum
479 4126 555 4187 quos
587 4107 788 4170 recensuimus
816 4107 913 4168 solmn
935 4125 1044 4168 nomen
1067 4106 1136 4167 odio
1159 4105 1276 4184 dignam
1299 4123 1367 4167 esse

145 4195 315 4258 institutam
343 4213 359 4255 a
388 4192 519 4273 quolibet
545 4199 663 4266 sectam,
692 4192 750 4253 nisi
770 4192 853 4271 prius
875 4191 1040 4253 constiterit
1060 4191 1090 4251 iu
1112 4209 1147 4252 ea
1168 4189 1276 4269 aliquid
1298 4209 1367 4252 esse

146 4279 229 4342 mali.
274 4277 404 4340 Gentiles
437 4296 507 4359 ergo
539 4295 601 4338 non
628 4277 774 4339 debebant
802 4275 901 4337 odisse
929 4276 1127 4348 Christianos,
1162 4291 1217 4336 nec
1243 4282 1367 4354 propter

147 4383 237 4426 sunm
264 4381 322 4425 nec
347 4369 471 4442 propter
502 4362 630 4424 auctoris
652 4363 700 4425 sui
721 4379 841 4435 nomeu,
869 4359 928 4421 nisi
950 4360 1132 4439 exploratum
1154 4367 1220 4422 ante
1242 4359 1365 4421 habuis-

147 4457 217 4511 sent
245 4448 312 4510 illos
340 4465 407 4509 esse
435 4447 538 4509 malos.
580 4447 668 4526 Atqui
695 4447 753 4508 iam
775 4444 958 4508 ostendimus
981 4444 1102 4507 eosdem
1123 4445 1247 4526 gentiles
1269 4461 1366 4522 neque

148 4534 276 4596 scivisse
304 4549 401 4612 neque
430 4533 507 4594 scire
535 4539 585 4592 aut
605 4532 754 4612 inquirere
774 4547 903 4608 unquam
923 4529 1061 4592 voluisse
1073 4538 1173 4593 utrum
1193 4530 1235 4593 illi
1257 4526 1365 4608 aliquid

148 4627 282 4700 uguent-
294 4617 375 4700 quod
396 4617 465 4680 odio
487 4625 516 4679 et
536 4633 633 4700 poena
654 4624 736 4694 esset
752 4616 1000 4698 prosequendum.
1150 4677 1151 4680 ,

1109 4712 1165 4767 22*
