3126 5250
504 369 638 414 rucrone
659 369 718 414 nro.
740 371 777 414 xe
799 369 925 414 xonxxr.
1258 351 1325 424 263

190 511 233 581 Αἱ
251 519 439 600 postulabant
459 519 567 583 ethnici
590 539 649 600 quo
670 521 788 584 tandem
809 521 898 584 modo
920 521 996 602 ignis
1018 523 1113 602 possit
1134 541 1202 584 esse
1223 519 1324 586 aeter-¹

109 625 160 668 nus
191 623 404 684 necunquam
433 605 570 685 extingui.
615 606 815 679 Quamobrem
837 606 1032 670 Tertullianus
1063 609 1224 687 respondet
1244 607 1324 671 buno

108 691 202 752 diune
223 690 356 774 potentia
377 689 485 751 habere
507 692 814 754 subministrationem
823 691 1119 772 incorruptibilitatis
1140 692 1323 767 (tenutam

107 775 202 852 ibid).
246 775 348 854 Neque
379 774 409 835 id
441 793 548 854 negare
575 783 712 855 poterant
740 775 862 856 gentiles
889 777 1069 857 philosophi,
1102 777 1150 856 qui
1179 777 1323 858 duplicem

106 861 205 940 ignem
226 860 372 939 planeque
393 860 541 921 diversum
563 870 755 940 agnoverunt.
783 861 899 923 Primus
922 862 1009 934 enirn,
1033 861 1076 923 uti
1097 861 1223 936 aiebant,
1244 865 1323 942 ignis

105 945 261 1006 terrestris
283 945 447 1006 communis
470 951 499 1006 ct
519 943 654 1024 publicus
676 947 845 1026 quotidiano
867 946 1036 1008 homiuibus
1058 946 1127 1008 usui
1149 955 1204 1008 est.
1243 947 1324 1010 bltcr

104 1049 176 1091 vero
202 1047 327 1091 arcanus
350 1036 380 1090 et
400 1029 487 1109 longe
501 1030 598 1091 minus
615 1033 791 1108 communie,
815 1033 849 1094 de
865 1031 954 1103 coelo,
977 1031 1072 1111 inquit
1085 1031 1322 1108 Auctornoster,

102 1114 240 1194 [cimino
262 1117 423 1194 stringens,
446 1119 509 1177 eine
530 1115 564 1177 de
586 1126 681 1189 terro,
711 1135 769 1196 quc
792 1124 919 1191 montes,
947 1114 1039 1178 belna
1059 1117 1193 1178 videlieet
1214 1125 1244 1178 et
1264 1117 1324 1179 te:

104 1199 222 1272 surius,
251 1209 389 1261 creator
411 1208 439 1260 et
460 1200 575 1261 durent
601 1219 657 1262 nec
677 1200 881 1263 absumuntur.
924 1201 996 1262 Nam
1018 1201 1075 1262 iste
1097 1207 1182 1282 r'pnie,
1210 1203 1254 1263 uti
1276 1203 1324 1264 ibe

103 1285 151 1358 ait,
176 1303 244 1346 non
265 1286 394 1346 absumit
414 1285 493 1365 quod
514 1290 627 1357 emerit
650 1287 702 1348 aed
719 1288 794 1349 ‘dum
815 1297 927 1365 erogat,
949 1291 1084 1367 reperet,
1116 1287 1183 1348 ideo
1205 1296 1324 1366 montes

104 1387 229 1448 semper
250 1368 386 1429 ardentes
409 1375 537 1430 manent.
581 1368 623 1430 De
644 1370 702 1432 boc
723 1379 818 1433 nutem
840 1371 908 1449 igne
929 1371 997 1431 alibi
1019 1371 1214 1432 disseruimus
1241 1371 1324 1446 (llis-

104 1463 207 1516 sertet.
230 1453 262 1514 in
284 1453 385 1513 blinut.
409 1454 508 1516 Octar.
532 1472 594 1533 cap.
618 1458 646 1518 7.
669 1455 731 1516 Art.
754 1458 783 1520 3.
807 1455 887 1517 etin
909 1449 1323 1536 Lucontcaptetrtnp

192 1537 257 1599 buo
281 1537 378 1616 itaque
399 1545 511 1599 tantum
533 1549 695 1617 supersunt
716 1559 731 1600 a
753 1539 841 1602 nobis
864 1538 1067 1614 observande3
1089 1559 1123 1602 ac
1143 1540 1239 1620 primo
1255 1541 1323 1622 qui-

104 1623 174 1684 dem
203 1623 277 1684 haee
302 1622 456 1683 fulminum
484 1641 518 1684 ac
546 1624 691 1684 montium
713 1625 877 1686 ardentium
899 1624 1032 1703 exempla
1053 1643 1069 1686 a
1091 1625 1272 1687 Tertulliano
1295 1633 1324 1687 et

103 1708 171 1769 aliis
203 1706 399 1788 scriptoribus
428 1707 541 1768 nostris
568 1725 629 1769 non
659 1708 745 1781 sumi,
775 1717 911 1787 tanquam
934 1709 1012 1769 idem
1035 1709 1075 1770 sit
1107 1727 1211 1770 corum
1236 1719 1324 1790 atque

103 1801 247 1854 aeternus
267 1793 429 1853 inferorum
451 1792 540 1871 ignis,
562 1793 615 1853 sed
636 1793 666 1852 in
689 1798 897 1865 testimonium,
920 1793 1015 1872 inquit
1035 1793 1094 1867 ille,
1115 1798 1192 1873 ignis
1209 1799 1327 1857 oeterni

104 1889 135 1940 et
157 1878 327 1957 compium
349 1881 425 1956 iugis
447 1878 551 1939 iudicii
566 1896 694 1958 poenam
716 1883 880 1940 nutrientis
903 1877 1085 1952 (Tertullian.
1106 1879 1163 1939 loc.
1186 1879 1258 1956 cit).
1281 1879 1326 1940 Ab

104 1981 143 2022 eo
167 1961 265 2040 itaque
285 1961 358 2022 baec
378 1961 570 2041 proferuntur
596 1962 627 2024 in
650 1962 851 2024 testimonium
874 1963 1021 2023 dumtaxat
1043 1972 1072 2024 et
1093 1964 1257 2043 exemplum
1279 1964 1323 2024 al·

103 2047 201 2108 tetius
230 2046 316 2124 ignis,
346 2046 395 2126 qui
423 2045 519 2108 divina
547 2054 693 2126 potestate
727 2047 867 2109 excitatus
899 2066 1073 2128 semperque
1104 2048 1323 2110 conservandus

102 2150 157 2212 per
179 2138 275 2192 totam
296 2131 497 2192 aeternitatem
518 2140 585 2194 uret
604 2131 713 2212 impios
736 2151 791 2193 nec
811 2151 864 2194 eos
885 2151 1013 2211 unquam
1035 2140 1198 2194 consumet.
1285 2121 1290 2144 '

189 2215 327 2277 Securndo
354 2215 432 2276 aliud
460 2215 519 2290 ille,
552 2215 605 2278 sed
628 2215 783 2278 obscurius
806 2217 971 2296 exemplum
992 2215 1074 2278 bisce
1096 2217 1193 2278 verbis
1215 2217 1323 2278 ibidem

106 2301 262 2381 proponit:
290 2301 353 2374 Qui
374 2301 408 2362 de
423 2299 504 2363 coelo
520 2305 664 2380 iungitur,
686 2301 824 2362 nimimm
838 2301 969 2374 immine,
993 2301 1096 2365 soloce
1112 2313 1166 2376 eet,
1188 2302 1323 2366 cintello

111 2391 162 2446 iuer
190 2390 257 2466 igni
283 2387 484 2448 decinerescat
515 2385 622 2463 (lbid.).
666 2385 732 2448 Non
761 2386 880 2448 minima
907 2394 1004 2448 autem
1036 2387 1067 2447 in
1089 2387 1135 2448 bis
1157 2386 1323 2448 difficilibus

115 2470 204 2550 utique
228 2469 328 2532 verbis
357 2469 534 2549 explicandis
558 2478 605 2532 est
625 2470 818 2550 interpretum
840 2471 965 2532 varietas
988 2480 1018 2533 ct
1038 2471 1196 2533 dissensio.
1240 2472 1323 2533 Non-

118 2553 179 2615 nulli
207 2555 358 2634 siquidem
390 2555 547 2634 opinantur
578 2555 625 2616 his
640 2555 802 2618 'collineari
831 2555 866 2616 ad
895 2563 1024 2616 veterem
1046 2556 1197 2634 gentilium
1219 2555 1323 2634 legem,

118 2656 166 2717 qua
189 2647 309 2701 cautum
338 2647 411 2709 erat,
438 2655 477 2700 no
505 2639 570 2719 quis
592 2639 713 2702 fulmine
734 2657 895 2718 percussus
927 2640 987 2702 ullo
1019 2640 1156 2719 deinceps
1180 2641 1325 2720 supplicio

113 2724 306 2786 mulctaretur.
337 2725 370 2785 ln
392 2724 472 2785 illum
496 2725 584 2797 enim,
608 2725 792 2804 quantumvis
815 2725 947 2804 impium,
969 2725 1080 2803 iupiter
1102 2724 1174 2785 satis
1189 2725 1323 2786 animad-

111 2810 232 2872 vertisse
260 2808 418 2871 serebatur.
461 2808 516 2870 niti
544 2827 614 2870 vero
643 2817 747 2887 putant
776 2809 933 2870 ductorem
958 2816 1095 2869 nestrum
1123 2808 1158 2869 ad
1181 2808 1251 2870 illud
1273 2828 1324 2869 re·

109 2895 251 2972 spexisse,
275 2894 354 2972 quod
376 2894 424 2954 his
445 2893 542 2956 verbis
564 2893 676 2954 Plinius
698 2903 857 2954 memorat:
880 2893 1037 2955 Hominem
1058 2897 1101 2954 ito
1123 2898 1326 2956 emunimctum

108 2984 240 3041 nexari
266 2980 317 3059 sue
345 2997 407 3041 non
435 2990 488 3051 eet,
524 2981 613 3040 condi
637 2984 670 3039 io
700 2987 786 3040 terro
813 2977 918 3056 religio
948 2977 1074 3040 tradidit
1106 2976 1192 3049 (Plin.
1214 2977 1264 3038 lib.
1287 2977 1323 3038 ll.

109 3061 182 3124 llist.
204 3063 272 3124 Nat.
296 3082 358 3142 cap.
383 3067 456 3139 tt).
500 3063 607 3124 Verum
630 3062 699 3141 quid
720 3062 802 3134 haec,
825 3079 946 3140 quaeso,
970 3061 1006 3122 ed
1027 3061 1194 3122 institutum
1215 3062 1326 3123 iaciunt

108 3147 292 3220 Tertulliani,
314 3147 364 3227 qui
385 3149 443 3209 hoc
464 3148 597 3226 exemplo
620 3147 794 3208 continuare
816 3146 920 3206 nititur
931 3145 1115 3225 quorundam
1126 3163 1250 3226 corpora
1265 3145 1322 3206 ho-

107 3233 219 3294 minum
253 3233 309 3294 icto
343 3232 464 3293 lulmine
497 3232 540 3293 sic
574 3232 651 3293 selva
684 3249 774 3304 csse,
806 3238 840 3291 ut
875 3230 956 3290 nullo
989 3229 1113 3309 amplius
1146 3230 1214 3310 igne
1245 3233 1325 3294 deci-

107 3315 290 3380 mmcootP

190 3402 333 3481 Expende
355 3401 443 3480 igitur
465 3419 500 3462 en
523 3401 570 3462 ille
591 3400 692 3479 potius
714 3399 822 3460 alludat
843 3399 880 3459 ad
902 3417 945 3472 ea,
968 3416 1042 3478 qnae
1064 3398 1235 3462 Plutarchus
1258 3396 1323 3462 me'-

110 3487 218 3548 moriae
249 3485 391 3566 prodidit,
425 3483 618 3565 compertum
642 3486 737 3564 ferme
756 3483 905 3560 ,omnibus
936 3501 1004 3545 esse
1034 3503 1158 3564 corpora
1186 3485 1222 3546 de
1244 3486 1324 3545 caelo

111 3577 182 3632 lacta
210 3591 227 3632 a
259 3571 361 3633 multis
383 3589 438 3631 nec
460 3569 582 3632 cremari
614 3587 670 3630 nec
692 3568 820 3648 sepeliri,
854 3568 907 3630 sed
928 3567 1054 3647 relinqui
1077 3570 1242 3648 sepimento
1265 3569 1323 3630 oir-

110 3656 257 3731 cnmdetn,
290 3664 323 3716 nt
344 3654 472 3744 expertia
493 3653 656 3733 putredinis
677 3661 821 3733 perpetuo
842 3653 996 3714 videantur
1024 3652 1181 3728 (Plutarch.
1203 3653 1253 3714 lib.
1277 3652 1323 3712 Vl.

112 3739 248 3820 Symposa.
271 3741 393 3814 Quaest.
416 3742 446 3802 2.
468 3758 498 3819 p.
522 3742 617 3816 teo).
660 3739 768 3799 Postea
796 3745 908 3800 autem:
940 3729 1028 3821 ὁρᾷς,
1046 3738 1108 3810 ait,
1137 3729 1189 3799 ὅτι
1210 3735 1263 3798 καὶ
1285 3732 1324 3798 τὸ

110 3822 270 3904 moriame
299 3824 367 3906 πῦρ
396 3819 485 3907 ἱερὸν
511 3815 682 3926 ἡγούμεθα
708 3821 762 3884 καὶ
790 3823 903 3898 θεῖον,
938 3813 992 3884 ὅτι
1020 3815 1063 3884 τὰ
1091 3817 1228 3901 σώματα
1258 3819 1324 3883 τῶν

112 3906 290 3993 διοβλήτων
319 3903 454 3994 ἄσηπτα
480 3929 565 3990 προς
591 3903 697 3971 πολὺν
725 3898 899 3986 deriguere
917 3902 1035 3987 χρόνον
1058 3896 1191 3988 ὁρῶμεν.
1237 3903 1327 3968 Nosti

111 3997 204 4072 ignem
223 3995 363 4074 fulminis
386 4012 507 4056 sacrum
530 3995 589 4056 dici
608 4004 637 4056 et
657 3993 798 4063 divulsum,
822 3993 900 4072 qnod
922 4009 1053 4072 corporo
1075 3991 1109 4050 de
1131 3988 1212 4052 coelo
1228 4000 1325 4052 torto-

114 4095 179 4139 rum
201 4098 260 4161 per
287 4079 416 4141 multum
444 4083 587 4158 temporie
607 4077 830 4158 putresoctiom'
849 4080 991 4138 resistere
1011 4075 1142 4136 uidemus
1166 4072 1250 4150 (ibid.
1273 4073 1323 4137 lib.

112 4159 159 4222 tt.
180 4163 522 4242 Quaest10.p.685.).
551 4163 587 4224 bt
608 4163 666 4222 hoc
688 4161 862 4240 exemplum,
886 4160 946 4221 etsi
963 4175 1024 4219 non
1045 4158 1131 4237 plane
1151 4160 1322 4238 perlectum,

115 4245 329 4310 a'lertulliano
357 4247 601 4327 adduci.potuit,
631 4253 665 4307 ut
693 4245 865 4306 ostenderet
896 4245 1139 4322 confirmaretque
1171 4242 1324 4326 hominnm

117 4347 236 4411 corpore
256 4351 349 4413 posse
371 4341 491 4394 aeterno
515 4332 581 4412 igne
604 4331 696 4403 exuri,
719 4349 778 4410 quo
801 4337 898 4390 tamen
920 4345 1069 4407 nunquam
1091 4327 1292 4390 absumentur.

196 4418 225 4479 Si
248 4418 314 4498 quis
337 4425 434 4479 autem
456 4417 532 4478 scire
554 4423 636 4479 ercet
658 4434 710 4477 cnr
732 4415 780 4476 hic
800 4414 876 4494 ignis
900 4413 935 4474 ab
958 4413 1025 4492 ipso
1047 4429 1170 4474 arcanus
1192 4413 1322 4494 appelle-

118 4505 175 4572 tur,
199 4503 266 4564 buic
292 4501 549 4582 respondebimus,
578 4502 644 4581 quia
673 4500 753 4563 illurn
777 4499 921 4561 occultum
944 4504 973 4558 et
993 4497 1023 4559 in
1045 4497 1207 4560 visceribus
1229 4505 1325 4559 terrae

121 4582 317 4650 absconditum
344 4587 475 4669 putabat.
518 4586 581 4648 nuo
608 4603 734 4668 nemque
760 4585 792 4646 in
820 4583 896 4647 libro
925 4589 955 4646 et
974 4583 1104 4646 Platonis
1134 4591 1164 4645 et
1184 4599 1267 4644 snam
1289 4581 1325 4642 de

1548 3953 1552 3984 i

1551 4103 1552 4140 l
