3122 5250
275 349 337 416 328
372 366 562 411 nrsssarsrro
577 365 607 410 ut
623 366 671 417 on.
686 365 770 412 seru.
785 367 871 410 rma.
886 366 1081 411 rsnrnnnnnr
1094 361 1310 410 eremannos!
1323 347 1409 406 cerr.

274 519 378 581 lactata
403 515 566 596 tyrannide,
592 533 654 578 non
680 523 788 590 antem,
817 515 894 580 sian
920 515 960 579 ait
980 515 1187 590 Tertullianus,
1214 515 1250 576 de
1274 511 1454 594 philosophiae

272 603 353 664 hono
374 601 570 680 interrogatis
591 599 627 662 ah
648 600 698 662 illo
720 599 818 663 luerit.
863 599 941 674 Quid
963 601 1042 663 enim
1062 609 1149 675 vetat,
1170 599 1322 680 quominus
1334 605 1454 677 tyrannus

273 685 372 750 habita
392 685 430 748 de
450 685 628 767 proditionis
650 685 776 747 consciis
798 685 972 765 quaestione
993 685 1030 747 ab
1052 705 1088 747 eo
1108 685 1228 766 petierit
1240 683 1369 764 quidnam
1380 699 1454 760 prae-

274 778 367 834 staret
393 771 569 850 doceretque
598 769 794 850 philosophia,
822 777 855 832 ut
881 771 937 832 hac
963 770 1193 850 interrogatione
1213 768 1281 831 illud
1301 762 1455 848 proditionis
1530 807 1531 810 ,

273 855 384 918 crimen
404 854 501 918 acrius
523 853 736 934 exprobraret?
812 863 815 878 ·

286 945 295 960 “
355 939 487 1019 lienique
509 938 742 1020 superbientium
762 938 900 1018 patientia
922 956 976 1000 sua
997 938 1148 1017 gentilium
1170 955 1271 1018 ιςιιιιιι
1290 936 1335 998 his
1355 931 1456 996 'lerbd-

270 1023 365 1088 lianus
387 1023 418 1085 in
438 1023 627 1104 hpoloqetlco
649 1022 757 1086 claudit
776 1022 891 1086 verbis:
915 1023 1002 1087 Gerre
1015 1024 1167 1087 Mconnnr
1180 1023 1301 1105 {tapetia
1314 1020 1365 1082 sub
1378 1017 1458 1082 anth

272 1115 362 1173 ctione
383 1109 570 1173 bortann'um
591 1113 836 1190 propinquarunt
856 1108 998 1172 acerbata
1020 1117 1140 1170 tannem
1162 1109 1285 1172 bonores
1308 1105 1459 1184 conseruet.

272 1205 416 1276 quantum
437 1197 594 1274 torpuistis
614 1193 764 1274 fuderunt
786 1191 969 1266 (Tertullian.
991 1192 1143 1274 apologet.
1167 1212 1230 1273 cap.
1253 1195 1325 1268 50.).
1364 1189 1395 1250 ln
1413 1203 1459 1248 suo

272 1285 370 1341 autem
391 1277 428 1340 ad
448 1277 589 1340 Nationes
610 1277 686 1340 libro
708 1277 781 1338 haee
802 1295 836 1338 se
857 1277 975 1356 quidem
997 1284 1095 1339 tacere
1115 1277 1189 1340 velle
1211 1278 1255 1339 sic
1274 1281 1405 1338 manbre:
1430 1267 1461 1331 lit

273 1373 386 1427 taceam
407 1364 442 1425 de
462 1362 609 1426 laconica
629 1362 728 1442 picria
759 1360 836 1436 (Lib.
858 1363 881 1422 1.
904 1361 940 1423 ad
961 1361 1078 1424 Notion.
1101 1380 1165 1441 cap.
1191 1363 1268 1438 18.);
1301 1359 1351 1422 sed
1376 1354 1460 1420 audeo
1531 1417 1532 1424 ,

272 1465 333 1510 non
354 1447 452 1509 miuus
474 1455 559 1509 acuto
580 1447 684 1526 pungit
705 1445 849 1508 ethnicos.
893 1446 1001 1508 Verum
1023 1445 1129 1508 clarius
1152 1446 1273 1526 scripsit
1293 1443 1462 1520 adllartyret
1531 1445 1532 1454 ’

271 1531 350 1594 hamc
375 1531 462 1612 plane
488 1531 681 1594 inhumanum
701 1549 814 1592 morem
836 1531 988 1610 usquead
1010 1549 1094 1592 suem
1115 1549 1321 1610 perseverasse
1342 1534 1462 1590 acuunt

271 1615 375 1687 Hodie,
396 1616 501 1695 inquit,
528 1618 611 1698 apud
631 1617 876 1679 lacedmnronios
897 1614 1070 1678 solennitas
1091 1621 1225 1678 maniosa
1245 1627 1291 1678 est
1311 1611 1463 1694 διαμαστί-

270 1720 381 1784 γωσις,
413 1702 445 1763 id
466 1711 511 1762 est
530 1700 714 1782 liapelhtia:
747 1719 810 1763 nan
832 1699 906 1763 latet
925 1705 959 1762 in
980 1719 1037 1780 quo
1060 1718 1149 1762 sacro
1172 1711 1243 1764 ante
1264 1718 1348 1762 arans
1367 1693 1463 1760 nobiln

271 1789 378 1866 quique
405 1785 607 1848 adolescentes
634 1784 764 1864 'tapetiis
778 1857 780 1863 s
793 1783 993 1864 asstipuntnr,
1027 1785 1219 1849 adstantibus
1244 1783 1413 1867 parcentibus
1436 1795 1465 1838 at

268 1872 451 1950 propinquis
478 1881 566 1950 atque
592 1873 641 1933 nti
661 1878 859 1950 perseverent
880 1868 1122 1932 adhortantibus.
1169 1871 1382 1933 Ornamentum
1401 1867 1465 1927 cent

272 1962 301 2017 ct
328 1952 428 2034 picria
453 1954 647 2034 deputabitur
666 1958 781 2016 maiore
803 1953 918 2034 quidem
939 1953 1039 2024 titulo,
1067 1959 1097 2016 si
1116 1959 1219 2018 asebna
1237 1957 1339 2037 potius
1361 1949 1466 2014 asserit

269 2037 370 2120 plapis
392 2055 481 2119 want
502 2057 613 2118 corpus
645 2037 737 2112 (idem
758 2036 810 2098 lib.
833 2037 870 2099 ad
890 2037 1008 2117 blartyr.
1030 2055 1094 2116 cap.
1117 2042 1172 2116 4.).
1203 2039 1263 2101 Sed
1284 2039 1320 2100 de
1340 2036 1384 2098 his
1397 2033 1467 2114 plan

273 2121 331 2184 iam
359 2121 389 2182 in
416 2121 512 2201 primo
533 2123 696 2202 Apparatus
717 2121 814 2183 assui
834 2131 916 2183 tomo
939 2123 1138 2184 enarravimus
1170 2124 1271 2198 (Tam.
1294 2122 1316 2185 1.
1345 2121 1464 2201 Apparet

273 2223 293 2287 p
355 2289 485 2351 Duarum
511 2288 635 2368 iusuper
661 2288 816 2351 mulierum
839 2288 969 2370 exempla
991 2290 1021 2351 in
1043 2290 1119 2352 libro
1140 2291 1178 2354 ed
1200 2292 1341 2354 Nationes
1362 2284 1468 2370 protulit

272 2373 454 2448 (Tertullisn.
475 2372 526 2434 lib.
547 2372 570 2433 l.
593 2373 629 2434 ad
650 2372 766 2436 Nation.
789 2375 941 2452 cap.18.).
985 2375 1083 2438 Prima
1104 2376 1140 2438 ah
1162 2376 1215 2438 illo
1238 2375 1404 2456 simpliciter
1421 2389 1466 2432 ro·

272 2466 354 2520 catur
381 2462 488 2540 rapina
507 2458 640 2538 Aepppti,
668 2457 807 2520 nimirum
829 2457 991 2537 Cleopatra,
1026 2479 1100 2540 quoe
1129 2461 1234 2524 bestiis
1256 2467 1330 2534 sun,
1360 2459 1415 2520 hoc
1432 2459 1470 2516 est

271 2543 490 2708 sititis
510 2541 1004 2708 its.l.⁰bt¹²s.t¹⁰;t¹¹t.³.t.tl
1026 2538 1471 2709 renitententis
1533 2624 1534 2628 ψ

273 2711 378 2776 lubens
398 2714 512 2792 appetit
533 2724 562 2775 et
582 2715 684 2794 utique
704 2713 823 2792 aspides
839 2723 1003 2793 serpentes,
1028 2724 1119 2777 tauro
1130 2715 1181 2778 uei
1194 2735 1271 2780 ursa
1287 2715 1470 2782 horridiores,

272 2815 346 2878 quas
370 2797 532 2878 Cleopatra
551 2801 674 2859 intrusit
693 2797 759 2868 sibi,
785 2815 823 2858 ne
845 2802 877 2859 in
897 2815 1004 2860 manus
1026 2803 1140 2861 inritu'ei
1156 2803 1336 2881 perueniret
1366 2796 1423 2874 (lib.
1443 2789 1472 2855 ti

271 2882 388 2962 hlartpr.
410 2900 473 2961 cap.
495 2884 548 2959 4.).
591 2880 650 2942 Sed
670 2881 729 2943 hoc
748 2883 878 2942 iamneae
900 2881 1031 2944 mulieris
1053 2883 1165 2945 ladnus
1190 2885 1310 2965 saepius
1332 2884 1368 2946 ab
1388 2881 1471 2942 histo-

270 2966 342 3030 risis
360 2965 502 3030 Suetonio
532 2965 666 3040 (Suetou.
695 2966 726 3026 in
750 2965 814 3027 Vita
838 2966 962 3046 Augusti
986 2971 1016 3044 p.
1042 2969 1095 3044 3.),
1132 2969 1291 3032 Plutarcho
1328 2961 1471 3036 (Plutarch.

272 3050 387 3113 inlita
408 3050 526 3112 hntomi
547 3069 612 3130 pag.
635 3053 721 3128 954.)
754 3059 783 3112 et
814 3051 889 3126 aliis,
922 3069 1037 3114 amnon
1065 3071 1082 3114 a
1103 3053 1202 3132 poetis
1224 3055 1406 3117 decantatum
1426 3055 1471 3110 est

273 3135 459 3216 Quapropter
487 3135 560 3196 baec
580 3135 703 3208 Horatii,
735 3153 809 3214 quae
835 3135 872 3196 ad
893 3135 1065 3198 Tertulliani
1086 3141 1276 3219 propositum
1297 3138 1389 3219 magis
1409 3149 1471 3197 cao·

272 3218 391 3294 ducunt,
414 3219 542 3281 mrmina
563 3218 671 3280 citasse
693 3219 764 3280 satis
787 3219 858 3281 crit:

472 3305 556 3364 susa
577 3314 607 3366 et
627 3308 771 3366 iacentes
791 3309 891 3366 visere
913 3309 1034 3385 repinrn,

477 3385 567 3450 Vultu
589 3405 695 3450 sereno
716 3389 810 3467 fortas
825 3385 862 3451 'et
882 3407 1007 3469 asperas

532 3469 676 3534 Tractare
696 3483 860 3552 serpentes,
882 3482 918 3534 ut
939 3484 1041 3536 atrum

589 3555 724 3636 Carpere
747 3557 923 3620 combiberet
944 3577 1099 3630 nemnem,

473 3638 646 3703 Delibernta
667 3651 764 3702 morte
783 3642 936 3719 [oronim
1028 3715 1032 3724 ,

472 3723 579 3786 Saeuis
601 3724 742 3787 Liburnis
763 3724 876 3788 scilicet
896 3728 1033 3790 insitiens

530 3807 658 3873 Privata
679 3809 785 3873 deduci
804 3813 933 3891 superbo

585 3893 654 3956 Nan
676 3894 795 3957 humilis
816 3895 927 3958 mahar
949 3896 1112 3977 triumpha.

520 3977 632 4054 (Horat.
654 3978 704 4039 lib.
726 3978 749 4039 l.
773 3979 898 4042 Germia.
922 3979 977 4042 0d.
1000 3979 1139 4042 xxxin.
1160 4001 1187 4042 v.
1210 3983 1252 4044 25
1276 3990 1307 4044 et
1328 3985 1420 4061 seqq.)

272 4061 369 4124 Altera
390 4081 480 4141 porro
501 4064 609 4144 mulier
626 4061 866 4143 Carthaginensis
886 4063 1053 4128 Asdrubale
1073 4070 1194 4138 morito,
1216 4066 1259 4128 ait
1276 4067 1472 4132 remanum

273 4149 307 4207 in
327 4151 469 4210 entrenis
486 4153 608 4230 patriae
630 4153 821 4211 constantior
852 4148 986 4222 (Tertull.
1006 4149 1056 4212 lib.
1079 4150 1102 4212 l.
1125 4151 1161 4212 ad
1182 4148 1302 4214 Nation.
1325 4170 1388 4233 rap.
1413 4150 1475 4224 lh).

273 4229 347 4303 sire,
368 4239 401 4290 ut
420 4230 487 4293 alibi
508 4233 590 4308 dixit,
611 4236 672 4294 iam
692 4234 817 4296 ardente
840 4233 1029 4314 Cartbapr'ne,
1052 4235 1122 4297 dunt
1141 4238 1289 4298 maritum
1310 4255 1399 4300 suunt
1411 4249 1477 4311 sup·

273 4309 379 4394 plicam
399 4313 534 4394 Scipioni
553 4319 676 4389 uideret,
709 4337 774 4380 cun
794 4318 868 4399 filiis
890 4322 955 4380 suis
975 4321 1008 4382 in
1028 4320 1197 4382 temedium
1215 4325 1342 4400 patriae
1365 4317 1479 4384 ιιιιιιῑι-

275 4401 319 4462 uit
340 4397 431 4474 (Idem
451 4399 501 4461 lib.
524 4401 560 4464 ad
572 4402 696 4483 ΧΜιιιςι.
719 4421 782 4482 cap.
803 4406 855 4481 4.).
900 4401 972 4464 Cum
1001 4403 1080 4466 enim
1100 4403 1272 4468 rescivisset
1292 4403 1478 4468 tammum

274 4489 357 4579 papia
378 4482 549 4563 Carthagine
570 4487 657 4550 uitam
679 4507 695 4550 a
717 4486 855 4566 Scipione
877 4487 1051 4567 impetrasse
1073 4507 1163 4570 seque
1183 4487 1220 4550 ab
1244 4509 1281 4552 eo
1305 4489 1476 4558 derelictam,

276 4585 306 4630 m
332 4585 469 4632 mcensae
495 4569 575 4637 urbis
603 4573 685 4652 ignes
706 4575 841 4636 ise-cnm
868 4572 936 4636 iuliis
963 4573 1110 4638 iniecisse.
1129 4584 1322 4640 memoratur.
1368 4570 1476 4640 l'idesis
