3020 5230
263 383 325 444 622
389 395 581 440 nssssnrsrro
597 395 860 440 cavannarum.
877 395 986 439 maone
1001 394 1117 438 susos.
1135 395 1339 438 rauranum

263 544 403 624 quodam
425 543 474 620 qui
497 561 530 604 se
551 543 666 605 dicebat
686 543 744 604 hoc
757 542 896 602 didicisse
910 559 947 602 ex
960 541 1078 602 nonno
1092 541 1221 620 quodam
1236 539 1397 620 Cypriani,
1421 544 1491 618 quel

267 626 427 708 Cyprianus
442 627 573 704 quotidie
592 628 622 688 in
634 626 814 688 Tertulliano
828 625 948 704 legerit,
970 623 1078 685 solitus
1100 625 1145 685 sic
1166 643 1182 685 a
1203 625 1327 685 nolano
1354 643 1481 703 poscere

265 712 314 773 Da
335 714 516 790 magistrum
537 710 601 771 scil.
624 710 846 770 Tertullianum.
890 708 940 770 Hla
971 717 1069 780 autem
1091 708 1258 770 obscuritas
1283 707 1442 767 historiae
1463 729 1481 766 e

266 793 359 872 magis
381 793 512 854 miranda
535 803 589 866 est,
613 793 692 870 quod
704 792 913 865 Tertullianus,
935 799 968 852 ut
989 791 1092 852 scribit
1105 792 1321 870 Hieronymus,
1345 793 1486 868 maneat

265 877 391 938 madiam
412 884 537 938 aetatem
559 877 715 956 presbyter
737 875 878 938 ecclesiae
910 873 1097 952 (hirimanni
1133 893 1170 936 an
1204 893 1276 936 vero
1312 874 1485 934 Romaasel

265 961 415 1022 Romanae
435 967 584 1038 putamus,
607 969 639 1021 ut
662 960 760 1020 statim
782 959 916 1039 pluribus
938 957 1161 1036 illustrabimus)
1183 958 1368 1037 permensit,
1394 969 1484 1036 posta

197 1101 202 1112 ,
265 1063 335 1104 vero
357 1045 471 1105 invidia
493 1055 521 1106 et
544 1044 732 1106 contumeliis
756 1043 934 1104 clericorum
949 1041 1101 1104 Romanae
1123 1042 1262 1104 ecclesiae
1287 1041 1425 1110 (scilicet
1439 1043 1483 1101 im·

263 1128 374 1206 petitus
397 1134 484 1205 atque
511 1127 566 1188 ista
588 1127 710 1188 ecclesia
733 1126 886 1205 expulsus)
915 1124 952 1185 ad
973 1124 1102 1186 Montani
1125 1126 1230 1202 dcgrna
1253 1125 1409 1204 delapsus
1433 1135 1482 1184 est·

264 1219 320 1272 etc.
369 1210 449 1270 Haec
476 1209 604 1270 narratio
632 1209 802 1288 Hieronymi
831 1208 924 1269 rideri
952 1208 1073 1270 omnino
1102 1216 1203 1286 potest
1236 1207 1406 1269 historiam
1439 1209 1481 1284 ipsi

264 1311 325 1354 non
347 1293 476 1372 ignotam
498 1293 658 1366 involvere,
682 1293 737 1353 etsi
759 1291 913 1352 verbosius
935 1299 1023 1370 atque
1044 1291 1207 1352 accuratius
1231 1309 1299 1352 eam
1314 1291 1480 1352 desmihan

264 1377 368 1437 noluit.
412 1375 476 1436 Nisi
504 1377 622 1454 quidem
649 1385 804 1454 putemus,
839 1375 906 1436 talia
933 1375 1144 1454 Hieronymum
1171 1375 1270 1452 ipsum
1308 1375 1479 1436 coniecturi-

263 1460 413 1538 reperisso
436 1478 471 1520 ex
490 1459 580 1520 uariis
601 1461 707 1520 horum
731 1459 909 1538 scriptorum
930 1458 1015 1524 loeis,
1038 1467 1070 1519 ut
1091 1478 1107 1519 e
1130 1458 1203 1518 libro
1216 1467 1324 1518 contm
1349 1459 1474 1518 Praxeas

263 1543 300 1604 ab
321 1543 422 1618 initio;
459 1562 475 1602 e
497 1543 602 1620 quihus
625 1543 779 1602 sententiis
799 1541 892 1602 videri
913 1543 1026 1620 possit,
1050 1542 1129 1619 quod
1151 1541 1479 1616 TertullianusRomss

263 1626 378 1705 etipse
400 1633 462 1688 tum
484 1625 581 1688 fuerit.
604 1643 669 1686 cum
691 1626 817 1686 Praxeas
840 1624 964 1686 Romam
986 1644 1022 1685 ex
1040 1625 1109 1686 hsia
1129 1625 1251 1685 venians
1274 1625 1314 1686 tle
1339 1626 1478 1686 hiantem-

265 1709 321 1770 stis
345 1709 411 1770 talia
433 1709 574 1789 episcopo
596 1709 729 1770 Romano
752 1709 897 1780 narravit,
927 1717 959 1769 ut
980 1709 1028 1768 hic
1050 1709 1201 1780 statuerit,
1230 1727 1303 1769 esse
1326 1727 1347 1768 e
1375 1710 1477 1768 111111-

264 1811 367 1854 manae
390 1793 539 1854 societatis
562 1793 794 1863 ecclesiasticae,
828 1792 853 1852 si
877 1791 949 1851 nihil
971 1791 1137 1852 commercii
1160 1809 1252 1870 porro
1276 1811 1349 1852 curn
1377 1793 1476 1852 hinnu

263 1875 350 1937 nistis
373 1876 568 1937 continuetur.
613 1877 723 1936 Scribit
743 1882 822 1936 certe
844 1874 1078 1936 Tertullianus&
1101 1875 1283 1954 Episcopum
1306 1874 1477 1936 mem

264 1973 469 2038 opnoscenten
491 1963 551 2020 iarn
569 1960 746 2040 prophetias
770 1959 922 2028 Montani,
955 1958 1092 2029 Priscae,
1113 1958 1316 2028 'Macinsillaa
1342 1971 1376 2020 et
1399 1979 1437 2020 er.
1454 1979 1477 2018 a

262 2047 414 2121 opnitiane
434 2043 552 2121 pacem¹
575 2043 705 2104 ecclesiis
721 2045 809 2104 assae
832 2053 860 2103 et
881 2041 1029 2120 Phrppiae
1050 2043 1238 2120 inserentem,
1260 2043 1352 2119 [alsa
1370 2045 1407 2104 de
1420 2049 1476 2121 ipa's

259 2127 418 2204 prophetis
442 2138 470 2186 et
491 2127 622 2188 ecclen'n
645 2145 749 2188 earssrn
771 2127 973 2187 asseverando
997 2135 1026 2186 et
1044 2143 1276 2204 praecessorum
1300 2130 1371 2186 eius
1388 2139 1476 2186 aucte

263 2214 371 2270 ritates
394 2210 578 2288 defendendo
602 2213 697 2288 coipit
718 2221 745 2271 et
769 2209 888 2271 litteras
913 2213 998 2289 pacis
1022 2227 1166 2270 reuocare
1187 2213 1248 2269 iam
1269 2213 1404 2269 mansas
1426 2223 1475 2270 ets

262 2295 424 2370 proposito
458 2293 698 2370 recipiendorum
726 2293 940 2352 charismatum
968 2309 1153 2352 concessare.
1198 2291 1247 2352 lta
1276 2293 1342 2353 dua
1374 2299 1475 2370 amatis

264 2373 377 2436 diaboli
397 2373 532 2436 Promeae
555 2374 664 2436 Romae
682 2378 872 2455 procuravit,
892 2375 1083 2454 prophetiam
1106 2375 1224 2455 eapulit
1246 2375 1278 2448 (i.
1305 2395 1333 2434 a.
1360 2377 1473 2435 hlontm¹

264 2459 412 2528 fautores,
446 2457 494 2534 qui
522 2457 563 2518 ihi
591 2459 668 2537 apud
689 2458 860 2536 episcopum
889 2457 952 2518 illas
976 2457 1115 2518 ecclesias
1136 2457 1223 2518 Asiae
1245 2459 1471 2519 commendatur

266 2539 362 2610 ihant3
391 2559 466 2618 quos
488 2541 565 2602 iuter
586 2541 664 2602 haud
686 2541 774 2602 dubie
795 2541 843 2600 hic
865 2539 1063 2601 Tertullianus
1087 2540 1151 2618 ipse
1184 2540 1249 2615 luit)
1289 2553 1319 2602 et
1351 2543 1472 2602 haeresis

264 2623 369 2684 intulit
390 2624 460 2696 (iam
483 2623 680 2686 Tertullianus
700 2631 784 2702 putat
806 2624 966 2684 Romanam
990 2623 1141 2684 ecclesiam
1171 2623 1263 2701 ipsam
1294 2623 1327 2685 in
1351 2625 1472 2685 baensis

264 2705 421 2778 incidisse,
454 2708 552 2786 itaque
575 2707 611 2768 ah
633 2707 680 2768 illa
702 2707 767 2786 ipsc
790 2706 937 2782 secessit),
960 2706 1151 2768 Paracletum
1172 2709 1294 2786 [upaoit
1317 2718 1350 2768 et
1370 2723 1472 2788 potres

266 2791 428 2870 amicitiast.
471 2791 559 2852 audit
578 2790 742 2852 luculenter
764 2789 848 2868 paula
869 2797 953 2868 post:
977 2801 1005 2851 et
1026 2808 1082 2852 nos
1104 2792 1218 2870 puidam
1238 2801 1353 2868 postea
1376 2797 1471 2870 casine

263 2872 418 2936 Paracleti
430 2885 518 2955 otprsa
541 2875 674 2952 defensio
697 2875 845 2935 disinnait
864 2872 1059 2950 aPspchicis.
1090 2873 1154 2946 llic,
1176 2881 1209 2935 ut
1230 2874 1408 2950 opinamur,
1429 2892 1471 2934 noo

264 2956 390 3017 obscure
411 2957 520 3018 indicat
542 2956 755 3028 Tertullianus,
788 2955 866 3034 quod
895 2964 981 3016 antea
1010 2975 1075 3018 cum
1093 2957 1163 3017 istis
1185 2956 1332 3016 Romanis
1358 2959 1391 3018 in
1414 2975 1470 3017 aaa

263 3039 413 3101 iunctione
441 3039 637 3101 ecclesiastica
666 3041 786 3110 vixerit,
820 3057 895 3116 quos
918 3039 966 3098 hic
987 3039 1121 3100 nominat
1142 3039 1315 3118 Psychicos.
1363 3041 1471 3102 Existi

263 3122 352 3199 igitur
378 3124 444 3184 loco
473 3124 569 3202 potuit
595 3123 792 3201 Hieronymus
821 3121 856 3182 ad
886 3121 1027 3183 historiae
1049 3123 1143 3183 instar
1163 3122 1295 3200 reperire
1320 3128 1471 3184 incidiae

264 3207 448 3267 contumeliis
472 3205 652 3268 clericorum
672 3206 824 3267 Romanae
845 3204 985 3266 ecclesiae
1006 3207 1113 3266 lactum
1136 3225 1214 3278 esse,
1237 3213 1271 3265 ut
1282 3205 1470 3267 Tertullisnn

263 3289 299 3346 ad
322 3289 516 3350 Montanistas
538 3289 603 3367 ipse
626 3289 792 3360 transierim
827 3305 884 3347 nec
905 3287 982 3348 euim
1011 3288 1068 3349 ulla
1091 3289 1205 3366 species
1227 3288 1377 3350 historiae
1401 3309 1468 3350 aom-

263 3371 382 3431 ratioris
405 3372 482 3448 apud
503 3371 577 3431 alios
600 3373 762 3450 scriptores
784 3379 934 3449 superest,
964 3389 1039 3449 quac
1060 3371 1238 3450 persuadeat
1259 3372 1352 3432 nohis
1378 3375 1467 3434 Hiera·

262 3472 381 3532 nymum
404 3454 470 3514 talia
491 3454 606 3516 aliunde
627 3455 786 3533 accepisse.
829 3452 901 3514 illud
924 3454 1083 3532 erpellere,
1109 3455 1231 3534 supere,
1254 3455 1408 3531 significat
1426 3473 1466 3515 nor
1489 3471 1490 3486 ¹

262 3537 388 3598 obscure
412 3537 590 3600 contumelia
612 3539 748 3598 allectum
771 3536 864 3597 luisse
886 3537 1093 3607 ecclesiastico,
1117 3555 1171 3598 seu
1193 3538 1260 3598 loco
1276 3549 1368 3617 atque
1385 3541 1466 3600 antia

263 3637 363 3692 sacro,
395 3621 558 3700 presbyteri
587 3621 713 3688 scilicet,
747 3622 826 3681 hunc
852 3619 1029 3697 scriptorem
1051 3629 1164 3681 motum
1187 3631 1274 3698 atque
1297 3622 1466 3684 delectans

261 3705 402 3764 Romanis
425 3704 550 3776 clericis,
579 3703 623 3764 sic
643 3704 744 3765 mitius
766 3702 896 3782 loquitur
917 3702 1131 3782 Hieronymum
1167 3703 1203 3763 ab
1225 3705 1291 3784 ipso
1316 3707 1400 3767 enim
1420 3709 1465 3784 api·

263 3806 354 3866 scapo
381 3788 515 3848 Romano
546 3787 574 3846 11
604 3789 711 3848 lactum
744 3805 827 3858 esse,
861 3786 1032 3847 clericorum
1066 3786 1173 3847 studiis
1205 3787 1372 3864 improbis,
1406 3791 1465 3851 teat

260 3870 492 3950 inteligimusn
535 3870 625 3931 Forte
647 3871 723 3931 hanc
744 3888 862 3930 oausam
883 3877 988 3947 postea
1009 3869 1078 3931 licet
1099 3869 1268 3949 diligentius
1290 3881 1438 3934 excutere

296 4024 310 4070 i.
336 4021 463 4085 Nicephor.
489 4022 529 4070 lib.
550 4022 586 4082 lll,
605 4021 644 4072 di.
669 4021 779 4071 similiter
801 4021 845 4069 de·
897 4021 998 4084 defendit
1030 4025 1177 4072 auctoritates
1208 4037 1390 4086 praecessorem
1417 4029 1463 4072 ina

261 4089 358 4150 scribit;
383 4097 439 4137 sum
462 4103 489 4137 ox
509 4089 652 4151 Hieronymo
676 4089 795 4148 desumtn,
820 4093 846 4138 ut
896 4087 990 4136 Romani
1013 4091 1128 4154 episeopi,·
1153 4090 1168 4138 1.
1186 4103 1208 4138 e.
1226 4091 1292 4138 seria
1313 4091 1338 4138 11
1358 4093 1414 4152 agit,
1435 4105 1463 4137 an
1488 4109 1489 4146 ς

263 4157 335 4202 mrrlta
355 4155 416 4203 slis:
435 4147 536 4220 φθόνῳ
555 4149 601 4201 itai
612 4151 846 4220 προπηλακισμοῖς
896 4153 1056 4202 recedendum
1076 4169 1130 4204 esse
1148 4155 1178 4202 ah
1197 4155 1295 4208 illorum
1312 4159 1463 4220 episeopus*
1488 4149 1489 4212 J

263 4219 421 4282 Sophronias.
896 4219 1058 4270 Romanorum
1077 4223 1203 4276 sententis,
1222 4225 1262 4286 qni
1283 4223 1437 4274 llcntsnists«
1450 4237 1463 4268 n

897 4289 1090 4337 communionem
1109 4289 1227 4337 eccle-ine
1244 4303 1294 4340 uon
1310 4291 1454 4340 admiserant
1488 4297 1489 4340 l

929 4368 961 4402 m.
987 4355 1046 4414 Cam
1066 4355 1223 4418 Hieronymus
1247 4357 1323 4405 istum
1352 4359 1464 4417 moleges

294 4417 310 4466 l.
335 4419 425 4483 llcmpe
442 4423 510 4484 pscis
527 4423 619 4472 litteras
637 4422 667 4470 ah
685 4421 843 4484 illisepisco-
895 4421 1021 4482 scripserit
1032 4423 1195 4480 semanimem
1209 4423 1232 4470 in
1244 4423 1374 4474 Romanos
1384 4427 1463 4473 clarina
1488 4439 1489 4524 y

258 4485 297 4548 pis
315 4485 436 4546 Romanis,
460 4491 500 4551 qni
519 4495 709 4550 praecesserant,
736 4489 842 4536 nondum
894 4490 1038 4536 sententiam
1062 4490 1114 4538 sins
1131 4503 1200 4538 serae
1219 4489 1341 4538 hi=tarise
1361 4491 1415 4541 loce
1430 4494 1464 4554 ips
1488 4527 1489 4546 ,

259 4551 400 4602 hsbuersot.
435 4556 475 4604 Sic
493 4557 573 4604 statim
592 4557 714 4619 sequitur:
741 4556 842 4604 Praxeas
893 4554 1021 4616 scripsisse
1045 4555 1143 4616 ridetur,
1172 4563 1199 4604 ut
1219 4569 1247 4604 sa
1271 4556 1466 4608 ulcisceretorsl

296 4319 319 4366 h.
338 4319 425 4370 Contra
445 4323 511 4372 Pras.
532 4338 552 4372 c.
573 4323 595 4371 1.
