3078 5248
406 379 539 452 ancnoris
562 410 602 452 ro.
625 409 691 452 aue.
714 407 875 453 noussen.
1181 393 1242 456 543

26 561 134 631 batur,
163 559 246 620 cuius
274 558 382 638 scripta
410 567 542 620 accurata
569 559 694 620 lectione
721 577 927 638 persequerer.
985 557 1115 637 Namque
1143 559 1243 620 dubito

28 647 110 712 lere,
138 661 175 703 an
203 643 267 723 quis
297 643 327 702 in
354 642 525 722 antiquitate
550 645 687 704 universa
715 644 754 703 sit
781 661 901 715 eorum,
937 661 953 703 e
981 642 1086 722 quibus
1115 642 1247 705 doctrina

27 745 192 805 moresque
213 735 344 788 veterum
366 727 598 790 Christianorum
626 733 754 806 possuntt
781 727 916 806 intelligi,
946 727 996 806 qui
1024 745 1088 788 curn
1117 729 1243 790 maximo

27 811 149 891 ingenio
173 811 314 872 maiorem
342 811 525 874 coniunxerit
553 832 650 873 rernm
680 812 843 882 divinarum
868 814 1117 890 humanarumque
1144 812 1242 874 soien-
1301 841 1306 856 ·

27 899 134 968 tiam,
157 896 355 975 maioremque
377 896 659 959 incommentando
688 896 903 958 subtilitatem&
946 897 1003 958 Sed
1033 897 1098 957 eius
1126 895 1243 974 quidem

27 981 189 1060 scriptoris
225 998 313 1042 usum
353 980 382 1040 in
419 991 550 1062 veterum
587 981 818 1042 Christianorum
855 980 997 1043 institutis
1030 982 1243 1060 cognoscendis

27 1065 158 1126 maxime
180 1065 301 1145 impedit
322 1065 472 1138 dubitatio,
502 1066 578 1126 sitne
606 1066 671 1144 quis
700 1066 763 1126 eius
786 1066 859 1127 liber
881 1075 942 1126 tum
964 1067 1101 1145 scriptus,
1124 1085 1190 1128 cum
1212 1066 1244 1127 in

25 1150 277 1211 llontanistarum
298 1157 397 1228 partes
420 1149 615 1222 discessisset,
637 1150 683 1212 vel
704 1158 771 1211 ante
792 1151 866 1212 hano
887 1150 1079 1211 delectionem
1100 1150 1241 1229 spuriori

26 1232 188 1296 Ecclesia?
232 1234 315 1307 Quae
336 1234 455 1321 quidem
476 1235 609 1313 quaestio
639 1235 825 1296 vehementer
852 1234 980 1296 exercuit
1009 1235 1162 1296 doctorum
1185 1235 1242 1296 ho-

26 1321 147 1380 minum
175 1318 291 1398 ingenia
319 1319 468 1398 movitque
490 1337 541 1380 eos
564 1320 599 1380 ad
621 1319 850 1398 investigandam
870 1319 1014 1381 librorum
1030 1318 1093 1380 eius
1108 1327 1241 1392 aetatem,

26 1413 62 1463 nt
92 1403 269 1464 haberemus
298 1413 405 1464 certam
435 1403 510 1464 viam
539 1422 575 1464 ex
602 1403 781 1466 Tertulliano
810 1403 1005 1482 intelligendi,
1033 1404 1103 1483 quid
1129 1411 1244 1466 veteres

29 1488 193 1548 Christiani
222 1489 370 1566 senserint
396 1489 503 1568 quidue
525 1487 647 1550 minus?
690 1489 748 1550 Sed
777 1488 935 1550 dolendum
962 1496 1007 1550 est
1028 1507 1114 1561 sane,
1137 1489 1244 1550 horum

28 1572 119 1644 alios,
142 1590 255 1651 eosque
277 1573 546 1651 praestantissimos
575 1572 671 1647 viros,
699 1591 758 1636 non
787 1573 844 1634 nisi
865 1592 955 1634 unum
978 1573 1136 1634 alterumve
1158 1573 1242 1634 libel-

28 1657 94 1718 lum
117 1657 260 1718 sumsisse
282 1657 349 1730 sibi,
370 1657 444 1717 alios
466 1657 567 1718 leviter
590 1675 665 1736 opus
688 1665 857 1736 susceptum
879 1665 1037 1730 tractasse,
1060 1657 1134 1718 alios
1156 1677 1244 1737 prae·

30 1741 168 1802 iudicatis
191 1741 380 1820 opinionibus
402 1761 419 1802 a
439 1761 510 1802 vero
532 1741 680 1816 aberasse,
703 1760 777 1821 quae
799 1741 886 1804 credo
909 1750 1121 1804 consecuturos
1144 1743 1244 1815 luisse,

33 1826 61 1884 si
85 1826 192 1886 nudam
215 1827 364 1886 veritatem
387 1825 664 1906 nudi-expeditique
691 1827 815 1888 luissent
843 1828 944 1888 secuti.
989 1826 1088 1906 Quare
1111 1845 1176 1888 cum
1197 1826 1244 1887 le'-

34 1910 148 1987 gissem
171 1910 256 1971 istius
279 1910 432 1990 scriptoris
453 1910 545 1972 libros
583 1919 669 1989 atque
695 1911 868 1990 relegissem
902 1922 931 1973 et
953 1911 1149 1983 observarem,
1178 1929 1246 1972 esse

33 1994 133 2054 adhue
152 1995 184 2054 in
205 1995 251 2066 iis,
274 2013 357 2077 quae,
384 1994 419 2055 ad
441 1994 585 2058 librorum
612 2003 736 2057 aetatem
759 1996 970 2075 scriptorisque
992 1996 1153 2057 doctrinam
1174 1993 1245 2074 pbr-

35 2079 175 2151 tinentia‚
213 2078 354 2158 disputari
387 2077 495 2152 utiliter
517 2089 659 2158 possent,
691 2080 728 2141 ab
755 2080 820 2142 aliis
846 2099 906 2141 non
935 2088 1177 2152 commemorata,
1214 2099 1249 2142 ae

32 2163 243 2242 plerorumque
269 2163 412 2224 librorum
440 2171 563 2226 aetatem
593 2165 755 2225 accuratius
782 2183 873 2245 posse
903 2165 1058 2225 constitui:
1092 2165 1248 2248 eonsilium

34 2248 116 2326 cepi,
145 2247 290 2308 benevolo
319 2249 473 2310 doctorum
494 2249 625 2310 virorum
646 2249 753 2310 iudicio
782 2248 956 2310 subiiciendi
984 2267 1032 2322 ea,
1055 2269 1128 2328 quae
1151 2259 1248 2310 sumta

34 2351 69 2392 ex
92 2332 175 2394 libris
198 2332 370 2394 Tertulliani
395 2333 478 2412 ipsis,
507 2353 573 2394 cum
594 2335 769 2412 scriptorum
792 2343 923 2396 veterum
944 2334 1027 2395 libris
1049 2334 1171 2413 aliisque
1193 2354 1246 2395 an-

36 2416 202 2494 tiquitatum
225 2417 424 2478 monumentis
447 2416 565 2491 collata,
594 2419 629 2478 ad
658 2419 914 2480 demonstrandam
943 2438 1007 2481 eam
1033 2420 1129 2480 lacere
1158 2437 1248 2497 posse

35 2501 218 2562 videbantur.
248 2502 343 2574 Quam
361 2502 479 2580 quidem
494 2503 721 2581 disputationem
737 2503 777 2563 ita
791 2503 990 2576 instituemus,
1013 2512 1054 2575 ut,
1075 2501 1248 2581 praemissis

36 2586 229 2663 quibusdam,
258 2604 332 2664 quae
359 2589 494 2648 universe
523 2587 645 2647 dicenda
673 2595 757 2659 sunt,
792 2589 919 2666 primunt
954 2596 1185 2648 commentemur
1213 2587 1249 2647 de

36 2670 122 2730 libris
145 2669 197 2744 iis,
226 2689 351 2750 quorum
379 2679 407 2732 et
434 2679 513 2732 aetas
541 2677 654 2731 constat
681 2681 710 2732 et
738 2671 891 2750 scriptoris
919 2670 1067 2744 doctrina3
1090 2671 1195 2731 deinde
1217 2671 1248 2730 in

35 2775 89 2814 eos
129 2755 321 2834 inquiramus,
355 2756 404 2834 qui
437 2755 554 2834 quidem
585 2773 647 2815 uon
678 2755 786 2816 habent
813 2763 907 2816 certas
935 2754 1036 2816 aetatis
1065 2765 1160 2826 notas,
1195 2753 1247 2815 sed
1290 2783 1295 2801 ι

34 2840 225 2900 llontanisnri
254 2848 350 2900 tamen
378 2839 510 2900 convinci
539 2847 665 2917 possunt
693 2839 739 2899 vel
766 2838 801 2900 ab
831 2839 886 2900 ista
921 2839 1088 2916 suspicione
1114 2836 1248 2908 liberari;

36 2925 163 3004 denique
186 2943 250 2996 eos
274 2943 399 3002 quorum
422 2932 501 2984 aetas
524 2942 583 2983 non
611 2922 753 2984 maiorem
783 2923 870 2984 habet
898 2923 1057 2984 claritatem
1084 2941 1170 3002 quarn
1201 2922 1248 2982 in-

38 3008 122 3068 doles
145 3009 305 3080 doctriuae,
328 3007 449 3070 candide
472 3007 681 3086 diligenterque
708 3007 898 3068 excutiamus.

603 3179 632 3253 §-
655 3175 691 3236 n.

125 3293 202 3353 llaec
223 3313 292 3354 vero
316 3293 472 3372 disputatio
494 3295 630 3354 universa
652 3303 684 3355 ut
706 3301 863 3373 occupatur
885 3293 997 3355 duabus
1025 3294 1130 3367 rebuS‚
1158 3303 1251 3356 aetate

37 3376 182 3438 librorum
199 3397 232 3439 ac
249 3379 464 3440 llontanismo:
487 3379 529 3440 sic
551 3379 694 3459 duplicem
716 3379 804 3440 habet
824 3378 1019 3440 difficultatem
1041 3397 1101 3440 non
1124 3397 1252 3459 parvam,
1282 3451 1286 3468 ἱ

37 3471 212 3542 propterea,
250 3463 328 3542 quod
362 3482 416 3525 nec
446 3464 540 3525 ubivis
573 3465 722 3525 doctrinae
749 3463 856 3524 modus
886 3473 963 3525 certa
991 3465 1115 3543 quadam
1147 3464 1192 3525 via
1215 3466 1254 3530 fac

38 3548 152 3608 ratione
181 3548 306 3627 reperiri
333 3557 434 3628 potest
466 3568 521 3609 nec
549 3557 618 3610 sunt
645 3549 753 3628 ubique
788 3549 890 3610 aetatis
925 3549 1066 3610 librorum
1090 3549 1253 3610 certissima

38 3631 156 3693 indicia.
193 3632 267 3692 Nam
289 3633 315 3693 si
338 3633 502 3712 disputatur
524 3634 560 3694 de
583 3653 628 3704 eo,
651 3643 749 3695 utrum
771 3633 810 3694 sit
831 3634 935 3712 aliquis
952 3633 1122 3695 Tertulliani
1137 3633 1251 3706 libellus

37 3726 104 3777 ante
128 3717 268 3798 scriptus
291 3736 377 3796 quam
400 3717 538 3778 deiecerit
559 3718 595 3778 ad
616 3719 856 3780 llontanistarum
878 3717 1030 3791 familiam,
1064 3727 1113 3778 aut
1140 3725 1252 3794 postea,

40 3819 74 3859 ea
96 3821 145 3861 res
168 3801 284 3862 duobus
306 3802 403 3864 modis
426 3800 610 3880 intelligitur:
638 3803 683 3862 vel
711 3821 745 3862 ex
773 3803 836 3881 ipsa
858 3801 923 3862 libri
945 3809 1053 3872 aetate,
1082 3801 1126 3860 vel
1150 3819 1184 3859 ex
1207 3800 1254 3871 iis,

41 3903 116 3960 quae
138 3885 170 3945 in
192 3887 295 3963 quovis
317 3885 393 3947 libro
422 3887 624 3956 continentur,
648 3885 890 3947 llontanistarum
921 3886 1074 3946 doctrinis.
1118 3885 1175 3944 Sed
1199 3883 1255 3944 ista

22 4043 23 4046 Ἴ
41 3969 180 4046 superior
200 3971 274 4030 ratio
298 3971 441 4050 triplicem
463 3971 550 4031 babet
572 3969 793 4030 dubitationem.
822 3970 894 4031 Nam
914 3971 1019 4031 horum
1042 3968 1184 4029 librorum
1207 3967 1254 4028 alii

43 4059 101 4112 tarn
124 4071 186 4112 non
208 4055 367 4116 ostendunt
388 4055 530 4134 quaedam
552 4054 639 4116 buius
668 4055 711 4124 rei
733 4055 868 4132 vestigia,
892 4063 922 4115 ut
943 4063 1024 4114 aetas
1047 4071 1147 4112 eorum
1169 4053 1255 4130 plane

44 4135 82 4197 sit
104 4138 301 4216 desperanda3
328 4140 376 4201 elii
405 4139 445 4200 nil
467 4140 554 4201 nobis
577 4139 759 4218 relinquunt,
781 4139 840 4199 nisi
860 4147 893 4200 ut
914 4137 1125 4199 descendamus
1148 4137 1183 4196 ad
1204 4155 1254 4197 ra-

75 4305 96 4338 a.
115 4291 151 4340 Ne
169 4291 226 4355 quid
244 4293 305 4342 lorte
323 4293 444 4342 videamur
456 4292 552 4342 dedisse
567 4307 623 4356 por·
675 4305 725 4340 rem
745 4291 774 4340 ad
792 4291 933 4341 miraculum
950 4289 1077 4348 eruditum,
1096 4296 1198 4349 acutum,
1217 4289 1254 4339 di-

42 4355 99 4406 tium
125 4359 220 4417 studio,
251 4361 320 4409 unius
348 4360 381 4408 lo.
400 4359 490 4408 llallaei
516 4361 624 4409 testimo·
676 4359 796 4420 ligantem,
815 4361 948 4421 copiosum,
963 4365 1047 4406 testem
1061 4358 1161 4420 denique
1174 4371 1253 4406 rerum

42 4426 106 4474 nium
140 4427 280 4486 adiicimns,
306 4428 377 4491 qood,
404 4436 505 4491 propter
529 4429 625 4476 nimiam
676 4427 712 4475 sni
732 4426 779 4474 aevi
793 4425 1014 4475 Ecclesiastlcarum
1028 4425 1254 4488 locupletissimum,

43 4491 112 4542 lrrritrs
130 4496 173 4543 riri
194 4496 215 4544 in
228 4496 340 4544 doctores
352 4496 493 4558 antiquioris
504 4496 625 4545 Ecclesiae
676 4495 715 4552 (de
735 4495 842 4542 Collibus
867 4494 993 4556 Religiosis
1014 4494 1151 4542 latinorum
1176 4492 1216 4542 lib.
1235 4490 1253 4542 l.

44 4563 211 4619 acerbitatem,
237 4565 275 4612 hic
299 4579 346 4612 non
364 4571 444 4626 potest
467 4578 520 4612 esso
538 4579 625 4627 suspe-
677 4577 729 4625 cap.
749 4561 787 4610 tt.
806 4575 859 4624 pag.
879 4560 920 4612 50.
1003 4577 1010 4588 ·

45 4633 118 4679 cturn.
142 4631 165 4679 le
182 4645 238 4681 vero
254 4631 425 4681 Tertullianum
444 4638 511 4680 vocat
522 4632 626 4694 scripto·
652 4637 654 4642 '
