3132 5238
237 355 279 418 at
459 369 650 414 ursssnrsrro
673 371 711 414 ns
733 370 928 414 sansucium
951 370 1016 414 urs
1037 369 1075 414 sr
1097 370 1227 414 scurrus

236 523 400 605 presbyter,
421 521 600 601 loqueretur,
622 521 778 600 flagitabat.
800 521 921 584 Fuirtffi
933 519 1087 583 consilium
1102 519 1267 600 digamiam,
1288 537 1362 600 qaas
1376 523 1460 600 apud

238 608 429 671 orthodoxos
457 605 583 686 legitima
600 606 664 678 luit,
686 606 827 668 conviciis
849 605 1067 685 proscindendi.
1110 605 1182 667 Idam
1204 605 1262 668 hoc
1281 615 1459 684 argumento

237 691 376 773 explodit,
398 691 475 770 quod
488 690 513 752 si
525 690 590 769 qrais
602 691 734 770 digamus
752 692 812 765 liat,
825 691 883 752 iam
898 690 1016 770 inaptus
1033 698 1074 752 srt
1086 691 1123 752 ad
1138 689 1318 752 sacerdotale
1332 709 1458 768 munus,

237 778 321 840 ouius
345 789 441 840 tamen
467 775 558 838 lucus
580 775 611 836 in
633 776 819 838 necessitatis
834 793 905 838 casu
920 775 966 837 ius
982 775 1084 836 habet:
1106 776 1326 856 Differentiam,
1349 776 1459 856 inquit,

236 868 319 926 iuter
340 863 476 924 ordimem
497 873 526 923 st
543 860 660 941 plebeus
681 865 840 924 coustituit
853 860 1003 922 Ecclesiae
1025 864 1205 930 auctoritas,
1228 871 1257 923 et
1279 860 1378 924 locor
1395 881 1460 942 per

238 949 355 1012 ordinis
378 964 551 1008 comessum
571 945 794 1026 santificatus:
815 947 880 1008 idsa
901 947 956 1008 uli
975 945 1171 1008 ecclesiastici
1191 946 1308 1007 ardicis
1330 957 1460 1009 asuest

238 1049 405 1102 consessus,
428 1039 459 1093 et
479 1031 582 1112 offers,
604 1040 633 1093 et
655 1034 775 1109 tiupuic
798 1043 827 1092 st
848 1031 991 1092 sacerdos
1013 1049 1044 1092 es
1068 1031 1123 1092 tili
1134 1029 1229 1092 solus.
1265 1029 1356 1092 Viden
1371 1039 1405 1092 ut
1420 1047 1459 1093 so

235 1116 366 1189 alaicis,
388 1115 494 1194 quibus
516 1113 608 1176 semel
629 1123 724 1188 antea,
746 1114 777 1176 id
798 1114 937 1176 nimirum
959 1113 1051 1176 voluit
1080 1121 1282 1193 argumentum
1297 1115 1375 1194 quod
1390 1125 1461 1176 erat

234 1220 306 1283 prae
327 1199 472 1274 manibus,
495 1209 765 1274 consummaverat,
786 1199 991 1262 discrirmmre
1013 1209 1111 1272 curet;
1133 1199 1212 1277 quod
1234 1205 1264 1260 et
1277 1199 1308 1260 in
1322 1219 1457 1279 repren-

234 1287 314 1350 tihus
337 1286 493 1346 observare
515 1293 570 1346 est

318 1370 411 1449 Atque
438 1369 572 1448 equidem
600 1387 633 1430 ea
660 1368 749 1431 habet
763 1367 831 1430 libri
852 1368 889 1430 de
909 1368 1014 1430 Anima
1035 1387 1098 1447 cap.
1120 1370 1161 1442 9.,
1184 1387 1220 1429 ex
1241 1368 1348 1447 quihus
1369 1369 1458 1432 illum

234 1465 315 1518 extra
336 1455 479 1518 laicorum
501 1462 617 1532 gentem
639 1453 748 1516 vixisse
769 1453 885 1514 videtin.
904 1471 992 1532 posse
1015 1453 1164 1514 concludi:
1207 1452 1263 1515 Est
1286 1454 1379 1524 lodis,
1402 1455 1456 1516 in-

234 1541 306 1620 quit,
329 1558 423 1602 soror
443 1541 525 1618 apud
534 1556 591 1601 uos
607 1538 827 1601 revelationum
841 1542 1025 1602 ctarismata
1040 1543 1159 1610 sortita,
1182 1557 1257 1620 quas
1271 1542 1304 1600 iu
1318 1538 1457 1602 Ecclesia

235 1631 316 1688 mter
337 1626 484 1686 duumuiro
505 1623 651 1686 solemnia
668 1641 728 1703 per
743 1628 871 1684 ecstasin
886 1626 997 1702 spiritu
1011 1626 1147 1702 potitum
1168 1634 1371 1685 cousecratur
1385 1643 1456 1686 cum

235 1709 365 1790 sepelis,
394 1707 555 1788 aliquando
579 1711 668 1770 stiam
689 1727 755 1770 cum
777 1707 921 1778 Damius,
944 1720 972 1770 st
994 1708 1074 1770 uidet
1095 1718 1124 1769 st
1144 1708 1230 1771 audit
1252 1721 1451 1780 sacramenta,

234 1805 265 1857 st
286 1793 476 1875 quorundam
498 1792 591 1853 corda
613 1793 768 1870 dipuossit,
795 1804 824 1854 st
844 1793 1005 1854 medicinas
1028 1793 1269 1854 desiderantibus
1291 1793 1449 1856 ammissa.

234 1877 300 1940 lam
321 1895 393 1939 aero
406 1887 502 1958 prout
517 1879 688 1957 scripturae
704 1875 856 1954 leuaretur,
878 1887 932 1938 aut
943 1877 1058 1957 psalmi
1071 1887 1234 1952 assuatur,
1257 1887 1312 1939 aut
1326 1877 1455 1940 adlocu-

234 1968 330 2026 tr'aues
343 1963 562 2042 proferuntur,
586 1972 639 2022 aut
650 1964 812 2041 petitiones
828 1959 1006 2039 delipastur,
1022 1965 1066 2025 ita
1080 1963 1149 2022 iruls
1163 1965 1308 2024 maserias
1322 1967 1456 2024 os'sioai-

235 2049 288 2112 lus
317 2047 599 2110 subministrantur.
643 2045 735 2108 Forte
766 2049 865 2108 uescio
895 2046 967 2125 quid
999 2047 1033 2108 ds
1065 2050 1167 2108 auimo
1198 2047 1451 2119 disserueramus,

234 2151 301 2196 sum
322 2151 357 2193 ea
378 2149 470 2194 soror
492 2135 524 2191 iu
545 2133 658 2209 spiritu
679 2141 768 2192 esset.
791 2128 865 2193 Post
887 2142 1043 2193 trausacto
1057 2130 1203 2192 solemnia
1218 2131 1338 2192 dimissa
1350 2131 1450 2210 pleds,

233 2235 291 2299 quo
312 2235 372 2278 usu
393 2215 470 2278 salet
490 2216 576 2276 sodis
599 2219 776 2286 rmuetiars
790 2233 865 2295 quas
880 2216 992 2276 uiderit
1015 2213 1100 2294 (uam
1114 2227 1144 2278 st
1159 2213 1385 2294 dilipemissesrs
1400 2215 1453 2286 di-¹

231 2311 392 2382 peroratur,
415 2303 561 2366 uterium
579 2297 777 2379 protester),
801 2298 888 2361 luter
911 2311 1025 2372 cetera,
1050 2303 1157 2381 iacuit,
1181 2313 1302 2364 osteuso
1317 2301 1455 2364 estmilri

232 2391 333 2450 saeuo
344 2383 559 2465 corporaliter,
575 2394 603 2445 st
617 2387 746 2464 spiritus
762 2385 929 2455 uidebatur,
949 2385 1001 2446 ssd
1015 2402 1078 2446 eoa
1091 2389 1192 2446 ianuis
1208 2395 1236 2446 ct
1250 2403 1362 2447 uacuae
1373 2404 1455 2466 pua-

232 2471 337 2543 litatis,
360 2475 448 2531 imma
471 2487 545 2549 quae
567 2473 655 2530 stiam
669 2472 768 2530 teucri
780 2472 1015 2550 repromitteret,
1039 2480 1144 2531 tsasra
1165 2479 1193 2530 st
1211 2468 1310 2532 lucida
1324 2479 1353 2531 et
1367 2476 1456 2534 atrei

123 2614 125 2623 .
234 2555 359 2627 coloris,
391 2566 419 2617 et
445 2555 548 2633 sorana
573 2571 632 2633 per
654 2558 754 2616 amaia
777 2553 916 2616 dumosa.
960 2553 1025 2616 Hoc
1046 2557 1132 2624 visio,
1155 2565 1184 2616 st
1206 2553 1287 2616 licus
1310 2558 1396 2619 serus
1422 2565 1453 2618 et

231 2639 388 2721 apostolus
411 2639 625 2700 charismatum
646 2643 677 2699 ia
692 2637 825 2700 Ecclesia
839 2639 1020 2718 futurorum
1033 2640 1159 2701 idomas
1174 2656 1322 2719 sponsor:
1346 2650 1381 2700 tu
1395 2659 1454 2702 uec

231 2730 330 2788 sires
351 2728 421 2804 ipsa
442 2724 477 2785 ds
499 2723 626 2800 sistartiis
646 2727 850 2803 persuaserit,
875 2721 1006 2784 credas?
1049 2722 1084 2784 Sr'
1103 2727 1182 2784 euim
1204 2741 1315 2803 corpus
1337 2728 1452 2801 curma,

156 2825 158 2832 ’
232 2815 296 2872 sisse
319 2810 406 2872 dudio
428 2812 509 2870 iuter
530 2807 586 2870 illa
607 2826 681 2890 price
704 2825 801 2888 supra
823 2825 927 2870 sumus
942 2809 1087 2888 professi.
1117 2807 1290 2887 Quanquam
1305 2808 1395 2882 enim,
1419 2820 1456 2872 ut

230 2893 462 2965 inclementis,
491 2892 629 2971 origenis
656 2901 687 2954 et
712 2891 838 2954 aliorum
865 2892 1005 2971 exemplis
1037 2891 1252 2971 perecutores
1275 2911 1363 2972 saepe
1385 2904 1453 2956 tum

153 2977 156 2984 '
230 2980 372 3059 temporis
401 2995 589 3050 concessum,
623 2985 656 3040 ut
683 2977 720 3038 ad
746 2977 863 3057 plebem
892 2988 962 3056 post
986 2977 1149 3056 scripturae
1170 2995 1270 3040 sacrae
1291 2977 1452 3040 lectionem

229 3065 317 3126 verba
337 3065 482 3136 lacerent,
511 3071 609 3124 tamen
631 3063 745 3124 ridetur
766 3062 963 3124 Tertullianus
984 3081 1017 3123 se
1038 3061 1115 3123 inter
1136 3056 1213 3137 τοὺς
1234 3057 1451 3143 προεστῶτας

229 3148 347 3210 stetisse
375 3147 446 3208 satis
468 3146 613 3220 indicare,
643 3146 711 3208 dum
733 3165 795 3206 non
816 3147 904 3208 modo
926 3165 959 3208 sc
981 3147 1018 3208 ad
1039 3145 1180 3224 populum
1201 3165 1369 3208 sermonem
1389 3147 1449 3208 lra-

228 3231 329 3292 buisse
350 3232 449 3302 retest,
477 3228 530 3290 sed
550 3238 620 3309 post
639 3237 785 3292 transacta
806 3230 949 3291 solemnia
972 3238 1001 3292 et
1026 3230 1178 3292 dimissam
1204 3231 1320 3310 plebem
1341 3251 1376 3294 ex
1390 3250 1453 3296 usu

228 3315 321 3377 luisse
349 3315 450 3387 docet,
477 3321 510 3374 ut
536 3313 593 3374 sibi
616 3333 650 3374 ea
671 3315 857 3376 renunciaret
877 3315 950 3376 haec
969 3307 1174 3395 prophetissa,
1203 3335 1278 3396 quae
1300 3317 1454 3381 conscribi

228 3399 380 3480 probanda
401 3406 504 3478 postea
526 3405 555 3459 et
576 3399 612 3459 ad
633 3398 772 3459 trutinam
795 3399 959 3461 revocanda
982 3399 1108 3461 curabat

312 3483 366 3546 His
387 3483 498 3544 accedit
519 3483 720 3545 testimonium
741 3483 922 3563 Hieronymi,
954 3485 1004 3563 qui
1025 3484 1102 3548 dare
1124 3485 1334 3548 Tertullianum
1356 3503 1453 3565 pres-

227 3569 361 3649 bytemm
392 3568 484 3630 luisse
503 3567 689 3646 pronuntiat,
712 3569 796 3630 cuius
819 3569 990 3632 aumoritate
1011 3569 1243 3632 motillommse
1257 3572 1453 3636 communio-

227 3655 274 3800 r÷is
288 3651 535 3802 fflpwm⁵{³m
557 3652 685 3800 mistiam?l
699 3653 847 3727 dubitant,
875 3653 946 3733 quin
968 3655 1045 3718 inter
1066 3673 1167 3716 sacrae
1188 3655 1283 3734 gentis
1305 3655 1453 3721 homines

253 3759 287 3802 or
341 3757 426 3801 ianus
448 3756 474 3798 si
508 3755 614 3816 compo
646 3755 731 3800 nus.

310 3825 419 3887 Verum
439 3823 509 3902 quia
529 3822 728 3902 maximopere
749 3831 866 3886 caumm
886 3823 990 3886 solunt
1016 3823 1177 3898 Pandusa,
1205 3842 1242 3886 ne
1270 3833 1371 3888 conus
1392 3845 1453 3888 re·-

226 3917 340 3989 ceptam
367 3909 445 3989 apud
466 3927 538 3972 suae
559 3908 775 3970 communionis
796 3907 932 3970 homines
952 3908 1047 3989 legem
1069 3927 1103 3970 ao
1122 3908 1325 3988 disciplinam,
1356 3896 1453 3988 qdem

225 3993 427 4074 presbyterum
448 3994 540 4056 luisse
561 3991 700 4072 colligsmt
720 3992 795 4072 ipsi,
817 4011 853 4054 er
874 3993 989 4056 laudato
1011 3993 1078 4054 libri
1100 3994 1136 4054 de
1157 3993 1261 4056 Anima
1283 4012 1345 4074 cap.
1360 3997 1390 4058 9.
1415 4005 1453 4060 es

226 4096 262 4138 ex
284 4077 453 4157 Hieronymi
474 4097 509 4140 ao
529 4077 654 4140 aliorum
674 4077 860 4151 testimonio,
883 4077 1010 4140 eundem
1032 4078 1170 4140 maritum
1191 4079 1284 4142 inisse
1305 4079 1337 4142 in
1357 4098 1451 4144 sacro

226 4161 330 4222 ordine
352 4162 399 4224 sui
421 4164 624 4242 suspicentur,
645 4161 715 4224 irinc
725 4159 1094 4224 Pamelius'l'orurllianum
1117 4163 1288 4242 priusquam
1304 4165 1341 4226 ad
1354 4165 1451 4229 fidem

225 4246 365 4318 venisset,
387 4246 446 4306 iam
468 4248 586 4325 quidem
608 4247 698 4310 luisse
721 4248 890 4327 coniugem,
919 4253 949 4308 at
970 4247 1078 4308 Severo
1107 4258 1137 4309 et
1158 4248 1309 4312 Victorino
1331 4267 1450 4313 consu-

225 4331 320 4405 libus,
339 4331 368 4392 id
391 4337 437 4392 cst
458 4349 535 4392 anno
557 4333 674 4394 [lamini
697 4331 763 4406 GC,
786 4351 844 4412 quo
867 4331 946 4392 illum
969 4331 1029 4393 vult
1049 4332 1255 4412 presbyterum
1277 4333 1313 4396 ab
1333 4335 1451 4414 Agrip-

224 4416 295 4496 pino
312 4415 494 4495 Carthaginis
517 4417 658 4496 episcopo
680 4419 772 4480 inisse
794 4419 911 4483 lactum,
934 4433 951 4476 a
973 4416 1101 4494 coniugii
1125 4435 1181 4479 usn
1203 4419 1385 4482 continuisse
1407 4439 1451 4486 ex

225 4501 358 4580 coniugis
380 4517 536 4569 consensu,
558 4501 646 4580 idque
668 4521 702 4565 ex
725 4503 845 4564 Latinae
860 4499 1006 4562 Ecclesiae
1020 4500 1146 4580 legibus,
1168 4521 1241 4580 quas
1258 4512 1319 4566 tum
1334 4523 1370 4566 ex
1385 4505 1450 4570 fide

224 4587 324 4650 nescio
347 4593 419 4667 quot
439 4583 638 4648 subiectorum
660 4596 918 4650 monumentorum
939 4596 1071 4665 receptas
1093 4587 1186 4648 luisse
1206 4590 1387 4667 pronuntiat
