3082 5238
449 419 584 465 lucrose
607 419 648 464 ro.
670 419 737 464 suc.
760 411 923 465 adessem.
1229 405 1294 472 565

65 570 164 632 altero
191 569 268 650 pede
288 569 468 650 ungrrlatam,
498 571 593 632 addita
616 569 826 650 inscriptione:
860 589 934 632 naus
957 522 1192 635 cuursrnsbamr
1215 590 1294 636 ono-

70 673 207 717 cnoeras
229 655 429 734 proposuerit.
456 655 537 716 ldern
559 673 659 736 nuper
681 658 788 716 iactum
811 674 878 717 esse
898 657 990 718 refert
1010 657 1041 718 in
1062 657 1162 736 priore
1183 659 1220 719 ad
1234 659 1294 720 Na-

68 741 171 801 tiones
200 739 275 800 libro
304 744 341 815 (c.
368 744 416 804 14.
439 759 468 819 p.
493 740 610 816 590.);
641 740 719 819 quod
748 747 922 819 argomento
950 758 1020 801 esse
1046 748 1156 819 potest,
1189 743 1296 806 eodem

66 825 134 886 iere
161 831 296 904 tempore
325 841 392 885 oum
412 823 604 904 Apologetico
633 831 790 902 utmmque
817 825 854 886 ad
876 823 1017 886 Nationes
1046 825 1155 886 librum
1184 826 1296 890 ediuam
1393 827 1398 848 ’

67 909 176 982 luisse,
199 917 286 988 atque
308 909 358 981 ita,
382 908 412 969 ui
434 908 529 981 lallor,
553 917 585 970 ut
605 917 675 988 post
696 927 764 970 eum
787 907 816 968 hi
838 907 933 971 lucem
953 909 1091 970 viderint.
1134 910 1297 990 Utrumque

67 994 208 1071 inquam3
236 992 326 1054 verba
354 991 443 1066 enim,
472 993 579 1071 quibus
601 993 709 1054 librum
731 993 930 1072 posteriorem
953 993 1077 1067 orditur,
1106 994 1206 1055 stalllu
1228 1013 1297 1058 eum

68 1065 167 1156 priori
196 1077 360 1138 subiectum
389 1077 560 1138 ostendunt.
604 1076 679 1138 Post
698 1077 938 1157 Apologetr'oum;
969 1086 1031 1138 tum
1059 1079 1197 1157 quoniam
1224 1079 1297 1140 illud

62 1165 213 1241 proxime
246 1161 361 1222 videtur
394 1159 514 1222 brevius
542 1161 684 1240 temporis
714 1161 841 1240 spatium
869 1162 1043 1240 designare,
1072 1180 1160 1241 quam
1186 1182 1295 1243 nuper,

70 1255 147 1318 tum,
181 1246 320 1324 quoniam
352 1245 540 1308 verisimilius
572 1253 627 1316 est,
661 1246 688 1306 si
720 1247 786 1325 quis
815 1247 902 1320 dicat,
933 1246 1146 1308 Terbdliauurn
1168 1248 1297 1328 priunum

66 1329 229 1408 praesides
263 1329 471 1408 compellasse,
512 1329 638 1408 quorum
672 1332 831 1392 auctoritas
864 1331 959 1392 maior
991 1338 1088 1404 esset,
1122 1332 1296 1411 animusque

71 1413 265 1488 tractabilior,
289 1432 376 1492 quam
398 1414 510 1493 populi.
539 1415 634 1494 Atque
657 1422 726 1476 sunt
746 1423 865 1495 praeter
887 1415 960 1477 baec
980 1433 1049 1476 non·
1062 1434 1164 1494 pauca,
1188 1416 1296 1496 quibus

70 1517 178 1558 eorum
204 1505 285 1560 aetas
313 1498 406 1559 multo
433 1499 571 1577 superior
598 1498 693 1560 edicto
722 1499 823 1562 Severi
851 1499 973 1578 intelligi
1001 1499 1114 1577 possit;
1140 1519 1159 1562 a
1188 1499 1296 1579 quibus

71 1581 283 1644 enumerandis
315 1601 365 1644 me
386 1601 465 1644 nunc
486 1583 602 1662 quidem
625 1583 772 1657 contineo,
795 1585 847 1646 sed
869 1592 938 1644 utor
958 1592 1056 1646 tamen
1078 1585 1113 1644 ad
1136 1585 1212 1646 hanc
1232 1601 1297 1646 rem

71 1667 190 1728 duobus
218 1668 410 1746 argumentis.
455 1667 550 1730 Unum
574 1676 630 1740 est,
660 1669 739 1746 quod
761 1669 811 1730 isti
833 1667 901 1728 libri
923 1667 984 1729 sint
1003 1668 1115 1747 populo
1138 1668 1295 1747 inprimis

71 1749 232 1824 destinati3
254 1751 389 1823 alterum,
411 1752 490 1829 quod
512 1752 664 1814 victoriam
686 1771 702 1812 a
723 1752 814 1832 Nigro
829 1751 1044 1832 atqueatoue
1065 1759 1214 1832 tamquam
1235 1770 1298 1814 non

70 1835 114 1894 ita
141 1835 234 1896 multo
262 1842 330 1896 aute
357 1844 536 1914 reportatam
566 1835 741 1915 significent.
785 1835 927 1916 Nuspiam
955 1835 1106 1914 praesides
1128 1836 1296 1914 alloquitur,

73 1928 109 1978 ut
135 1919 206 1980 lecit
226 1919 256 1980 in
277 1919 479 1999 Apologetioo,
508 1921 562 1982 sed
585 1920 670 1981 unice
692 1921 845 2000 populum,
875 1939 975 1998 aquo
994 1920 1116 1982 memini
1138 1920 1296 1982 Tertullia-

73 2021 147 2062 num
169 2003 274 2066 alieubi
297 2004 383 2065 etiam
406 2007 445 2076 (r.
468 2023 493 2064 c.
515 2004 565 2066 lib.
581 2005 604 2065 l.
627 2024 652 2066 c
665 2007 695 2069 3.
717 2023 747 2083 p.
760 2007 800 2070 48
811 2005 857 2080 Β.)
880 2005 991 2066 diserte
1011 2003 1164 2083 praesides
1186 2003 1296 2066 distin·

72 2088 165 2148 sisse.
209 2087 355 2166 Deinceps
377 2089 444 2162 bos,
468 2089 517 2161 ait,
547 2089 653 2168 quibus
675 2089 781 2150 dicavit
803 2089 878 2150 istos
900 2089 1002 2160 libros,
1030 2107 1186 2150 accusasse
1208 2087 1297 2149 chri-

73 2171 191 2232 stianos
214 2173 276 2244 (lib.
291 2173 313 2233 l.
338 2192 363 2233 o.
379 2176 430 2238 20.
452 2192 482 2252 p.
499 2173 609 2249 63D.),
632 2174 711 2252 quod
734 2173 852 2252 quidem
875 2173 1032 2234 convenire
1054 2171 1139 2234 udeo
1162 2173 1193 2232 iu
1206 2190 1295 2253 prae-

74 2257 167 2331 sides,
192 2266 288 2318 tamen
310 2257 402 2318 multo
426 2258 519 2336 magis
540 2261 669 2318 retertur
689 2257 725 2319 ad
746 2257 873 2336 plebem.
916 2257 1049 2336 Denique
1071 2258 1167 2335 ipsum
1183 2274 1297 2334 cogro-

74 2359 142 2400 men
166 2342 329 2414 nationum,
352 2342 429 2420 quod
446 2351 493 2402 est
506 2343 537 2402 in
559 2343 667 2404 borum
680 2341 825 2402 librorum
848 2341 1018 2421 epigraphe,
1041 2340 1228 2420 manifestum
1251 2346 1299 2401 est

73 2425 294 2488 aTertulliano
327 2426 453 2488 inditum
485 2445 555 2487 esse
587 2425 634 2499 iis,
667 2427 717 2506 qui
745 2427 837 2488 dediti
859 2435 944 2486 orant
965 2425 1055 2487 cultui
1078 2425 1218 2486 deorum:
1250 2422 1299 2484 bio

74 2527 146 2570 vero
179 2511 300 2589 proprie
332 2510 448 2590 plebem
484 2511 725 2589 superstitiosam
753 2511 887 2588 designat
909 2509 987 2570 baud
1009 2509 1107 2580 dubie,
1139 2515 1299 2586 propterea

74 2595 156 2672 quod
188 2613 282 2673 paene
315 2596 416 2656 eadem
449 2613 524 2674 quae
555 2594 701 2674 disputata
730 2603 800 2654 suast
820 2595 851 2655 in
873 2594 930 2654 hoc
952 2601 1077 2670 unoque
1109 2591 1208 2652 libello
1239 2591 1299 2652 iam

74 2677 262 2757 praesidibus
285 2679 497 2758 consideranda
519 2679 679 2758 proposuit
700 2678 730 2737 in
751 2677 952 2756 Apologetico.
986 2677 1045 2737 Sed
1067 2693 1197 2753 nuperae
1220 2681 1299 2734 stra-

71 2764 121 2841 gis
137 2762 218 2841 Nigri
232 2763 385 2842 Albiuique
407 2764 588 2824 mentionem
609 2762 702 2822 inlicit
723 2763 787 2822 boc
803 2762 902 2833 modo,
926 2767 959 2820 ut
972 2760 1095 2838 Syrium
1118 2759 1300 2820 seducerem

77 2849 221 2910 odorides
250 2852 381 2927 spirare,
411 2847 583 2928 Galliasque
610 2847 707 2908 adbuc
736 2845 883 2907 ilbodono
912 2861 967 2906 suo
995 2861 1057 2906 non
1080 2842 1184 2902 looore
1206 2839 1299 2914 dicat;

75 2933 157 3010 quod
180 2932 249 3011 quid
272 2931 328 2991 sibi
350 2931 412 2993 vult
433 2930 509 2991 aliud
532 2948 618 3008 quam
642 2930 715 3002 boc,
737 2930 785 2990 vix
807 2929 895 2988 linem
917 2925 994 2988 bello
1009 2925 1111 2988 Severi
1127 2943 1192 2993 cum
1207 2923 1298 3001 Nigro

76 3024 165 3094 atque
186 3017 292 3078 Albino
315 3016 407 3076 luisse
429 3013 625 3093 impositum?
669 3015 751 3086 Quae
772 3005 897 3091 quidem'
914 3009 1023 3081 omnia,
1045 3008 1119 3070 istos
1141 3009 1178 3068 ad
1194 3005 1298 3068 Natio-

78 3119 132 3162 nes
155 3100 247 3162 libros
269 3117 331 3160 non
353 3107 421 3178 post
442 3099 569 3160 edictum
593 3097 695 3158 Severi
718 3096 812 3158 editos
834 3095 939 3168 luisse,
963 3094 1016 3154 sed
1038 3103 1115 3165 ante,
1137 3091 1300 3153 luculenter

78 3185 240 3246 ostendunt
270 3191 455 3262 possuntque
478 3183 602 3244 edocere
625 3200 740 3251 ornnes,
765 3199 825 3242 non
846 3187 964 3258 praeter
985 3196 1048 3238 rem
1064 3177 1120 3238 bos
1135 3175 1230 3238 libros
1245 3193 1299 3236 co-

76 3269 166 3330 mites
189 3268 275 3329 datos
298 3287 313 3328 a
337 3268 424 3330 nobis
447 3266 539 3329 luisse
560 3266 750 3345 dpologetioo
773 3262 955 3334 Tertulliani,
979 3261 1087 3342 quippe
1109 3279 1184 3339 quos
1207 3278 1241 3322 ea
1263 3259 1301 3320 da

76 3372 165 3414 causa
194 3360 313 3432 oportet
340 3353 468 3431 scriptos
492 3371 569 3425 esse,
598 3370 664 3413 cum
687 3351 745 3412 iam
767 3349 887 3410 dimidia
909 3365 978 3428 pars
1001 3365 1028 3407 a.
1051 3345 1173 3408 cxcix.
1196 3343 1303 3405 luisset

79 3457 230 3499 conversa.
274 3438 315 3498 Ex
339 3455 397 3514 quo
419 3444 542 3516 apparet
562 3435 661 3508 simtul,
681 3435 815 3515 ipsorum
837 3441 986 3494 auctorem
1008 3439 1070 3492 tum
1091 3430 1224 3492 nondum
1246 3427 1300 3522 ab·

78 3523 151 3584 iisse
173 3523 204 3583 iu
226 3521 469 3584 Nonianistaruur
492 3521 678 3586 seutentiam.
712 3519 858 3597 siquidem
890 3517 920 3580 id
943 3516 1060 3576 domurn
1082 3533 1109 3575 a.
1125 3513 1180 3576 CC.
1203 3519 1301 3606 contr3

80 3607 130 3685 git,
160 3625 256 3686 neque
282 3605 469 3667 inveniuntur
495 3605 526 3665 in
553 3605 636 3666 libris
664 3604 747 3676 istis,
781 3621 856 3682 quac
883 3599 1085 3679 suspicionem
1114 3599 1304 3690 Montamsmr

80 3710 199 3752 movere
222 3689 400 3769 aliquantum
422 3697 560 3768 possunt.
589 3689 626 3749 dt
648 3707 739 3750 unum
753 3688 811 3748 boc
825 3687 896 3747 mibi
912 3681 1166 3745 animadversione
1181 3679 1303 3755 dignum

78 3775 195 3836 videtur
217 3776 246 3835 iu
262 3774 429 3835 llollmanni
452 3773 642 3852 argumentis,
666 3773 715 3850 qui
738 3771 835 3831 eidem
851 3766 1036 3829 simibtudini
1051 3765 1304 3855 insistensquae

78 3867 285 3936 argumentum
307 3857 495 3936 apologetici
524 3857 688 3933 horumque
716 3845 860 3915 librorum
883 3849 1046 3920 intercedit,
1074 3849 1252 3942 pronunciat
1272 3860 1304 3903 m

80 3943 257 4004 contrariam
270 3951 384 4022 partem
397 3941 554 4002 nonbene.
585 3939 716 4017 Namque
740 3957 773 3998 ea
796 3938 860 3998 eius
884 3934 996 4014 opinio,
1019 3950 1094 4010 quae
1115 3947 1145 3989 rn
1164 3928 1221 3987 boc
1234 3941 1303 3986 ver-

82 4035 175 4098 satur,
203 4030 282 4109 qnod
304 4027 379 4089 libri
398 4028 437 4088 od
459 4025 604 4088 Nationes
627 4043 692 4084 com
716 4021 816 4084 libello
840 4021 874 4083 de
897 4019 1075 4080 Testimonio
1098 4015 1220 4074 dnnnoe
1240 4027 1306 4072 non
1360 4017 1364 4026 '

83 4111 228 4192 differunt
261 4113 297 4173 ob
332 4111 533 4191 dpologetico,
566 4111 629 4169 nisi
656 4107 846 4187 prols'aritote,
881 4103 1059 4178 eundemque
1091 4097 1302 4194 defensionem,

79 4213 170 4280 qnam
196 4193 401 4257 Tertullianus
424 4200 456 4255 in
479 4191 668 4276 Apolopetico
691 4189 774 4251 oelrtt
796 4195 828 4249 in
840 4203 976 4268 pequam
993 4189 1222 4276 compresserat,
1245 4177 1305 4274 ule-

83 4291 195 4360 quanto
219 4280 310 4342 latina
334 4279 498 4359 explicent,
529 4295 562 4337 ea
585 4295 655 4336 vero
678 4293 732 4336 nec
753 4282 833 4334 recte
856 4289 889 4331 se
911 4267 1000 4329 babet
1021 4282 1142 4360 omuino
1170 4281 1243 4356 nec.
1258 4268 1306 4322 est

81 4363 119 4425 ad
151 4383 215 4424 rem
247 4363 429 4425 alliciendam
463 4361 535 4422 satis
571 4360 686 4421 idonea.
732 4357 773 4418 lle
802 4355 898 4432 ipsius
927 4357 1091 4428 argumenta
1112 4345 1306 4444 conclusione

81 4448 156 4508 nibil
183 4448 287 4509 adluat
314 4447 428 4518 dicere3
458 4453 505 4506 est
533 4444 611 4504 enim
634 4445 691 4504 boc
713 4443 786 4502 satis
809 4437 989 4516 disputatum
1011 4453 1027 4494 a
1049 4433 1136 4528 uobis
1159 4438 1189 4490 et
1210 4430 1306 4525 adbuc

82 4532 259 4609 quibusdam
286 4533 318 4592 in
347 4531 421 4591 loris
444 4527 652 4606 disputabitur.
696 4526 734 4585 Et
755 4522 888 4602 cquamris
911 4519 941 4580 in
964 4517 1152 4616 Apologcueo
1174 4516 1236 4612 iere
1259 4531 1304 4572 sr-

83 4615 164 4678 milia
198 4617 294 4678 tradat
316 4613 514 4677 Tertullianus
544 4629 657 4684 eorum,
691 4627 766 4688 quae
795 4608 914 4669 luerunt
940 4604 971 4665 in
999 4601 1083 4664 bbrrs
1105 4599 1142 4662 ad
1163 4597 1305 4660 Nationes
