3122 5250
522 403 656 446 lucrans
676 403 734 446 nra.
757 403 793 445 ee
815 403 943 446 uocans.
1275 385 1341 450 353·

209 551 349 631 llsqnum
364 571 480 633 ipsaque
497 553 574 616 inter
589 561 788 616 matronarum
807 561 835 614 et
845 553 1032 616 meretricum
1042 563 1141 618 restes
1152 563 1215 616 erat
1229 553 1335 617 discri-

122 653 194 698 men
210 636 391 712 (Tertullian.
402 638 555 718 Apolaqet.
579 654 640 717 cap.
656 641 710 715 6.).
732 638 804 699 Nam
820 639 1000 710 meretrices,
1017 638 1103 702 sicuti
1113 639 1226 702 Nonius
1240 658 1336 702 anuo-

125 723 206 794 tarit‚
240 722 434 784 succinctiore
465 731 546 784 veste
576 723 732 785 utebantur
767 723 853 797 (Non.
882 743 944 803 cap.
969 728 1018 788 14.
1041 724 1078 786 de
1101 724 1172 786 Gen.
1195 723 1337 805 Vestiml.
1430 751 1433 760 Α

126 805 327 878 Quamobrem
349 806 504 887 Ulpianus:
539 807 668 888 Siquis,
690 808 794 887 inquit,
817 813 950 888 viraines
972 809 1165 891 appellasset,
1193 813 1223 870 si
1242 821 1341 872 temen

123 891 273 953 anesllmi
292 903 374 954 ueste
394 897 529 964 uestitus,
551 896 655 954 minus
670 897 796 972 peccare
818 895 946 964 videtur,
968 893 1064 956 multo
1084 899 1185 956 minus
1200 899 1229 956 si
1241 912 1338 956 mere-

124 980 217 1038 tricia
238 987 319 1039 ueste
339 977 559 1054 semincurten
579 989 712 1038 matrum
724 977 912 1056 familiarum
926 983 1049 1041 eutitae
1063 980 1197 1058 fuissent
1216 977 1338 1057 (lligest.
1446 1013 1449 1020 Δ

122 1059 175 1121 lib.
199 1059 324 1122 XLVIII.
347 1060 391 1122 tit.
414 1061 450 1122 de
471 1060 562 1123 Iniur.
585 1070 640 1123 etc.
663 1062 812 1141 leg.15.).
859 1055 865 1067 ’

219 1145 367 1216 Quantum
388 1154 484 1207 sutem
506 1145 645 1208 mulieres
673 1155 776 1208 cantra
806 1147 951 1209 maiorum
980 1148 1112 1210 instituta
1140 1147 1187 1209 bis
1209 1146 1341 1209 vestibus

123 1229 326 1304 abuterentur,
349 1229 431 1292 disce
453 1249 489 1292 ex
511 1239 614 1292 nostro
637 1230 833 1293 Tertulliano:
873 1231 969 1303 Video,
996 1231 1100 1312 inquit,
1123 1241 1150 1295 et
1170 1236 1253 1294 inter
1272 1251 1344 1296 ma-.

123 1329 234 1380 manas
255 1326 344 1395 atque
362 1315 551 1395 prostibulas
574 1315 692 1378 nullum
715 1318 749 1378 de
771 1317 874 1380 babitu
902 1318 1063 1379 discrimen
1083 1317 1222 1379 relictum
1249 1316 1339 1392 (Ter-

122 1399 236 1461 tullisn.
260 1399 325 1460 loco
348 1399 420 1476 cit).
453 1399 554 1478 Neque
574 1400 614 1462 ibi
638 1400 685 1462 ille
706 1401 805 1480 plura,
827 1401 882 1462 sed
902 1419 976 1480 quae
998 1401 1054 1462 alia
1076 1402 1107 1461 iu
1129 1401 1204 1462 libro
1219 1401 1343 1463 uberius·

122 1485 262 1562 huncque
284 1485 472 1563 prosequitur
493 1483 523 1544 in
545 1485 681 1546 madum:
706 1485 851 1548 Converte
869 1496 897 1548 et
911 1487 950 1547 ad
963 1488 1102 1567 seminas,
1124 1485 1227 1564 inquit,
1251 1487 1342 1548 babes

123 1579 264 1648 spectare
290 1569 368 1649 quod
391 1569 538 1632 Garunna
559 1569 689 1631 Sarnus
713 1575 849 1651 praviter
871 1575 992 1632 senatui
1010 1575 1164 1650 impressit
1183 1581 1341 1634 mutrenm

123 1659 192 1716 sisu
218 1653 299 1715 stela
325 1658 359 1714 in
382 1653 513 1732 publiea.
556 1655 690 1734 lienique
716 1653 838 1717 Lentuli
863 1660 989 1735 auquris
1018 1655 1173 1726 commitis,
1201 1673 1276 1736 quae
1297 1660 1344 1717 ita

123 1757 192 1800 sese
222 1749 458 1811 eaeauctmmset,
484 1756 544 1817 pra
573 1751 682 1818 strrpro
706 1751 773 1802 erat
790 1757 905 1818 poena:
933 1743 1073 1821 quoniam
1094 1741 1209 1820 quidem
1229 1741 1342 1801 iudices

123 1823 321 1901 custodesque
344 1823 497 1902 diqnitatis
520 1823 647 1894 babitus,
670 1835 705 1886 ut
726 1824 867 1886 leuacs'ssii
881 1825 1044 1902 [actitandi
1056 1825 1269 1903 impertinente,
1293 1843 1341 1886 se-

123 1906 198 1968 dula
221 1906 361 1986 quaedam
384 1907 616 1987 desuesecerant.
647 1908 685 1969 lc
706 1913 839 1971 nuncin
861 1913 1033 1988 semetipsas
1056 1908 1261 1979 lmocinando,
1285 1927 1341 1988 quo

118 1991 249 2072 planius
278 1992 428 2052 adeantur
454 2001 484 2053 et
505 1992 615 2054 stolam
636 2003 664 2054 et
685 2011 851 2072 supparum
873 2005 900 2054 et
923 1991 1115 2072 crepidulum,
1146 1993 1340 2061 caliendrum.

121 2079 210 2156 ipsas
232 2093 345 2155 quaque
366 2080 426 2138 iam
449 2075 566 2138 lecticas
589 2089 617 2139 et
631 2077 731 2147 sellas,
755 2079 861 2156 quibus
876 2083 908 2138 in
920 2077 1041 2157 publs‘co
1056 2095 1170 2158 quoque
1184 2078 1342 2139 donaestice

123 2179 163 2222 ac
190 2171 303 2222 secrete
331 2160 524 2230 labebantur,
555 2166 706 2225 eieraeere
733 2162 824 2235 (Idem
846 2161 896 2222 lib.
919 2162 956 2223 de
977 2160 1067 2222 Pellio
1091 2179 1154 2241 cap.
1177 2165 1231 2238 4.).
1275 2161 1339 2224 alio

123 2244 224 2306 adhuc
250 2244 279 2304 in
308 2241 392 2304 libro
405 2245 531 2306 eundem
553 2245 677 2307 abusum
700 2265 733 2306 ae
753 2245 894 2307 reiectam
914 2245 993 2308 illam
1014 2247 1206 2308 honestarum
1227 2255 1340 2307 mano*

123 2347 231 2390 nasum
261 2336 291 2389 et
311 2329 543 2390 meretriciarum
565 2331 688 2391 vestium
710 2331 904 2392 differentiam
927 2331 1023 2392 acrius
1044 2331 1214 2394 insectatur.
1257 2331 1341 2405 aaut,

123 2431 248 2492 quaeso,
271 2431 338 2474 eum
361 2413 547 2492 loquentem:
573 2416 693 2489 Quanto
715 2421 809 2496 napis
832 2415 1061 2496 blasphemabile
1082 2427 1136 2486 est,
1161 2421 1275 2498 siquae
1291 2436 1343 2478 sa-

123 2499 261 2562 cerdotes
279 2499 443 2578 pudicitiae
466 2499 597 2562 dicimini
616 2501 835 2579 impudicarum
857 2505 920 2562 ritu
941 2501 1112 2580 procedetis
1135 2500 1232 2564 cultae
1246 2513 1274 2563 et
1288 2519 1344 2562 esa-

118 2581 246 2664 pictee?
289 2585 349 2643 dut
376 2584 446 2662 quid
471 2588 570 2646 minus
598 2584 705 2648 babent
726 2585 950 2663 infelicissimae
971 2585 1043 2648 illue
1062 2585 1252 2665 publicarum
1275 2585 1343 2647 libi-

122 2669 229 2730 dinum
258 2670 409 2738 victimae,
438 2687 512 2748 qrsos
539 2674 569 2730 si
593 2687 667 2747 quae
695 2668 772 2748 lepes
801 2687 820 2729 a
845 2669 1037 2730 nmritalsbns
1065 2679 1094 2732 et
1122 2670 1343 2732 umtrmealibus

122 2755 342 2815 decoramentis
366 2754 547 2821 sciscebant,
570 2757 629 2816 iam
652 2765 730 2814 uerte
750 2753 865 2815 saeculi
883 2755 1061 2832 improbitas
1082 2755 1213 2834 quotidie
1235 2759 1344 2814 insur-

121 2855 198 2917 qens
227 2836 444 2898 honestissimis
471 2839 633 2918 quibusque
659 2839 780 2916 seminis
807 2855 900 2918 usque
929 2839 967 2897 ad
995 2856 1130 2899 errorem
1152 2839 1345 2917 diqnoscendi

123 2925 302 3000 caoequavit
325 2919 417 2988 (Idem
438 2920 489 2982 lib.
513 2921 547 2981 ll.
570 2920 607 2981 dc
629 2920 713 2982 Cultu
734 2921 846 2982 Femin.
868 2939 930 3000 cap.
950 2920 1035 2996 tut?
1065 2922 1139 2982 Tum
1155 2921 1340 3000 paulopost:

125 3005 258 3068 Tbamar
284 3003 350 3076 illa,
383 3023 456 3085 quae
478 3025 510 3068 se
532 3010 715 3085 eapiuuerat
737 3016 764 3068 et
786 3016 961 3077 ornaverat,
989 3006 1103 3068 ideireo
1124 3005 1218 3068 Iudae
1239 3011 1342 3086 suspi-

124 3093 212 3152 cione
233 3093 300 3150 aisa
322 3098 366 3150 est
387 3095 525 3171 quaestui
546 3092 655 3160 sedere,
675 3091 805 3170 adeoque
827 3091 881 3151 sub
903 3090 1066 3152 uelamenta
1081 3089 1201 3158 latebat.
1225 3091 1342 3154 babitus

122 3173 272 3256 qualitate
293 3179 517 3253 quaestuariam
537 3180 705 3244 mentiente,
728 3185 763 3235 ut
784 3179 1007 3255 quaestuariam
1029 3186 1058 3237 et
1071 3175 1204 3237 voment
1219 3185 1247 3237 et
1263 3193 1343 3236 eam-

121 3257 286 3340 pellaeerit
309 3267 338 3319 et
356 3271 464 3338 pactus
488 3263 527 3321 sit
548 3257 655 3336 (thia).
689 3259 749 3319 Nec
770 3259 895 3319 absimili
917 3259 1006 3319 modo
1028 3259 1240 3338 Hieronymus:
1266 3259 1342 3322 lua-

122 3361 204 3414 mur,
227 3341 331 3421 inquit,
355 3344 410 3404 sub
433 3347 527 3423 specie
546 3348 713 3407 meretricis
736 3343 821 3424 fallit
843 3343 949 3405 ludam
971 3343 1151 3425 (Hieronym.
1166 3343 1215 3405 lib.
1231 3345 1253 3405 1.
1276 3345 1340 3406 adv.

123 3426 444 3506 semisupina).
488 3428 617 3514 Audisire
645 3447 731 3507 pam
759 3429 894 3507 andquae
922 3429 1032 3494 tuerint
1063 3430 1100 3490 de
1127 3429 1341 3510 distinguendis

122 3521 327 3574 mauonarum
356 3522 580 3591 scortorumque
601 3513 733 3574 vestibus
755 3514 836 3592 leges
858 3522 888 3574 et
908 3531 995 3591 quam
1016 3515 1137 3594 impune
1159 3533 1208 3576 eas
1232 3513 1340 3576 ethnici

122 3594 324 3658 violaverim?
699 3609 719 3626 ¹*

212 3681 313 3760 Neque
340 3680 411 3740 alias
440 3681 531 3759 magle
553 3681 702 3754 curabant,
731 3683 837 3761 quibus
859 3683 1032 3745 seminarum
1053 3683 1215 3744 modestiae
1238 3691 1267 3742 et
1288 3701 1340 3742 so·
1422 3721 1426 3730 .

122 3766 243 3829 brietuti
269 3775 386 3826 cautum
418 3773 488 3825 erat.
532 3766 614 3827 Nulla
642 3767 720 3827 enim
742 3767 902 3845 antiquitus
924 3769 1031 3828 lemine
1053 3785 1173 3836 nursam,
1202 3767 1242 3825 uit
1265 3765 1341 3826 Ter-

123 3849 281 3922 tullianus,
309 3859 435 3929 prneter
461 3855 549 3912 unico
578 3862 670 3912 norat
699 3852 805 3930 dipito,
834 3869 917 3932 pseu
945 3871 1077 3934 sponsus
1105 3855 1341 3931 appiqnerasset,

120 3937 266 4018 proturbo
290 3933 407 3996 annulo
429 3933 778 4014 (Tertulliantapologet.
793 3953 856 4015 cap.
872 3940 925 4012 6.).
968 3935 1083 3998 Nemini
1107 3944 1202 3996 autem
1225 3933 1340 3994 iucom-

122 4027 243 4099 pertam
277 4026 325 4080 eet
356 4035 469 4080 marem
501 4019 732 4080 seursbssimum
763 4021 865 4093 luisse,
898 4031 931 4081 ut
963 4039 1092 4101 sponsus
1121 4019 1150 4078 iu
1179 4020 1341 4080 suturarum

121 4104 295 4183 nuptiarum
325 4103 432 4182 pigrius
459 4104 599 4165 annulum
625 4123 711 4184 quem
738 4105 880 4166 vocabam
910 4105 1076 4185 pronubum
1103 4121 1231 4182 sponsae
1269 4119 1340 4164 suae

121 4189 266 4251 maeret
310 4186 429 4266 Siquis
452 4199 549 4250 umen
571 4189 649 4249 illius
673 4195 777 4250 testem
800 4189 901 4250 saltem
924 4209 1014 4251 unum
1037 4188 1093 4250 sibi
1115 4185 1196 4248 citari
1212 4187 1289 4262 velit,
1313 4188 1341 4248 is

122 4273 226 4336 suant
245 4271 427 4334 Iuvenalem:

281 4357 465 4420 warantum
488 4370 587 4420 tamen
608 4369 637 4419 et
654 4369 776 4438 pactum
798 4369 827 4419 et
848 4359 1004 4439 sponsalia
1025 4370 1133 4422 nostra

282 4441 462 4524 Tarspestats
480 4461 588 4523 porus,
611 4447 727 4525 iamque
748 4463 767 4505 a
789 4454 912 4505 tonsore
932 4446 1077 4522 maqistro

281 4526 414 4590 Passeris
438 4539 464 4589 et
486 4529 578 4607 dipita
598 4532 708 4608 piqnus
730 4529 866 4606 sortasse
887 4529 1001 4590 dedisti.

677 4613 817 4691 (luvenal.
840 4612 926 4676 Satir.
949 4611 995 4675 vt.
1017 4629 1043 4674 e.
1066 4613 1106 4677 25
1130 4620 1160 4675 et
1180 4616 1275 4692 seqq.)
1337 4655 1341 4662 -

162 4714 320 4760 rauracense
334 4727 385 4761 arr.
399 4727 435 4762 su.
450 4727 547 4762 euntes.
577 4715 639 4762 Tem.
651 4715 688 4760 ΠΙ.
1106 4713 1139 4766 23
