3114 5240
237 313 298 377 126
330 327 522 371 orssaararro
538 326 569 368 ru
585 326 633 382 ou.
647 325 731 368 eser.
745 321 831 368 rtoa.
849 323 1041 366 maronianus
1055 320 1281 365 rnonocsrrcorr
1293 318 1378 362 carr.

235 478 407 559 quorumvis
438 476 592 540 miminum
621 495 691 540 reos
713 475 904 555 ‘iumrrogare
934 490 1018 553 quae,
1049 471 1143 552 qualia
1174 478 1204 532 et
1234 477 1343 550 quanta
1373 467 1449 530 hoec

238 570 349 636 essent,
378 562 427 643 qui
449 579 553 624 eorum
575 561 649 622 socii
670 569 699 622 et
720 565 900 638 receptores,
928 576 963 619 ac
983 577 1017 618 ea
1038 557 1156 618 tandem
1177 555 1207 616 in
1230 553 1339 634 scripta
1360 553 1447 614 dant·

235 657 372 711 natorum
394 647 538 709 sententia
559 644 731 706 nominatim
753 643 915 705 enuntiare.
942 643 980 703 at
1000 640 1078 703 nihil·
1094 639 1152 702 tale
1166 640 1196 700 iu
1212 638 1449 701 Christianorum

146 741 151 752 '
237 733 423 794 damnatione
453 731 612 809 laudatum
633 747 689 790 noc
716 727 793 791 aliod
819 745 922 788 eornm
951 725 1096 788 sententia
1123 723 1359 804 pronunciatum,
1386 722 1449 784 nisi

236 817 428 880 dnistianum
449 832 567 876 nomen.
605 813 707 874 Solum
729 831 799 893 ergo
820 811 949 874 nominis
972 810 1081 872 crimen
1103 817 1183 884 erat3
1204 809 1257 870 sed
1277 808 1335 870 hoo
1349 807 1451 887 ipsum

236 919 346 963 nomen
365 899 439 961 nihil
459 898 627 969 barbarum,
653 897 824 970 infaustum,
851 896 1041 958 inhonestum
1062 903 1158 968 sonat,
1186 893 1240 954 sed
1261 892 1307 954 vel
1327 893 1450 954 metio-

236 1003 315 1058 nem,
337 984 383 1046 vel
403 983 508 1046 saltem
530 983 711 1057 suavitatem,
733 981 974 1052 authoritatem,
997 979 1111 1059 quaudo
1134 979 1170 1041 ab
1192 977 1267 1058 ipsis
1289 975 1450 1057 gentilibus

238 1071 409 1134 Chrestiani
429 1074 566 1147 corrupte
587 1065 764 1129 vocabantur
785 1069 880 1146 (capp.
903 1068 933 1128 2.
956 1067 1009 1141 3.).

321 1155 359 1216 nt
383 1153 414 1214 hi
442 1153 527 1232 plane
554 1151 747 1230 desipiebant,
775 1151 824 1231 qui
847 1149 911 1211 solo
935 1148 1062 1211 auctoris
1083 1147 1204 1209 nomine
1225 1155 1336 1208 sectam
1358 1145 1451 1207 Chri·

237 1238 399 1301 stianorum
421 1256 455 1298 se
476 1235 578 1298 odisse
599 1235 792 1298 causabantur
813 1239 888 1314 (cap.
910 1239 963 1311 4.).
1006 1232 1072 1294 Non
1095 1233 1172 1293 enim
1193 1231 1373 1304 Platonicos,
1400 1237 1451 1292 aut

238 1324 464 1404 Pythagoream,
495 1321 534 1382 ob
556 1320 686 1382 Platonis
708 1329 758 1382 aut
778 1320 967 1399 Pythagorae,
990 1336 1046 1378 nec
1066 1317 1196 1378 medicos
1219 1316 1256 1378 ob
1269 1314 1451 1388 Erasistrati,

238 1426 295 1470 nec
320 1405 524 1486 grammaticos
553 1404 591 1467 ob
618 1404 779 1467 Aristarchi
804 1421 913 1465 nomen
941 1402 1073 1465 oderant
1117 1401 1191 1474 Quis
1222 1399 1310 1462 etlam
1336 1397 1453 1462 nosmet

239 1494 322 1554 nolas
349 1509 417 1553 esse
446 1499 555 1552 sectam
576 1489 702 1568 aliquam
723 1489 791 1550 odio
813 1488 921 1550 habere
942 1487 1012 1557 uisi,
1040 1486 1109 1565 quid
1131 1486 1162 1547 in
1184 1504 1217 1546 ea
1239 1485 1307 1546 odio
1329 1483 1452 1564 dignm

240 1577 290 1650 sit,
313 1583 397 1637 antea
417 1573 606 1636 advertatur?
635 1574 749 1635 Ethnioi
770 1583 867 1634 umen
889 1591 944 1633 nec
969 1571 1157 1633 christianam
1180 1578 1290 1632 sectam
1311 1587 1364 1630 uec
1384 1569 1451 1630 eins

240 1669 387 1722 auctorem
417 1667 559 1720 noverant
579 1677 635 1720 uec
655 1658 791 1720 volebant
812 1676 999 1738 cognoscere.
1035 1655 1079 1716 Ad
1100 1656 1173 1716 haec
1193 1673 1276 1728 vero,
1296 1671 1349 1733 per
1362 1653 1449 1732 ipsos

241 1742 496 1819 cuilibetethuioo
518 1741 632 1815 licebat,
656 1761 743 1821 quam
763 1743 849 1803 vellet
865 1741 1120 1820 philosophorum,
1142 1739 1260 1801 tametsi
1274 1737 1452 1817 reipuhheae

240 1847 275 1891 ac
294 1826 473 1908 principibus
495 1827 690 1900 infensorum,
713 1835 822 1888 sectant
842 1825 985 1910 amplecti.
1029 1824 1089 1886 Eos
1111 1842 1228 1904 qnoque
1249 1822 1331 1884 solos
1351 1821 1454 1902 philo-

243 1911 355 1993 sophos
375 1903 527 1985 vexabant,
549 1912 599 1990 qui
620 1913 773 1972 teutatem
794 1930 828 1972 er
850 1918 933 1989 parte
964 1910 1104 1971 docentes
1133 1907 1363 1987 aspernabantur
1383 1906 1456 1966 illo-

240 2017 307 2060 rum
329 1997 411 2058 deos.
454 1995 497 2057 lta
519 2015 590 2058 sane
612 1995 762 2057 Socratem
785 1994 1004 2067 damnaverunt,
1032 2011 1197 2073 quanquam
1217 1992 1360 2072 Apollinis
1382 2009 1457 2052 ora-

242 2082 308 2144 culo
329 2083 511 2143 renuntiatus
533 2080 637 2142 luisset
657 2079 823 2141 mortalium
845 2079 975 2141 omniurn
991 2078 1238 2158 sapientissimus.
1264 2077 1330 2137 Non
1344 2076 1457 2138 mirum

244 2168 341 2246 itaque
370 2164 396 2225 si
424 2164 540 2226 ihorum
569 2165 599 2226 in
622 2163 806 2226 Christianos
837 2164 937 2226 odium
965 2163 1071 2224 ueritas
1093 2162 1249 2242 pepererit
1295 2161 1354 2223 Sed
1376 2160 1459 2234 vide,

242 2269 363 2331 quaeso,
386 2267 443 2328 quo
466 2249 639 2311 insanientis
660 2249 750 2310 animi
772 2250 881 2310 lurore.
912 2247 1090 2310 Fatehantor
1112 2265 1165 2308 eos
1187 2264 1291 2308 omnes
1313 2245 1458 2307 meliores

243 2338 346 2408 iactos,
369 2334 426 2420 qui¹
440 2333 551 2397 eiurato
573 2333 713 2408 salsorum
735 2333 858 2395 deornm
879 2333 968 2408 cultu,
1002 2350 1087 2394 snum
1110 2332 1250 2393 dederant
1276 2331 1459 2392 christianae

242 2420 376 2499 religioni
403 2437 521 2480 nomen.
565 2418 625 2480 Sed
653 2418 684 2479 iu
710 2417 777 2479 illos
800 2419 857 2480 hoo
879 2417 942 2479 solo
965 2417 1084 2480 nornine
1107 2416 1252 2478 erudehns
1285 2415 1459 2478 saeviebant

243 2523 355 2584 eosque
376 2511 516 2564 nocentes
539 2509 568 2564 et
590 2503 748 2565 sceleratos
770 2521 836 2564 esse
857 2501 1004 2565 malebant
1025 2519 1110 2580 quam
1133 2500 1326 2562 Christianos.

100 2599 103 2606 '
221 2611 224 2622 ·
329 2575 436 2649 Cohtra
456 2596 555 2650 tameo
577 2587 753 2649 obiiciehant
774 2586 881 2648 ethnici
904 2587 1045 2666 quosdam
1068 2605 1103 2646 ax
1118 2584 1292 2647 Christianis
1307 2585 1457 2664 pessimos

244 2693 313 2736 esse
334 2691 368 2736 ac
388 2672 464 2734 vitiis
486 2672 703 2750 sceleribusque
724 2671 855 2752 perditos
877 2675 952 2750 (cap.
974 2675 1027 2748 5.).
1070 2673 1176 2734 Verum
1197 2670 1238 2738 ni.
1261 2669 1356 2748 iuquit
1376 2669 1457 2730 'ler-

243 2757 390 2832 tutanos,
412 2757 497 2837 ponci
520 2757 676 2819 admodum
698 2763 797 2829 erant3
818 2757 868 2835 qui
891 2757 1022 2835 quidem·
1040 2755 1116 2817 sient
1136 2754 1220 2816 naevi
1242 2754 1386 2833 corporis,
1414 2753 1457 2814 ita

244 2851 342 2906 necue
369 2860 440 2904 auae
468 2841 659 2904 ostendebant
684 2842 902 2920 praestantiam.
946 2841 1128 2919 Quicumque
1148 2857 1238 2918 porro
1262 2849 1292 2901 et
1312 2845 1462 2917 quotquot

244 2927 285 2989 illi
307 2927 472 3001 inanimal,
494 2944 554 2988 non
577 2944 663 2988 secus
685 2945 719 2987 ac
739 2925 906 3006 philosophi
929 2935 1039 2987 sectam
1060 2942 1141 2986 snam
1163 2923 1280 3003 flagitiis
1308 2923 1456 2984 infamau-

137 3027 143 3034 ·
241 3019 300 3084 tes,
328 3021 411 3074 erant
439 3011 501 3074 veri
529 3011 707 3084 desertores,
735 3010 962 3072 nominetenus
986 3008 1151 3082 Christiani,
1182 3009 1242 3070 imo
1264 3009 1322 3070 hoo
1341 3006 1456 3085 indigni

244 3115 374 3158 nomine.
960 3133 967 3142 -

330 3179 476 3257 Urgebant
503 3179 626 3258 gentiles
655 3187 765 3241 sectam
787 3178 1021 3240 Christianorum
1047 3195 1149 3240 resera
1170 3177 1275 3240 malam
1297 3195 1375 3251 esse,
1402 3186 1457 3238 ut·

245 3272 314 3344 pote
335 3281 409 3342 qnae
430 3263 638 3341 imperatorum
659 3263 772 3342 legibus
793 3264 926 3325 dameam
948 3263 988 3324 sit
1014 3264 1088 3340 (cap.
1111 3265 1165 3338 6.).
1208 3263 1244 3324 nt
1264 3279 1364 3324 nonne
1386 3279 1458 3324 eae-

247 3349 323 3421 dem,
351 3347 459 3426 regerit
479 3347 588 3409 luctu
608 3357 720 3420 noster,
743 3348 951 3427 imperatorum
973 3346 1155 3425 aliorumque
1176 3347 1270 3408 iustae
1291 3347 1371 3424 leges
1393 3355 1458 3408 sta-

245 3440 366 3494 tuerunt
385 3431 532 3494 neminem
553 3450 681 3512 unquam
702 3433 965 3504 condemnandum,
994 3432 1051 3492 nisi
1073 3431 1156 3511 prius
1178 3431 1310 3493 criminis
1333 3430 1459 3494 aliuuus

248 3518 287 3580 sit
306 3517 363 3578 rite
385 3514 557 3578 convictus?
587 3515 644 3579 Cor
666 3535 735 3596 ergo
758 3516 865 3578 ethnici
888 3516 1071 3579 Christianos
1093 3534 1147 3578 neo
1168 3517 1282 3578 auditos
1304 3533 1361 3577 nec
1383 3533 1459 3578 aon-

242 3603 340 3664 aictos
369 3600 623 3662 condemnabant?
666 3601 771 3662 Nonne
800 3601 899 3680 plures
927 3601 1013 3663 etiam
1040 3601 1124 3662 datae
1146 3600 1271 3662 suntab
1293 3601 1459 3662 eorundem

248 3687 431 3766 ethnicorum
459 3677 678 3764 legislatoribus
713 3685 915 3764 iniquissimae
940 3686 1031 3765 leges,
1065 3685 1255 3764 postmodum
1288 3685 1463 3748 emendatae

247 3772 294 3834 rel
315 3768 501 3851 antiquatae?
544 3769 674 3850 Denique
696 3770 879 3842 ininsula,
901 3771 993 3850 qualis
1015 3770 1046 3831 in
1068 3769 1250 3831 Christianos
1275 3769 1333 3830 lata
1354 3773 1463 3844 luerat,

248 3857 360 3919 nullum
382 3856 471 3936 exigit
490 3855 634 3916 honorem
656 3865 705 3917 aot
726 3853 911 3934 obsequium.

333 3941 393 4002 Nec
421 3941 530 4002 instare
557 3948 693 4018 poterant
714 3940 824 4001 ethnici
845 3939 924 4019 leges
946 3940 976 4000 iu
999 3937 1180 4001 Christianos
1202 3938 1238 3999 ab
1260 3937 1297 4000 iis
1320 3937 1463 4013 saneim,

249 4026 300 4104 qui
327 4024 444 4086 illorum
471 4025 593 4087 crimina
620 4025 766 4086 communi
788 4024 980 4104 popularique
1002 4025 1077 4084 lama
1098 4031 1312 4103 compererant
1355 4023 1464 4086 Nonne

250 4109 329 4171 enim
343 4110 428 4182 lama,
449 4109 606 4172 latentibus
620 4109 726 4171 iisdem
741 4109 876 4182 ethnicis,
899 4108 1008 4170 malum
1031 4115 1077 4169 est
1102 4126 1160 4187 quo
1178 4107 1289 4169 nahum
1304 4107 1464 4171 velocius?

248 4193 312 4256 Sed
342 4192 388 4254 illo
420 4195 529 4256 tamdiu
561 4202 672 4256 tantum
693 4194 772 4267 uait,
804 4193 940 4272 quamdiu
963 4192 1082 4265 incerta,
1110 4192 1181 4254 lalsa
1209 4200 1238 4253 et
1258 4191 1384 4254 mendax
1406 4201 1465 4254 est

249 4277 306 4339 Ubi
327 4277 404 4340 enim
425 4295 474 4340 res
496 4287 543 4340 est
563 4287 650 4353 certa,
673 4279 714 4339 ihi
735 4279 807 4340 haec
827 4279 902 4340 lama
917 4276 1034 4338 desinit
1064 4276 1265 4356 Investiganda
1278 4276 1370 4354 igitur
1382 4275 1465 4340 illius

251 4362 344 4442 origo,
376 4369 463 4440 atque
491 4364 700 4442 expectandum
724 4377 848 4444 ternpus,
876 4361 954 4440 quod
976 4367 1076 4424 omnio
1098 4361 1222 4425 revelat.
1265 4361 1340 4434 Quis
1362 4369 1467 4424 antem

250 4447 287 4510 ab
314 4446 380 4527 ipso
410 4446 584 4512 christianae
611 4449 760 4529 religionis
790 4448 909 4510 exordio
937 4445 1050 4508 obiecta
1071 4446 1243 4509 Christianis
1271 4446 1466 4521 infanticidia,

248 4533 378 4596 incestus
410 4530 523 4612 aliaque
546 4533 678 4610 seelera
696 4533 727 4596 in
760 4551 862 4596 sorum
905 4530 1061 4611 synaxibus
1093 4525 1221 4611 unquam
1258 4530 1466 4610 deprehendit,
