3144 5236
233 341 296 406 180
332 355 527 400 nvsssamrro
543 353 573 395 m
590 353 642 402 ou.
655 350 739 394 sarr.
754 349 840 392 stoa.
857 345 1053 393 rsaratuuu
1066 345 1294 388 uronoosrrcau
1309 345 1397 388 cerr.

232 525 369 592 paream,
391 521 467 584 quae
487 509 586 566 umen
608 500 652 562 rei
675 499 770 579 ipsius
793 503 901 577 corpus
923 505 978 560 est.
1008 495 1087 558 Nibil
1110 513 1192 574 ergo,
1215 495 1272 557 nisi
1288 514 1470 575 corpoream

235 611 304 656 esse
327 590 509 671 opinabatur.
554 585 613 648 Sed
634 584 849 646 animadvertas
879 580 982 655 velim,
1009 581 1092 642 illum
1114 581 1238 642 baerere
1260 581 1411 642 ebimtaxat
1435 581 1468 642 in

234 677 324 739 huius
345 673 484 744 nominis,
514 675 635 751 corpus,
659 667 834 748 significatu.
877 666 943 727 Non
965 663 1092 727 obscure
1114 673 1212 726 umen
1235 663 1343 726 ibidem
1367 666 1467 744 expli·

235 770 282 824 eat
303 759 444 840 quidhoc
459 755 578 818 nomine
593 751 783 814 intellexerit:
808 751 888 832 lpao,
911 751 1017 829 inquit,
1040 751 1212 812 substantia
1229 768 1339 829 eorpm
1355 761 1399 812 eat
1417 755 1471 813 rei

237 851 387 924 meusque.
433 842 574 920 Corporis
596 838 694 916 itaque
715 837 837 897 nomine
865 834 1023 914 significari
1045 841 1129 912 putat
1155 833 1298 912 caiusque
1321 834 1366 894 rei
1387 834 1466 894 sab-

190 995 191 998 ,
237 929 385 992 oausam.
414 927 451 988 At
471 942 561 986 nemo
583 929 639 994 est,
661 921 711 1000 qui
733 939 795 982 noa
815 922 941 982 fateatur
961 917 1073 980 nullum
1094 935 1219 996 prorsus
1241 937 1311 980 esse
1332 919 1467 980 modium

236 1024 289 1078 aut
309 1012 427 1074 tertiam
449 1010 528 1072 iuter
548 1005 741 1069 substantiam
764 1013 794 1066 et
814 1005 913 1084 ipsum
934 1002 1017 1064 nihil.
1061 1002 1139 1075 Quid
1161 1011 1259 1064 autem
1281 1003 1407 1077 mirum,
1440 1003 1468 1064 si

238 1097 375 1177 corporis
407 1093 528 1156 nomine
560 1093 654 1172 ipsam
687 1089 731 1151 rei
760 1089 902 1167 cuiusque
932 1087 1128 1148 substantiam
1155 1086 1373 1164 mtelligendarn
1395 1107 1469 1148 esse

239 1179 461 1250 existimaverit,
490 1196 557 1238 cum
578 1175 686 1238 Paulus
709 1173 863 1252 apostolus
884 1174 942 1234 hoc
962 1173 1059 1250 ipsum
1082 1189 1192 1232 nomen
1216 1190 1326 1250 eorpus
1350 1171 1468 1244 umbris

238 1273 269 1330 et
295 1263 397 1343 liguris
420 1269 551 1342 opponat
572 1259 697 1322 acillud
718 1277 787 1318 esse
809 1257 917 1318 dixerit
937 1256 1017 1335 quod
1038 1275 1089 1316 res
1111 1257 1176 1334 ipsa
1198 1264 1227 1316 et
1260 1257 1367 1316 veritas
1394 1254 1470 1316 est?

237 1352 281 1413 lle
302 1348 410 1410 veteris
433 1346 541 1424 quippe
563 1343 746 1405 Testamenti
767 1342 869 1420 ligaris
892 1342 971 1402 bunc
992 1341 1095 1402 scribit
1116 1341 1147 1401 in
1168 1341 1290 1402 modum
1311 1341 1405 1416 (Patri.
1431 1341 1469 1402 ad

240 1434 356 1510 coloss.
379 1431 415 1496 11.
441 1434 519 1506 ltu:
546 1429 629 1502 Quae
653 1438 726 1488 suat
747 1427 855 1488 umbra
876 1427 1067 1505 saturaretur,
1092 1441 1201 1504 corpus
1223 1435 1325 1487 aeteae
1341 1426 1469 1496 Cbrirti,

241 1519 272 1582 ivl
294 1525 356 1578 est:
379 1515 440 1578 ttae
463 1512 665 1576 caeremoniae
687 1511 760 1574 nibil
782 1509 861 1572 aliud
882 1517 952 1572 sunt
974 1527 1061 1588 qaam
1083 1509 1214 1580 umbrae,
1236 1509 1470 1572 illummautern

241 1620 350 1682 corpas
374 1599 435 1661 sive
457 1617 505 1660 res
528 1599 592 1676 ipsa
615 1604 644 1657 et
665 1595 773 1658 veritas
798 1604 845 1656 est
865 1594 1010 1668 Christus,
1033 1595 1062 1654 in
1085 1613 1144 1672 quo
1166 1585 1373 1672 adimplentur.

326 1683 524 1756 Quamobrem
547 1681 577 1742 in
599 1681 647 1752 iis,
669 1699 744 1758 quae
765 1680 853 1741 nobis
877 1679 991 1762 obiecta
1013 1687 1093 1752 sunt,
1108 1677 1281 1739 Tertulliani
1300 1678 1395 1738 nostri
1416 1678 1469 1737 lo-

241 1769 301 1843 eis,
333 1767 385 1828 ubi
406 1766 478 1828 dixit
499 1783 616 1826 omnam
640 1764 835 1836 substantiam
863 1782 932 1824 esse
961 1779 1069 1842 corpus
1108 1773 1159 1823 aut
1179 1763 1317 1841 quidquid
1339 1771 1386 1822 est
1407 1762 1472 1824 boc

242 1871 311 1916 esse
333 1869 451 1929 corpas,
475 1849 552 1910 haud
573 1848 737 1910 inconsulte
752 1849 792 1909 ibi
808 1849 920 1910 addidit
934 1853 985 1910 sui
1002 1853 1130 1928 pencris,
1153 1848 1182 1908 id
1205 1855 1250 1907 est
1272 1846 1470 1908 substantiam

242 1953 310 1999 esse
333 1935 380 1996 sui
402 1933 529 2012 generis,
552 1933 597 1994 vel
618 1925 753 2010 corporei
775 1933 820 1993 rel
843 1931 994 2011 spiritalis.

326 2020 436 2080 verum
457 2017 579 2078 instabit
600 2016 722 2095 aliquis,
755 2017 869 2078 etiamsi
891 2017 949 2077 hoc
971 2015 1192 2077 evidentissime
1216 2016 1409 2094 probaretur,
1438 2017 1470 2076 in

242 2103 361 2166 dubiam
382 2111 481 2164 tamen
502 2101 598 2162 vocari
621 2119 713 2180 posse
732 2109 834 2162 ¹utrum
857 2100 1054 2162 Tertullianus
1080 2100 1236 2178 aliquando
1259 2100 1472 2161 existimaverit

241 2189 335 2252 [lcum
365 2205 434 2248 esse
462 2205 587 2265 corpus,
620 2205 654 2246 ac
680 2192 784 2264 postea
812 2187 940 2247 animum
964 2185 1118 2246 mutaverit
1145 2194 1175 2245 et
1196 2184 1382 2246 sententiam.
1428 2185 1472 2244 lle

242 2273 295 2334 illo
315 2290 442 2349 namque
456 2269 634 2348 Augustinus
657 2271 735 2330 bunc
757 2269 888 2348 loquitar
908 2271 938 2330 in
953 2269 1073 2330 modam
1090 2270 1224 2348 (August.
1240 2269 1290 2330 lib.
1306 2271 1344 2330 da
1359 2270 1472 2330 Genus.

244 2357 281 2419 ad
304 2355 407 2417 Litter.
431 2373 494 2433 cap.
510 2358 562 2418 25.
584 2373 648 2432 peg-
671 2356 772 2429 273.):
799 2353 1004 2416 Tertullianus
1026 2360 1097 2434 puio
1119 2371 1229 2434 corpvu
1252 2373 1316 2415 esse
1338 2359 1473 2415 ιιιιιιιιαιιι

243 2442 384 2511 credidit,
417 2459 480 2501 noea
509 2440 544 2500 ob
573 2439 658 2501 aliud
686 2439 852 2519 quodcum
879 2443 1091 2518 incorpoream
1119 2443 1251 2518 copitare
1272 2443 1472 2516 conparuit,

244 2536 273 2586 et
297 2527 360 2587 ideo
385 2527 483 2584 timuit
504 2541 541 2584 ue
564 2523 642 2583 nibil
662 2533 748 2593 esset,
778 2526 807 2582 ιι·
827 2541 937 2602 corpus
960 2541 1023 2584 stou
1042 2533 1127 2590 esset.
1152 2541 1204 2583 aec
1227 2523 1261 2584 de
1285 2522 1346 2584 Deo
1369 2523 1472 2584 uoluit

244 2609 337 2674 aliter
360 2626 474 2688 sapere,
498 2611 551 2688 qui
571 2625 654 2677 saue,
680 2612 821 2686 quoniam
842 2619 950 2668 ιιιιιιιιι
973 2619 1027 2678 ιιι,
1051 2608 1203 2668 interdum
1225 2619 1332 2670 contro
1350 2611 1474 2686 opinio-

243 2711 311 2754 uem
332 2711 418 2754 suam
441 2695 507 2753 aisa
528 2696 656 2752 veritate
678 2701 854 2769 superatur.
902 2692 983 2764 Quid
1011 2696 1087 2753 enim
1113 2697 1216 2752 uersus
1240 2691 1338 2752 dicere
1357 2697 1473 2770 potuit,

244 2797 332 2858 quoae
353 2777 384 2837 id
405 2777 484 2857 quod
504 2780 548 2838 ait
569 2777 696 2856 quodam
720 2775 801 2836 loeo:
827 2775 920 2836 Omue
935 2775 1098 2856 corporale
1115 2775 1260 2856 possibile
1274 2785 1320 2837 est
1335 2775 1475 2848 (Tertull.

243 2861 294 2923 lib.
317 2861 354 2922 de
374 2861 477 2920 Anima
492 2879 554 2938 cap.
573 2857 640 2934 Tu?
662 2859 773 2923 Debuit
794 2877 865 2938 erpo
886 2871 1006 2946 mutare
1028 2865 1205 2922 senteutiam
1226 2879 1284 2940 pua
1302 2859 1401 2939 paulo
1416 2879 1475 2922 su-

240 2949 350 3026 perius
380 2947 501 3006 u'aeror
529 2948 619 3006 etium
640 2943 735 3005 deum
763 2961 873 3023 corpus
902 2963 977 3006 esse.
1022 2943 1122 3025 Neque
1143 2949 1221 3005 enim
1241 2944 1382 3005 arbitror
1405 2964 1477 3006 eum

240 3034 290 3092 ita
317 3031 495 3110 desipuisse,
532 3039 569 3090 ut
595 3033 684 3092 etiam
707 3028 764 3090 Dei
792 3039 937 3090 naturam
961 3029 1138 3108 passibilem
1164 3029 1310 3097 erederet,
1348 3039 1384 3089 ut
1411 3034 1477 3090 ιάιιι

247 3115 386 3174 Cbriatus
409 3132 470 3174 uou
493 3117 525 3172 in
548 3132 638 3174 corne
662 3124 792 3184 tautum,
827 3115 879 3174 sed
899 3117 932 3174 in
959 3119 1026 3193 ipso
1053 3112 1160 3182 Verte,
1190 3131 1249 3192 per
1276 3113 1355 3192 pevod
1383 3115 1474 3191 sacto

245 3208 316 3256 suut
341 3199 454 3270 omnia,
486 3197 640 3273 passibilis
667 3207 696 3258 et
718 3197 935 3258 commutabilis
963 3216 1027 3258 esse
1050 3199 1209 3268 credatur,
1243 3199 1322 3278 quod
1338 3195 1432 3270 „obsit
1455 3217 1477 3258 o

246 3280 336 3342 carde
358 3279 533 3341 christiano.

330 3362 440 3424 Verum
460 3363 596 3424 Petavius
615 3363 660 3424 ah
688 3365 850 3441 Augustino
879 3364 1018 3426 dissentit
1049 3382 1105 3426 nec
1132 3373 1234 3426 censet
1255 3363 1475 3428 Tertullianum

246 3464 347 3508 secum
375 3461 506 3524 pugnare
534 3456 585 3508 aut
606 3465 691 3509 suam
706 3449 742 3510 de
756 3449 819 3510 lieo
835 3467 980 3527 corporeo
996 3457 1127 3510 mutasse
1142 3450 1327 3521 seutentiam,
1350 3452 1477 3512 tametsi

246 3549 334 3592 omne
356 3548 466 3609 corpus
485 3532 639 3611 passibile,
661 3541 794 3593 naturam
818 3551 889 3594 vero
912 3533 965 3593 uei
987 3534 1107 3594 minime
1129 3533 1300 3612 passibilem
1318 3553 1387 3594 esse
1403 3553 1475 3596 ore-

245 3614 354 3678 diderit
386 3615 494 3689 (Petar.
530 3616 614 3677 Tom.
648 3618 669 3678 l.
704 3617 838 3696 Theolog
864 3617 1008 3695 Dogmat..
1039 3637 1102 3698 cap.
1134 3622 1161 3680 l.
1190 3621 1221 3695 d.
1250 3623 1268 3681 b
1298 3627 1327 3679 et
1360 3625 1476 3698 seam).

177 3715 185 3722 ·
245 3699 322 3762 Nam
342 3699 426 3772 alias,
448 3700 551 3778 inquit,
567 3701 610 3761 rei
627 3720 797 3780 corporeae,
821 3721 907 3780 quam
923 3702 984 3763 lleo
1006 3702 1110 3764 tribuit
1130 3703 1295 3780 passiones,
1317 3701 1379 3762 sive
1395 3703 1475 3764 alios

245 3793 345 3846 motas
375 3793 406 3846 et
432 3785 564 3846 allectus.
608 3786 748 3846 Marcioni
779 3786 925 3865 siquidem
954 3787 1015 3847 irae
1042 3797 1156 3848 motum
1185 3787 1214 3846 in
1236 3787 1297 3847 lleo
1321 3805 1391 3847 esse
1414 3805 1474 3848 ne-

247 3871 327 3948 ganti
366 3877 453 3948 atque
483 3869 631 3930 obiicienti
654 3870 754 3944 illum,
784 3871 810 3931 si
832 3871 989 3950 alitprando
1011 3873 1204 3942 irasceretur,
1236 3872 1419 3948 corruptioni
1443 3881 1500 3934 et·

245 3953 335 4014 morti
357 3955 421 4014 lore
444 3953 620 4026 obnoxium,
643 3955 806 4033 respondet
827 3955 893 4033 ipse
915 3955 1113 4016 Tertullianus
1136 3956 1292 4034 passiones
1316 3957 1380 4016 sive
1402 3973 1476 4016 mn-

247 4043 295 4096 tus
330 4044 361 4096 et
389 4055 495 4099 sensus
523 4038 613 4100 animi
634 4038 665 4100 in
686 4039 748 4100 Deo
771 4047 801 4100 et
828 4040 947 4100 homine
969 4041 1076 4101 iisdem
1097 4057 1199 4100 revera
1222 4040 1392 4100 nominibus
1416 4059 1477 4120 ap-

245 4118 364 4198 pellari,
397 4122 450 4182 sed
481 4131 593 4185 mutum
623 4123 653 4183 in
682 4132 806 4202 utroque
834 4143 900 4184 esse
927 4124 1060 4185 diversos
1088 4133 1229 4202 quantum
1253 4125 1419 4186 substantia
1445 4135 1478 4187 et

207 4282 209 4290 ,
246 4221 355 4281 corpus
377 4223 393 4264 a
415 4208 594 4270 seinvicem
616 4208 793 4286 discrepant.
822 4208 1001 4269 Marcionem
1023 4207 1131 4287 quippe
1153 4209 1200 4270 bis
1223 4209 1380 4288 compellat
1401 4227 1475 4270 ver-

244 4285 306 4347 bis:
330 4287 475 4351 Discerne
497 4294 684 4376 substantios
718 4303 745 4354 et
768 4311 841 4355 suos
863 4297 905 4354 eis
928 4293 1074 4354 distribue
1097 4313 1214 4363 seusus,
1239 4305 1300 4355 tom
1321 4295 1475 4368 diuersos,

246 4389 336 4450 quom
366 4371 553 4438 substantioe
585 4381 722 4456 eulpam,
761 4377 830 4439 lieet
862 4377 1017 4438 vacutaas
1058 4384 1277 4439 communicare
1309 4380 1477 4440 uideantur

247 4453 340 4528 (ldem
361 4455 411 4518 lib.
435 4456 470 4518 ll.
494 4460 609 4522 advers.
632 4461 771 4522 Marcion.
796 4479 858 4539 cap.
884 4463 944 4537 16.)
961 4505 968 4520 .
987 4507 994 4520 .
1011 4505 1044 4522 ..
1085 4462 1208 4534 Quarvta
1230 4467 1289 4523 erit
1309 4463 1479 4524 diuersitas

245 4541 343 4602 dioioi
370 4547 508 4621 corporis
536 4556 565 4606 et
594 4545 717 4608 bumasti
742 4543 798 4608 sud
827 4547 932 4608 lisdem
958 4547 1127 4608 nominibus
1149 4548 1362 4618 membrorum,
1386 4557 1481 4609 tauto
