3166 5250
277 374 341 436 474
380 388 571 435 lllSSEllTthO
587 389 616 430 tn
633 388 680 438 01].
697 387 780 431 SBT'T
795 386 880 432 reon
897 383 1334 430 TERTb'bLthleOLOGETlCUll
1349 384 1436 430 GETT.

871 464 884 492 e

279 541 324 602 rel
346 538 494 620 peregrini
515 537 561 600 rel
582 537 669 617 patrii
692 537 813 600 dilatare
826 535 983 599 Romani'
975 535 1092 616 imperii
1113 487 1186 598 lines
1208 533 1367 601 valebant?
1402 533 1501 596 Num·
1560 555 1561 568 ¹

233 615 238 628 ⁸
280 627 349 705 quid
372 625 436 687 aliis
459 623 516 684 diis
539 623 720 701 potentiores
744 620 849 684 erant?
893 619 951 683 Sed
980 639 1067 682 verns
1089 620 1168 681 Deus
1198 620 1284 682 debet
1310 638 1377 682 esse
1398 619 1501 682 omni-

279 719 386 792 potens
419 716 504 786 atque
535 708 644 770 idcirco
677 725 753 770 unus
780 717 893 770 tantum
921 724 989 768 esse
1015 713 1116 784 potest
1143 705 1192 784 qui
1219 721 1310 784 regna
1338 704 1442 767 tribuit
1468 713 1501 766 et

276 797 438 875 dispensat.

362 896 422 974 Age
446 913 527 967 rero,
549 895 766 972 instantemque
788 891 999 952 Tertullianum
1022 891 1236 969 subsequamur
1260 889 1361 963 (ldem.
1385 889 1497 969 Apolo-

279 989 337 1061 ιιι.
361 1000 422 1060 cap.
439 983 513 1054 Tb).
558 979 667 1050 ludaei,
690 976 793 1057 inquit,
817 995 887 1037 snos
911 976 1074 1037 habuerunt
1095 993 1190 1054 reges
1213 991 1288 1054 qnos
1311 975 1500 1036 etiamnunc

279 1066 436 1138 haberent,
465 1064 521 1124 nisi
549 1063 699 1124 horrendo
730 1061 837 1122 Christi
864 1060 1020 1140 parricidio
1050 1077 1119 1120 suas
1146 1067 1355 1121 cruentassent
1371 1077 1497 1120 manns.

278 1148 365 1230 Atqui
388 1149 449 1211 hi
442 1148 499 1228 apsi
521 1148 639 1228 penitus
661 1155 900 1224 contempserunt
921 1145 1121 1206 homanorum
1149 1145 1231 1205 deos.
1275 1144 1341 1204 Non
1363 1143 1403 1205 illi
1426 1163 1496 1224 ergo

279 1236 310 1297 in
331 1235 388 1296 bos
411 1235 483 1295 deos
505 1234 614 1312 pietate
635 1247 758 1311 regnum
782 1248 867 1292 suum
887 1239 1069 1292 meruerunt.
1111 1229 1236 1290 Romani
1263 1247 1332 1290 vcro
1362 1249 1429 1290 cum
1450 1230 1497 1291 bis

278 1321 401 1383 deornm
432 1335 558 1381 sucrum
592 1315 726 1378 hostibus
752 1316 811 1376 icto
839 1315 958 1376 laedere
990 1314 1249 1375 honoraverunt
1241 1331 1375 1392 ipsorum
1403 1314 1496 1375 barma

190 1437 195 1448 ·
279 1406 372 1467 caesis
402 1403 527 1465 victimis
555 1420 589 1462 ac
615 1402 754 1480 templum
783 1400 871 1461 donis
894 1407 923 1461 et
943 1397 1126 1460 muneribus.
1170 1399 1349 1477 atquibus,
1378 1414 1434 1460 oro
1456 1407 1495 1466 ιι,

279 1489 371 1552 oculis
400 1488 439 1550 dii
469 1487 510 1548 illi
537 1488 610 1548 lacta
640 1505 656 1548 ι
679 1485 819 1546 Romanis
847 1486 919 1546 haec
947 1501 1018 1545 vero
1046 1483 1108 1545 Deo
1138 1501 1299 1562 eorumque
1327 1483 1495 1545 adversario

277 1568 408 1644 foedera,
431 1571 572 1634 sacrificia
594 1579 624 1631 ιι
645 1571 722 1633 dona
744 1569 850 1632 intueri
872 1567 1033 1650 poterant?
1075 1566 1180 1628 Nonne
1201 1566 1319 1628 illorum
1341 1568 1415 1628 iram
1437 1587 1493 1648 po-

277 1659 337 1720 tins
368 1677 453 1738 quam
476 1673 657 1736 propensum
680 1655 888 1734 adaugendas
911 1653 1036 1715 Romani
1058 1652 1174 1731 imperii
1194 1653 1269 1713 lines
1292 1652 1422 1714 animum
1445 1671 1494 1714 ιι-

215 1755 230 1768 ·
278 1744 404 1806 condere
426 1739 613 1803 debuerunt?
712 1802 715 1809 ,

363 1843 516 1904 Ριιιιιιιι
540 1849 620 1901 ιιιιο
643 1839 751 1902 certius
774 1847 819 1902 est
840 1857 929 1918 regna
952 1839 987 1900 ab
1014 1837 1182 1900 hominibus
1212 1838 1348 1918 occupari
1378 1839 1494 1899 invadi-

278 1947 335 2008 que
357 1926 446 1989 armis
469 1934 499 1987 et
519 1925 650 1987 victoriis
670 1925 754 2000 (lbid.
778 1943 840 2005 cap.
864 1927 938 2000 25.)
981 1923 1068 2020 Atqui
1089 1924 1163 1984 haee
1182 1923 1245 1984 lieri
1268 1930 1418 2002 nequeunt
1438 1923 1494 1984 nisi

277 2012 389 2076 eversis
416 2012 587 2093 plerumque
615 1987 739 2071 urbibus
768 2028 802 2072 ιι
826 2009 950 2088 proinde
975 2009 1040 2105 pari
1073 2007 1248 2087 templorum
1284 2027 1317 2068 ac
1344 2007 1495 2070 moenium

278 2107 385 2176 strage,
409 2099 510 2158 eadem
533 2095 718 2156 sacerdotum
740 2093 829 2156 caede
851 2104 935 2172 atque
957 2093 1072 2166 civium,
1095 2111 1130 2153 ac
1144 2110 1243 2154 rerum
1258 2109 1409 2153 sacrarum
1422 2111 1495 2174 pro

277 2183 467 2260 lanarumque
489 2179 638 2242 communi
660 2178 812 2258 ereptione
834 2197 867 2239 ac
887 2177 1011 2266 praeda:
1037 2177 1091 2241 Tot
1112 2181 1214 2256 ιιιᾋιιιν
1236 2176 1277 2237 ait
1298 2175 1497 2240 Tertullianus

278 2265 393 2342 (ibid),
427 2265 585 2343 sacrafftepo
609 2264 809 2326 llomanorum
843 2273 915 2344 quot
943 2275 1085 2344 tropaea,
1119 2281 1154 2322 ex
1182 2261 1273 2322 sacris
1302 2263 1496 2359 prolenisque

278 2371 309 2412 ca
312 2352 426 2430 ptarrss
450 2347 565 2410 urbium
587 2347 689 2427 spoliis
713 2347 836 2408 Romam
857 2355 1021 2425 asportata:
1058 2357 1103 2413 tot
1132 2349 1166 2408 de
1189 2348 1260 2416 diis,
1294 2346 1342 2424 qui
1370 2349 1495 2426 patriam

278 2454 361 2498 suam
384 2443 414 2496 ιι
434 2433 537 2505 urbes,
571 2432 601 2493 in
629 2431 735 2510 quibus
758 2431 942 2504 colebantur,
968 2431 1053 2493 tutari
1077 2449 1137 2492 non
1157 2437 1332 2509 potuerunt,
1367 2445 1440 2512 quot
1463 2435 1497 2495 de

275 2520 412 2601 pentibus
435 2518 590 2598 trissnmpln
631 2515 656 2578 T
654 2528 685 2583 ot
706 2517 877 2588 mannbrstae
898 2525 971 2596 qnot
991 2527 1110 2577 manent
1132 2515 1229 2577 adllne
1243 2513 1354 2576 llomac
1369 2518 1497 2578 ιιιιιιιιι-

279 2622 332 2667 era
354 2607 543 2700 capracorum
566 2603 700 2664 deornm.
730 2601 930 2662 Μιιιιιιίιιιιιιι
953 2609 1049 2661 antem
1072 2617 1190 2672 nomen,
1213 2600 1249 2660 de
1272 2617 1329 2679 quo
1352 2619 1408 2662 nos
1426 2601 1495 2662 abbi

277 2688 474 2765 (Dissertat'
466 2705 497 2749 ιιι
519 2686 624 2748 llinuc.
648 2705 710 2783 cap
736 2689 785 2750 16.
807 2685 869 2746 Αιι.
892 2688 923 2749 2.
947 2685 1027 2746 etin
1050 2684 1180 2746 Lactant
1204 2703 1267 2764 cap.
1283 2687 1333 2748 31.
1356 2686 1418 2747 hrt.
1442 2691 1496 2762 tn

277 2773 489 2837 aTertulliano
512 2771 553 2832 ibi
575 2770 666 2851 accipi
687 2769 802 2832 ridetur
823 2789 877 2849 pro
900 2768 1014 2848 spoliis,
1038 2787 1111 2850 quae
1126 2767 1251 2830 Romani
1274 2787 1309 2829 ex
1332 2769 1425 2849 captis
1441 2789 1494 2832 ur-

275 2858 364 2921 bibus
387 2876 486 2919 secum
509 2857 631 2917 llomam
654 2855 832 2916 detulerunt.
876 2853 1034 2933 Praecipua
1055 2872 1126 2915 vero
1149 2861 1234 2914 erant
1254 2853 1379 2916 deornm
1399 2855 1494 2917 simu-

275 2944 368 3014 lacra,
392 2961 465 3022 quae
488 2942 518 3002 in
540 2940 657 3020 templis
681 2939 815 3000 solebant
836 2937 972 3000 collocari
995 2958 1028 2999 ac
1050 2939 1188 3018 deinceps
1211 2937 1336 2999 adorari.
1381 2939 1494 3002 Roma-

275 3045 383 3090 norum
406 3046 475 3106 ergo
498 3027 652 3106 imperium
676 3025 800 3086 accrevit
820 3043 880 3084 non
903 3024 1020 3103 quidem
1042 3022 1100 3085 ulla
1122 3023 1256 3103 ipsorum
1278 3023 1315 3085 in.
1331 3023 1406 3086 deos
1427 3025 1493 3106 pie-

277 3121 336 3185 tate
358 3121 388 3173 ιι
408 3111 561 3190 religione,
585 3111 638 3171 sed
660 3109 821 3189 impietate,
844 3108 1004 3170 sceleribus
1028 3115 1057 3169 ιι
1079 3108 1251 3186 sacrilegiis.

363 3229 427 3302 Qua
450 3210 521 3307 ergo
543 3229 657 3291 ratione
680 3228 719 3289 dii
741 3227 797 3301 illi,
819 3228 915 3308 pergit
937 3228 1045 3289 Auctor
1066 3235 1186 3299 noster,
1210 3227 1246 3288 ab
1267 3227 1407 3288 hostibus
1430 3229 1505 3290 suis·

277 3313 418 3374 Romanis
441 3319 591 3376 sustinent
613 3315 749 3382 adorari,
773 3322 801 3375 et
821 3312 885 3374 illis
907 3316 1068 3393 imperinm
1082 3316 1148 3374 sine
1162 3311 1223 3392 fine
1239 3313 1395 3384 dederunt,
1418 3333 1493 3394 qno-

276 3415 348 3458 rnm
377 3402 470 3476 moola
498 3401 628 3460 iniurias
656 3417 746 3478 qnam
772 3397 966 3458 adorationes
996 3411 1206 3460 remunerasse
1228 3395 1418 3460 debuerant?
1461 3397 1494 3458 lu

209 3545 212 3560 ¹
276 3482 390 3542 nostris
413 3481 621 3560 manuscriptis
644 3479 794 3542 codicibus
817 3499 851 3540 ac
871 3482 961 3542 variis
990 3481 1185 3555 editionibus,
1216 3481 1391 3560 praesertim
1414 3483 1492 3544 anti·

276 3565 439 3648 quioribns,
462 3565 586 3626 habetur
607 3563 793 3628 adolationes
817 3565 878 3626 sive
900 3564 1102 3640 adolationes,
1123 3565 1382 3647 quemadmodum
1405 3567 1494 3630 dille-

275 3660 375 3713 renter
396 3651 432 3712 ab
454 3650 519 3712 aliis
542 3649 682 3729 scriptum
706 3648 842 3710 cccrurit.
883 3649 1008 3724 Quidam
1030 3660 1127 3714 tamen
1149 3651 1314 3713 maluerunt
1333 3653 1494 3716 adoratio-

274 3753 345 3809 nes,
373 3745 406 3799 ιιι
432 3737 490 3798 boe
516 3753 624 3796 nomen
648 3733 795 3814 superiori
817 3735 906 3796 serbo
929 3737 1058 3798 odorari
1076 3736 1265 3815 respondeat.
1310 3735 1388 3810 Quid
1411 3757 1494 3808 sero,

276 3820 302 3882 si
326 3819 523 3882 Tertullianus
552 3819 717 3898 significare
744 3819 871 3881 voluerit
897 3821 970 3882 deos
1000 3839 1061 3882 non
1088 3821 1225 3899 potuisse
1246 3821 1393 3900 patienter
1414 3822 1494 3884 lerre

276 3905 459 3968 adulationes
491 3923 545 3967 sen
573 3923 644 3966 rana
672 3905 768 3966 cultus
797 3923 900 3968 eorum
921 3906 1135 3979 blandimenta,
1168 3905 1219 3986 qui
1239 3915 1302 3968 ιιιιιι
1322 3906 1366 3967 eis
1387 3906 1493 3968 adula-

274 3989 397 4064 bantur,
426 4009 492 4052 cnm
514 3989 664 4070 impietate
685 3996 716 4050 et
736 3989 896 4069 sacrilegiis
921 3989 1018 4052 omnia
1040 3988 1215 4052 vastabant?
1257 3993 1295 4054 ht
1315 4009 1494 4071 quocunque

274 4075 363 4138 modo
389 4039 547 4155 legendum
576 4074 733 4147 decernas,
765 4075 914 4137 latendum
944 4074 1089 4136 estnihil
1116 4093 1207 4154 posse
1233 4075 1303 4173 sangi
1332 4075 1494 4140 absurdius

275 4178 363 4238 quarn
384 4159 542 4222 Romanos
563 4178 617 4224 sua
648 4159 678 4220 in
706 4119 779 4220 deos
805 4157 914 4240 pietate
940 4159 1058 4222 auxisse
1079 4159 1196 4239 imperii
1219 4160 1265 4222 sui
1286 4159 1378 4234 lines,
1413 4179 1495 4257 quos

274 4242 360 4305 bellis
391 4245 581 4326 rimoriisque
613 4255 699 4323 atqua
727 4243 836 4306 ideirco
865 4263 926 4306 non
959 4244 1025 4308 sine
1046 4245 1218 4308 eorumdem
1239 4243 1391 4308 deorum
1383 4246 1494 4308 mirm'a

275 4334 363 4406 atque
381 4329 558 4392 contumelia
579 4337 822 4410 propagaverant.

361 4427 443 4502 Quae
469 4448 560 4509 porro
586 4431 740 4510 hucusque
766 4429 957 4509 exposuimus
980 4429 1150 4494 Tertulliani
1172 4430 1314 4494 adversus
1334 4430 1495 4494 Romano·

273 4529 341 4576 runt
361 4513 435 4575 deos
457 4523 637 4592 ιιιςιιιιιιιιιι,
658 4515 808 4596 plerisque
829 4515 935 4576 iisdem
955 4513 1100 4578 llinucius
1121 4515 1218 4588 Felix,
1240 4516 1495 4595 quemadmodum
1560 4511 1561 4522 ’

273 4597 314 4660 in¹
325 4597 420 4679 prima
441 4606 545 4662 nostra
566 4599 775 4662 dissermione
798 4599 982 4664 ostendimus
1014 4600 1182 4677 (Dissertat.
1202 4601 1235 4664 in
1254 4600 1362 4664 llinua.
1387 4600 1494 4664 Οιιιι.
