3020 5230
440 441 575 485 sacrans
598 441 639 484 ro.
663 441 726 485 san.
750 427 874 485 scarnsa.¹
1205 427 1268 492 645

191 590 309 640 hdrersns
327 589 484 640 Marcionem.
851 593 970 644 Adversus
988 595 1099 644 iudaeos.

23 675 177 746 edicitur,
204 674 261 734 mel
290 680 321 733 et
344 673 481 752 butyrum
503 674 630 735 maudu-
682 675 823 737 infantiae
838 683 900 746 estr
930 675 983 736 sed
998 686 1193 755 accepturum
1206 677 1289 738 vir-.
1331 731 1339 742 .

20 758 144 820 caturi.
176 757 238 818 Nec
260 757 318 818 hoa
339 757 439 836 utique
461 757 490 818 iu
514 757 630 836 signum
681 767 774 820 tutem
796 757 928 820 Damasci
948 767 978 819 et
1006 759 1100 838 spolia
1121 759 1271 824 Samariae

24 851 94 913 est,
125 843 260 905 malitiae
287 859 351 903 aaa
377 846 572 911 assentaturi,
602 849 632 902 et
681 844 823 904 adsersus
852 861 953 920 regem
980 843 1186 922 Assyriorum,
1216 846 1271 907 hnc

24 929 96 988 hoc
120 925 200 988 euim
222 925 348 988 infautia
376 934 431 998 est,
470 925 523 988 sed
545 945 631 988 aare
684 928 877 990 ammirabile
893 931 1020 1006 sr'gaum.
1060 927 1186 989 Sereute
1203 946 1270 989 uru-

20 1016 130 1092 pturi
159 1011 296 1071 virtutem
319 1009 453 1071 Damasci
486 1019 515 1071 et
537 1010 632 1089 spotia
683 1012 752 1072 dum
782 1011 897 1084 aetatis,
912 1019 959 1072 ·et
987 1017 1123 1093 quaerite
1148 1030 1270 1073 sensum

23 1094 191 1158 Samariae
214 1094 357 1155 adversus
375 1113 476 1173 regem
490 1093 631 1174 Assyrio·
680 1095 925 1175 praedicationis:
947 1099 1035 1157 imma
1052 1097 1167 1158 reddite
1186 1101 1271 1158 ueri-

25 1199 116 1240 rum.
174 1178 272 1239 Serva
298 1179 419 1240 modum
447 1178 567 1251 aetatis,
601 1187 632 1238 et
681 1183 826 1260 retiquae
843 1181 964 1242 credere
985 1199 1047 1242 naa
1062 1180 1155 1242 uultis
1168 1188 1271 1241 ettam

28 1283 153 1342 quaere
168 1280 290 1322 sensum
303 1263 547 1342 praedicationis:
570 1263 628 1324 iru-
679 1263 849 1343 intelligitur
862 1264 1027 1344 prophetia,
1056 1283 1144 1343 quam
1157 1281 1271 1326 renuu-

28 1367 87 1409 mo
105 1348 199 1410 redde
214 1365 376 1408 avanascra
392 1350 539 1418 ueritatis,
555 1365 630 1428 guae
680 1347 775 1408 cietur
810 1357 963 1427 expuncta.
1025 1347 1161 1410 Maneant
1193 1352 1271 1410 enain

25 1436 197 1511 posterior
230 1432 400 1502 detrusisti,
438 1439 468 1491 et
493 1439 552 1492 tam
581 1431 628 1491 in·
682 1431 841 1493 nrieutdes
856 1431 977 1510 illihiagi
992 1433 1144 1494 infantiam
1158 1432 1274 1494 Christi

29 1515 182 1593 telligitur
207 1515 374 1594 prophetia,
407 1535 494 1594 quam
517 1531 629 1576 renun·
682 1527 832 1577 recentem
847 1533 920 1577 aura
930 1525 959 1576 et
971 1517 1057 1578 drure
1068 1525 1269 1589 munerantes,

1 1601 135 1680 ¹hiatur
162 1607 315 1678 expuncta.
372 1599 510 1660 Maneant
531 1609 631 1660 uattmn
682 1609 712 1661 et
726 1599 871 1679 acceperit
886 1601 981 1661 inians
997 1599 1133 1661 virtutem
1145 1599 1268 1662 Damas-

1 1703 2 1708 *
31 1684 202 1744 orientales
250 1683 291 1744 iiii
328 1683 403 1761 Magi
445 1683 474 1745 iu
509 1683 631 1744 infantia
680 1685 706 1746 ci
723 1684 916 1765 sineproeiia
932 1685 1075 1746 etermis.
1096 1679 1269 1764 Nam'prae-

1 1758 2 1794 ³
35 1768 205 1837 Christum,
228 1776 387 1846 recentem,
410 1785 482 1828 auro
501 1776 530 1829 et
545 1768 631 1828 thure
682 1777 728 1830 ter
769 1768 848 1846 quod
885 1769 1024 1830 auruibus
1064 1778 1167 1829 uotum
1214 1775 1270 1840 est,
1366 1789 1369 1796 ⁴

32 1859 251 1922 munerantes,
289 1859 318 1912 et
349 1851 497 1931 acceperit
532 1851 630 1912 inians
683 1853 814 1914 Orientis
829 1853 976 1926 virtutem,
992 1853 1079 1914 idest
1092 1853 1181 1925 vires,
1197 1869 1270 1913 auro
1350 1913 1354 1922 ,

1 1931 3 1966 ³
33 1935 178 1996 virtutem
200 1935 344 2008 Damasci,
378 1935 442 1998 siue
463 1935 578 2015 praetia
602 1943 632 1996 et
682 1945 712 1997 et
726 1937 869 1998 odoribus
883 1937 995 2016 potiere
1011 1937 1138 2008 salitam,
1156 1947 1271 1998 certum

0 2035 1 2038 ’
34 2021 142 2080 armis.
187 2019 260 2080 Nam
287 2019 509 2099 praeterquod
531 2019 630 2080 omui·
681 2031 737 2093 est,
754 2023 951 2085 eteudiniais
973 2025 1148 2102 scripturis,
1168 2025 1271 2082 uirtu-

33 2105 96 2177 bus
119 2113 223 2164 uotum
246 2113 301 2177 est,
324 2103 453 2164 Orientis
481 2104 629 2178 virtutem,
680 2118 867 2187 temgunque
890 2117 1060 2169 ceterarum
1070 2110 1202 2184 gentium
1215 2121 1270 2164 au·
1319 2123 1329 2144 ³

1 2215 2 2220 ¹
35 2189 68 2248 id
93 2197 141 2250 est
162 2194 220 2250 aba
244 2200 272 2249 et
294 2187 372 2248 vires
405 2207 477 2249 auro
500 2195 530 2249 et
552 2189 628 2249 ndo·
679 2209 745 2251 rum
768 2191 956 2250 constituere.
987 2188 1069 2251 Sicut
1087 2207 1142 2270 per
1159 2187 1270 2249 Zacha-

1 2301 3 2307 *
36 2272 123 2334 ribus
160 2271 272 2351 pollere
301 2272 435 2333 solitam:
473 2285 553 2334 certe
583 2279 630 2333 est
680 2275 753 2335 riam
770 2271 1269 2354 dioittdtiudaspertende‘tflie·

1 2361 2 2395 ³
36 2361 179 2419 creatori
197 2357 333 2418 virtutem
363 2367 535 2419 ceterarum
555 2375 631 2438 quu-
681 2359 819 2431 rusaiem,
835 2365 864 2419 et
879 2357 1068 2437 congregabit
1083 2375 1201 2418 omnem
1216 2373 1271 2416 ra·

1 2455 2 2480 ³
36 2461 95 2522 que
131 2445 266 2520 peritiam
297 2459 401 2501 aurum
438 2440 630 2513 constituere,
650 2457 656 2466 ·
680 2437 800 2504 lentiam
828 2443 1006 2521 popularum
1034 2459 1088 2520 per
1117 2440 1270 2501 circuitum

1 2509 3 2542 ¹
37 2525 118 2586 sicut
151 2543 206 2603 per
241 2523 433 2596 Zachariam,
469 2524 507 2585 Et
542 2524 630 2586 iudas
681 2544 785 2587 aurum
807 2535 837 2587 et
855 2535 1018 2605 argeutum.
1058 2525 1135 2586 Nom
1157 2523 1194 2584 de
1216 2525 1271 2586 beo

1 2647 2 2650 =
34 2611 218 2690 praetendet
250 2610 332 2689 apud
363 2603 564 2682 Hierusalem,
601 2616 632 2669 et
682 2609 744 2672 auri
759 2627 883 2670 munere
898 2611 986 2671 etiam
1002 2608 1091 2670 David
1109 2611 1203 2670 dimit:
1233 2606 1272 2666 Et

37 2692 231 2770 congregabit
253 2711 372 2753 aurneur
393 2692 548 2753 valentiam
570 2710 628 2770 pa·
681 2693 798 2754 dabitur
826 2693 867 2754 itti
894 2693 929 2755 de
957 2711 1030 2753 aura
1058 2692 1192 2752 Arabiae.
1233 2688 1272 2750 Et

37 2777 178 2856 pulcrum
206 2795 261 2856 per
282 2776 446 2848 circuitum,
474 2793 578 2836 aurum
601 2783 631 2836 et
680 2782 812 2839 iterum:
854 2777 950 2854 Reges
978 2776 1106 2836 Arabum
1137 2781 1166 2834 et
1194 2771 1271 2833 Saba

37 2869 203 2938 argeutum.
260 2860 306 2921 De
338 2859 392 2920 itta
429 2869 529 2920 autem
562 2869 631 2920 tuuc
680 2878 803 2921 munera
818 2861 948 2940 offerent
963 2859 1014 2919 itti.
1037 2857 1109 2918 Nam
1125 2867 1156 2918 et
1170 2857 1270 2934 Magos

36 2943 103 3005 auri
126 2961 248 3006 muuere
282 2943 368 3004 etiarn
391 2941 490 3014 David,
515 2941 553 3003 Et
574 2942 628 3001 da·
680 2962 766 3021 reges
781 2945 842 3004 iere
857 2942 959 3004 habuit
973 2942 1090 3012 Oriens,
1105 2942 1269 3002 athamas·

38 3029 132 3104 bitur⁴
155 3028 196 3089 itti
228 3045 266 3089 em
301 3045 373 3088 auro
408 3027 541 3088 Arabiae.
591 3026 629 3086 Et
680 3046 732 3089 cus
746 3027 870 3087 Arabiae
890 3038 971 3088 retro
989 3024 1193 3104 deputabatur,
1214 3042 1270 3085 au-

39 3132 164 3184 rursus,
200 3131 286 3190 reges
320 3111 447 3172 Arabum
487 3118 518 3171 et
552 3110 629 3171 Saba
680 3121 796 3190 tequam
820 3111 994 3188 naasonpu
1020 3121 1095 3172 esset
1118 3109 1150 3171 iu
1176 3107 1269 3188 Syro-

39 3215 161 3258 muuera
185 3197 313 3276 afferent
335 3195 386 3256 itti.
426 3194 499 3256 Nam
522 3195 628 3255 ethia-
679 3195 843 3278 phoenicen
874 3195 910 3255 e'x
939 3194 1129 3256 distinctione
1167 3191 1269 3270 Syria·

40 3301 95 3360 gos
117 3299 201 3358 reges
224 3279 327 3340 habuit
353 3281 414 3352 [ere
438 3279 564 3352 Oriens3
598 3286 629 3339 et
679 3299 756 3353 rum,
777 3278 860 3340 cuius
882 3287 951 3340 tuuc
976 3279 1113 3340 virtutem
1134 3275 1277 3338 Christus.

41 3365 200 3426 Damascus
229 3363 352 3425 Arabiae
388 3368 469 3424 retro
503 3363 629 3443 deputa·
680 3363 807 3443 accepit,
837 3362 1007 3441 accipienda
1036 3361 1164 3440 iusignia
1193 3361 1269 3432 eius,

41 3449 135 3520 batur,
172 3455 328 3526 autequam
355 3449 534 3528 transcripta
563 3459 630 3510 erat
681 3467 785 3510 aurum
821 3446 932 3508 scilicet
961 3455 990 3509 et
1018 3447 1143 3508 adures:
1174 3444 1270 3523 spolia

43 3534 73 3593 iu
96 3531 346 3612 Syrophoenicen,
375 3552 411 3593 er
440 3533 630 3594 distinctione
681 3541 778 3594 autem
795 3531 954 3606 Samariae,
984 3531 1068 3610 ipsas
1083 3531 1195 3608 Magos,
1220 3528 1269 3608 qui

1 3657 2 3662 κ
43 3617 207 3696 Syriarum,
251 3615 335 3678 cuius
379 3625 449 3678 tuuc
490 3617 629 3679 virtutem
680 3637 746 3678 cunr
762 3616 844 3677 iilum
867 3615 1078 3694 cognovissent
1107 3621 1136 3674 et
1160 3630 1268 3673 mune-

1 3731 2 3734 *
43 3701 174 3762 Christus
213 3699 340 3778 accepit3
376 3700 546 3778 accipiendo
579 3701 627 3759 iu·
679 3701 763 3762 ribus
778 3700 986 3768 honorassent,
1008 3695 1092 3777 quasi
1107 3696 1270 3757 Dominum
1383 3697 1389 3702 '

1 3821 2 3844 a
41 3785 134 3862 signia
155 3783 230 3852 eius,
253 3800 357 3842 aurum
379 3783 490 3843 scilicet
505 3791 534 3843 et
549 3782 626 3842 oda·
679 3793 709 3844 et
729 3801 830 3861 regem
852 3781 907 3842 sub
930 3779 1100 3842 testimonia
1121 3776 1226 3838 indicis
1241 3784 1272 3836 et

1 3897 2 3924 ι
46 3885 107 3927 res:
130 3865 225 3944 spolia
246 3873 342 3924 auteur
361 3865 519 3936 Samariae,
541 3865 626 3943 ipsos
679 3866 763 3927 ducis
784 3865 896 3937 stellae,
926 3864 1020 3944 spolia
1044 3869 1114 3923 suni
1129 3860 1194 3921 iacti
1211 3859 1268 3920 Sa-

45 3951 156 4026 Magus:
201 3947 250 4026 qui
294 3965 360 4008 cum
400 3948 483 4008 ilium
515 3965 627 4024 cogno·
680 3948 799 4018 mariae,
822 3949 851 4009 id
868 3946 1121 4016 estidaialatriae,
1143 3942 1270 4006 creden-

45 4034 163 4104 aisseot,
187 4041 217 4092 et
234 4030 405 4092 mraneribus
417 4031 627 4100 honorassent,
680 4041 726 4093 tes
755 4031 890 4094 videlicet
911 4031 942 4091 in
963 4030 1122 4091 Christum.
1166 4025 1280 4088 idaia.

46 4128 74 4179 et
93 4135 168 4196 genu
187 4121 288 4195 posite
319 4117 510 4184 adorassent,
544 4113 628 4192 quasi
679 4116 793 4176 latriam
817 4109 895 4177 enirn
912 4113 1060 4176 Samariae
1075 4111 1196 4172 nomine
1210 4129 1269 4172 uo-

47 4203 136 4263 Deum
172 4209 202 4260 et
233 4215 333 4276 regem
369 4199 425 4260 sub
456 4197 628 4262 testimonio
680 4199 760 4270 tavit,
790 4207 823 4259 ut
844 4195 1059 4277 ignominiosae
1081 4194 1120 4256 ob
1142 4194 1268 4256 idolola-

46 4285 146 4347 iudicis
183 4289 214 4344 et
248 4283 330 4344 ducis
369 4283 488 4357 stellae,
532 4281 627 4362 spolia
679 4283 776 4356 triam,
806 4301 863 4361 qua
893 4281 1056 4343 desciverat
1077 4288 1148 4340 tunc
1168 4297 1185 4339 a
1205 4278 1268 4339 Dea

48 4377 114 4430 suut
133 4367 200 4430 iacti
223 4367 380 4438 Samariae,
411 4367 439 4429 id
462 4375 508 4428 est
529 4366 628 4428 idolo·
680 4367 736 4428 sub
751 4365 1020 4445 regeiiierubaam.
1045 4363 1105 4424 Nec
1118 4363 1176 4423 hoc
1190 4362 1270 4423 enim

49 4454 153 4526 latriae,
175 4451 330 4514 credentes
352 4451 526 4512 videlicetiu
540 4449 628 4512 dari-
679 4469 790 4511 novum
811 4454 974 4528 accubueris
997 4449 1116 4518 diurnis,
1146 4447 1269 4524 figurate

47 4545 130 4599 stum.
184 4535 383 4597 idololatriam
413 4535 490 4596 euim
523 4535 627 4595 Sama·
679 4534 722 4595 uti
744 4533 935 4594 transtatione
950 4531 1111 4620 ‘nominum
1133 4548 1169 4591 ex
1184 4548 1268 4591 cam-

48 4620 106 4684 niae
131 4619 251 4690 nruuine
279 4619 400 4692 notavit,
438 4626 471 4680 ut
498 4616 628 4697 ignemi-
678 4618 829 4698 paratione
849 4615 1015 4680 criminum.
1058 4613 1133 4678 Nam
1161 4621 1191 4674 et
1210 4613 1277 4674 ihr-²
