3132 5238
325 365 331 376 ·
453 373 587 420 sucroaa
607 376 704 422 esrae
724 377 820 422 mass.
841 377 867 423 a.
890 379 917 424 n.
940 379 971 424 a.
1280 367 1319 432 if

106 529 170 588 haec
197 525 337 607 Cypriani
365 525 456 590 uerba
487 527 518 588 in
549 527 672 592 concilio
701 528 948 610 Carthaginiensi:
985 529 1131 612 Superest
1149 541 1186 594 ut
1206 533 1320 610 dehac

104 617 163 692 ipsa
185 629 222 674 re
245 611 361 692 simii
380 613 451 693 quid
473 618 646 687 sentiamus,
664 617 879 694 proferamus,
902 619 1048 680 nemnem
1068 617 1241 687 iudicantes,
1264 625 1320 682 aut

102 702 206 760 sisere
230 701 449 760 communionis
471 697 607 779 ala'puena,
631 703 661 760 si
680 701 833 763 diversum
848 706 985 770 senserat,
1008 710 1188 764 amoventes.
1217 701 1319 785 Neque

101 786 174 843 eain
207 787 368 864 quisquam
400 793 541 844 nostrum
573 787 746 864 episcopum
777 803 810 846 se
831 803 896 847 esse
919 791 1128 866 episcopantur
1148 791 1317 866 constituit,

100 877 148 928 eut
171 872 338 944 meamea
361 877 483 929 terrore
503 868 543 929 od
565 868 744 950 obsequendi
756 875 961 932 necessitatem
977 869 1103 949 collegas
1120 889 1190 934 suos
1205 873 1316 951 ulcheio:

99 952 217 1030 penda
253 951 360 1014 babeat
387 955 483 1013 omnis
514 955 669 1033 episcopus
695 971 755 1033 pro
780 953 900 1016 licentia
928 953 1075 1018 libertatis
1103 965 1129 1017 et
1153 961 1316 1035 potestatis

97 1036 360 1138 summoturum
377 1039 558 1115 proprium,
587 1047 704 1118 tauapan
724 1033 857 1102 iudicari
876 1039 913 1101 ab
935 1039 997 1102 olio
1019 1057 1081 1102 non
1099 1043 1207 1121 possit,
1230 1059 1319 1121 auam

97 1139 148 1182 m
169 1119 773 1285 afflenpgreasleatzg'oefflscggerigie.verba
794 1222 824 1268 a·
832 1205 903 1269 airis
927 1207 1048 1268 eruditis
1071 1157 1211 1270 dorsum
1232 1227 1317 1271 com·

96 1289 229 1352 maniter
251 1289 344 1363 trahi,
374 1290 426 1352 sed
447 1307 465 1350 a
485 1307 533 1350 ma
555 1289 658 1352 moniti
680 1309 745 1352 rem
767 1291 934 1370 expendant
953 1291 1055 1366 vehm,
1084 1312 1118 1356 ao
1137 1294 1238 1354 forsan
1260 1293 1318 1355 illis

96 1375 249 1436 sententia
271 1373 482 1437 immutabitur.

182 1459 333 1538 Qtdoqnid
354 1458 403 1532 sit,
426 1458 623 1522 Tertullianus
646 1459 672 1520 si
695 1459 754 1538 egit
774 1459 915 1521 adversus
937 1459 1084 1538 pontilicis
1100 1459 1224 1522 Romani
1245 1478 1318 1522 sen-

96 1545 238 1618 tentiam,
272 1543 387 1606 Soteris
418 1549 503 1623 puta,
536 1562 597 1604 nan
618 1543 711 1623 magis
733 1543 815 1606 illum
836 1561 890 1622 pra
913 1545 1062 1606 communi
1084 1544 1320 1630 Christianorum
1392 1558 1397 1568 ’

95 1628 269 1708 legislatore
302 1648 337 1690 ac
357 1646 429 1708 rege
449 1627 597 1690 Ecclesiae
625 1627 759 1707 agnovit,
793 1645 879 1706 quam
900 1628 1088 1707 Apollonium
1110 1629 1219 1708 Ephesi
1251 1629 1317 1709 epi-

94 1733 240 1794 scopum,
269 1731 430 1792 aquarum
452 1707 658 1774 communione
679 1731 770 1792 aeque
793 1711 866 1785 sihi,
888 1713 1002 1792 legibus
1024 1732 1058 1776 ac
1077 1712 1190 1793 placitis
1213 1729 1318 1776 eorum

94 1798 285 1878 contemptis,
306 1797 504 1860 recedendum
526 1816 592 1858 esse
614 1797 772 1858 arbitratus
795 1809 850 1858 est.
916 1803 923 1808 '

184 1883 279 1944 Porro
300 1900 466 1962 quanquam
487 1882 532 1964 ab,
544 1881 674 1943 Ecclesia
694 1899 748 1960 per
770 1881 896 1943 schisma
917 1881 1093 1944 recessisset
1108 1882 1318 1958 Tertullianus,

98 1986 167 2028 mm
196 1977 291 2028 umen
319 1967 383 2029 suis
411 1965 528 2045 scriptis
543 1967 690 2028 'adversus
712 1966 947 2045 persecutionem
968 1966 1004 2027 ab
1027 1966 1151 2028 ethnicis
1173 1985 1316 2046 procura-

97 2060 158 2114 tam
182 2051 322 2126 defendit,
345 2071 379 2113 ac
401 2050 518 2131 egregie
540 2050 707 2114 consolatus
730 2059 785 2112 est.
815 2050 918 2112 Solent
938 2050 1077 2112 nimirum
1098 2051 1174 2112 inter
1196 2071 1228 2112 se
1250 2051 1316 2112 dis-

82 2137 262 2224 ‚endenses
291 2145 395 2198 nautm
423 2135 514 2198 maris
542 2147 640 2197 aestus
669 2141 699 2196 et
726 2135 871 2197 minantes
897 2135 1080 2215 naufragium
1106 2137 1251 2216 procellae
1279 2135 1318 2198 ad

95 2223 177 2302 pacis
199 2223 301 2284 studia
322 2239 471 2282 revocare.
516 2219 611 2282 Lubet
632 2220 662 2281 id
683 2221 816 2299 sequenti
838 2219 932 2299 capite
953 2228 1087 2282 accurate
1108 2220 1263 2282 elucidare.

613 2404 734 2466 CAPUT
758 2405 806 2466 tx.

233 2525 269 2575 lie
287 2525 428 2576 Tertulliani
446 2525 542 2590 scriptis
560 2523 716 2590 apologeticis
734 2531 757 2574 ct
775 2523 805 2574 ad
823 2499 961 2588 martyrium
980 2523 1191 2574 exhortationibus.

182 2643 324 2704 Sentiunt
345 2641 541 2704 communiter
562 2640 615 2702 viri
637 2641 715 2704 docti
735 2641 958 2722 Apolcgetieum
979 2641 1189 2702 a'l'ertulliano
1203 2639 1316 2702 Romae

96 2729 241 2808 scriptum
264 2727 365 2800 fuisse,
388 2737 418 2787 ct
439 2734 573 2788 senatum
593 2726 629 2787 ab
652 2744 687 2786 eo
710 2725 859 2804 designari
878 2745 945 2786 cum
967 2725 1095 2786 Romani
1113 2728 1236 2803 inperii
1257 2744 1316 2786 aa·

95 2819 207 2876 tistites
232 2818 266 2875 in
288 2815 354 2892 ipso
376 2814 443 2891 sere
466 2814 577 2873 vertice
600 2813 730 2872 ciuitatis
749 2811 957 2890 praesidentes
979 2809 1229 2870 adiudicandum
1250 2815 1314 2868 sta-

97 2899 147 2960 tim
181 2897 220 2959 ab
254 2897 341 2958 buius
373 2895 441 2956 libri
474 2894 557 2956 initia
580 2894 745 2972 alloquitur.
789 2893 918 2954 Natalem
940 2892 1009 2954 lntic
1029 2891 1183 2969 scriptioni
1205 2907 1344 2952 annum.

97 2983 250 3062 assignant
271 2989 320 3043 aut
348 2979 481 3052 exunt,
508 2979 587 3058 quod
615 2977 684 3039 fecit
713 2977 856 3056 Georgius
876 2975 1095 3048 burbunensis,
1127 2982 1177 3036 aut
1206 2993 1314 3036 annum

98 3067 231 3138 cxcvi,
255 3065 333 3144 quod
356 3063 569 3143 fecitCapellus
591 3069 708 3135 noster,
731 3069 780 3122 aut
801 3078 909 3122 annurn
920 3058 1052 3131 CXClX.,
1074 3057 1153 3136 quod
1175 3057 1241 3120 fecit
1255 3057 1315 3119 Pa-

100 3153 205 3214 melius
238 3159 269 3212 et
300 3157 372 3229 post
404 3167 471 3210 eum
496 3147 641 3209 Batonius
675 3155 704 3207 et
732 3145 790 3206 alii.
834 3143 950 3206 Scilicet
970 3142 1028 3204 hcc
1049 3149 1181 3222 tempore
1202 3143 1314 3204 Severo

105 3255 169 3298 cam
182 3234 299 3298 Parthis
322 3232 430 3296 bellum
452 3240 571 3312 gerente
593 3230 708 3310 plebem
723 3230 883 3292 Romanam
905 3227 935 3289 in
951 3226 1131 3290 Cluistianes
1154 3227 1229 3290 mire
1244 3246 1314 3290 sae-

106 3321 189 3382 riisse
209 3323 303 3382 lectam
324 3317 469 3396 tardeque
490 3315 641 3397 suppliciis
664 3333 730 3378 esse
752 3314 965 3375 debacchatam.

183 3405 250 3467 Non
284 3403 321 3464 ab
355 3402 392 3465 iis
423 3401 547 3464 multum
577 3400 700 3462 recessit
730 3399 841 3462 clariss.
869 3396 1029 3460 Salmasius
1057 3403 1161 3458 nester
1182 3397 1260 3459 notis
1281 3396 1313 3458 in

101 3491 206 3554 libmrn
234 3489 273 3551 de
293 3487 387 3550 Pallio
416 3505 481 3567 pag.
504 3489 555 3550 62.
598 3485 833 3566 Apolopeticuna,
867 3482 975 3560 inquit,
1011 3479 1215 3567 Tertullianus
1237 3481 1315 3544 idem

98 3597 155 3657 pra
172 3576 358 3640 Christianis
381 3573 528 3634 odansue
550 3584 650 3650 pentes
667 3573 800 3649 scripsit,
822 3585 878 3649 puo
895 3578 1025 3647 ternpore
1040 3566 1168 3628 Severus
1186 3565 1314 3628 Pescen-

100 3665 186 3724 aiasi
208 3659 283 3722 belli
302 3657 447 3737 rela'puias
467 3654 705 3738 persequebatur
726 3664 754 3715 et
775 3653 992 3732 exepeditionem
1013 3655 1046 3711 in
1066 3649 1197 3714 Parthos
1215 3668 1314 3729 parc-

100 3746 150 3811 bat
170 3749 226 3826 pat
248 3743 406 3806 Pescennii
421 3740 564 3821 partibus
586 3741 740 3818 facereret,
763 3756 828 3798 cum
849 3736 983 3800 nondum
1004 3735 1142 3796 Alba'aum
1165 3732 1312 3794 debellas-

100 3843 153 3902 set,
174 3835 236 3892 ima
261 3825 369 3890 bellum
390 3827 535 3888 aduersus
551 3843 616 3886 nam
630 3823 754 3884 necdum
767 3824 955 3900 suscepisset,
978 3819 1057 3901 quod
1071 3835 1109 3878 ear
1123 3815 1313 3896 Apotnpenco

101 3919 196 3996 ipsias
220 3911 303 3975 clare
319 3910 422 3990 colla'pi
431 3921 540 3990 potest,
563 3920 591 3970 et
605 3925 661 3970 nos
676 3904 943 3986 nospotapnnom
954 3901 1096 3984 pluribus
1111 3900 1311 3962 adstraaemus.

107 3999 199 4061 Citius
221 3998 252 4058 in
273 3993 457 4076 praelatione
468 3994 503 4055 ad
517 3990 696 4071 apologetici
712 3988 877 4050 versionem
893 3987 1039 4058 Gallicam,
1055 4001 1132 4044 anno
1147 3981 1311 4046 bfliCXLll.

110 4081 139 4142 in
158 4081 215 4144 lnce
237 4080 392 4154 emissam,
414 4097 475 4140 nan
495 4095 572 4139 anno
595 4073 716 4137 CXCIX.
738 4073 790 4134 sed
812 4091 888 4134 anno
906 4071 997 4133 CCIV.
1020 4066 1173 4129 occasione
1193 4069 1312 4147 quintae

109 4167 316 4245 persenationis
338 4163 450 4225 Romae
472 4162 580 4224 editum
602 4155 820 4238 apologeticum
842 4163 950 4218 censet.

185 4253 264 4315 llaec
285 4249 375 4328 vulgo
397 4255 537 4319 statuum,
559 4244 618 4307 nisi
639 4241 872 4322 quodPamelius
886 4235 1176 4318 apologeticnmnon
1189 4237 1312 4313 Romae,

107 4337 158 4398 sed
178 4333 347 4414 Carthagini
377 4331 519 4410 scriptum
551 4329 642 4390 fuisse
673 4347 707 4389 ac
733 4325 800 4388 inde
821 4326 943 4387 Romam
975 4321 1065 4384 fuisse
1097 4321 1311 4398 transmissum,

107 4422 244 4485 sedandae
265 4415 486 4501 persecutionis
507 4433 610 4487 causa,
633 4410 788 4474 existimat.

175 4509 294 4570 ‘lenam
316 4521 383 4564 rem
406 4509 495 4562 teman
515 4497 676 4560 accuratius
695 4495 861 4574 expendens
884 4491 965 4555 aliter
990 4491 1109 4553 omnino
1125 4491 1311 4554 statuendum

105 4610 168 4660 esec
188 4593 332 4664 arbitror,
356 4585 435 4668 quod
457 4583 636 4648 cruditorum
657 4580 787 4644 virorum
807 4595 878 4660 pace
899 4576 1030 4640 ductim.
1059 4576 1151 4658 igitur
1171 4595 1236 4640 cum
1250 4575 1310 4638 Pa-
