3036 5230
483 401 617 446 sacroue
638 401 700 446 roa.
723 401 809 445 asra.
1197 391 1258 456 705

28 549 132 622 Quod
155 553 361 630 praemonuit,
390 549 511 632 definit:
539 552 619 632 quad
640 555 795 624 sustinuit,
818 555 964 632 esposuit.
1008 553 1048 615 lit
1068 573 1150 620 nunc
1171 575 1259 621 reco-

22 640 137 713 gitans
160 639 219 697 ista
239 635 331 714 facile
353 635 409 698 tibi
425 635 634 714 persuadebis,
660 637 758 699 neulto
783 641 880 717 magis
901 643 1008 698 uns'cas
1030 644 1155 720 nuptias
1179 659 1260 704 aone-

19 723 148 798 petisse
176 719 337 782 Paracleto
362 721 556 798 praedicare,
591 725 645 800 qui
675 725 779 800 potuit
810 729 840 782 et
874 720 978 783 nullas
1007 727 1170 805 maps‘spue
1193 743 1259 788 cre-

24 805 166 864 dendum
189 815 373 883 imperasse
395 802 491 874 illum,
522 805 600 882 quod
620 816 650 866 et
671 804 834 867 abstulisse
857 806 1012 876 decuisset,
1041 811 1071 868 si
1090 827 1165 887 assae
1186 809 1259 872 uelit

24 886 178 949 Christus
206 887 368 966 intellipas.
413 887 451 948 ln
479 887 534 948 bac
561 906 677 969 quoque
697 888 891 951 Paracletum
912 907 1075 969 agnoscere
1097 893 1180 958 debes
1202 893 1259 954 ad·

22 982 185 1041 vocatum,
208 973 288 1052 quod
308 991 327 1032 a
350 980 414 1033 tota
435 975 621 1033 continentia
641 974 850 1052 infirmitatem
873 985 956 1036 tuom
978 985 1114 1038 accusat.

120 1055 259 1117 Proiecto
281 1073 349 1116 uera
370 1055 534 1128 conclusio,
557 1073 631 1134 quae
653 1075 690 1116 ex
711 1057 930 1137 comparatione
952 1057 1039 1119 huius
1054 1060 1113 1120 loci
1126 1067 1259 1138 etprae-

23 1139 169 1200 cedentis
197 1139 263 1200 duci
292 1139 403 1220 possit,
432 1156 493 1200 uon
522 1140 594 1200 haec
622 1147 684 1212 est,
717 1140 889 1202 blnmsmum
909 1142 1113 1220 praetendisse
1135 1162 1169 1204 se
1191 1163 1260 1207 esse

21 1223 248 1294 Paracletum,
272 1233 321 1284 aut
342 1222 515 1284 distinxisse
537 1224 615 1284 inter
636 1224 817 1286 Paracletum
838 1244 855 1287 a
878 1225 997 1287 Christo
1019 1227 1163 1306 apostolis
1185 1247 1258 1308 pro-

21 1308 161 1368 missum
189 1315 220 1368 et
241 1307 385 1387 Spiritum
407 1307 547 1368 Sanctum
568 1307 821 1371 Pentecostalihus
843 1327 934 1388 super
955 1327 1009 1370 eos
1032 1304 1172 1374 etiusum:
1205 1312 1259 1374 scd

22 1392 206 1452 Montanum
241 1391 443 1464 existimasse,
478 1409 511 1451 se
541 1391 646 1452 eodem
676 1393 787 1470 Spiritu
815 1411 874 1471 quo
901 1393 1055 1473 apostolos
1082 1396 1259 1476 inspiratum

24 1494 120 1546 esse,
150 1493 326 1554 quamquam
348 1473 496 1555 peculiare
519 1475 649 1536 officium
671 1494 758 1536 suum
782 1484 877 1550 esset,
899 1477 1110 1540 revelationem
1138 1479 1257 1542 christi-

23 1578 120 1620 anam
149 1559 244 1638 aliqua
267 1561 382 1620 ratione
405 1559 540 1620 claudere
562 1567 592 1620 et
612 1559 643 1620 iu
665 1559 741 1621 clara
763 1579 798 1622 ac
818 1561 970 1640 splendida
991 1562 1056 1624 luce
1077 1580 1190 1642 ponere
1211 1564 1259 1626 illa

25 1645 172 1724 dogmata
200 1643 353 1716 sublimia,
382 1643 447 1704 ibas
469 1643 619 1705 doctrinas
640 1643 847 1723 perfectionis,
881 1664 955 1724 quas
977 1646 1047 1707 dum
1070 1646 1206 1710 Christus
1228 1649 1258 1710 io

24 1728 123 1788 terris
145 1735 314 1788 versaretur
336 1729 399 1788 eius
421 1726 559 1806 discipuli
581 1729 659 1788 lene
680 1747 741 1788 non
762 1729 945 1807 potuissent,
973 1749 1047 1808 quae
1069 1739 1166 1792 tamen
1189 1732 1259 1794 iude

24 1831 43 1872 a
77 1811 227 1872 descensu
249 1811 377 1890 Spiritus
400 1811 431 1872 S.
464 1811 719 1872 Pentecostalibus
741 1813 817 1874 iacto
840 1812 933 1892 magis
955 1813 986 1875 in
1008 1813 1073 1875 dies
1095 1815 1258 1878 illustratae

26 1903 145 1956 esseut
190 1895 222 1956 Si
245 1897 311 1973 quis
334 1895 404 1956 dicit
429 1894 581 1974 apostolos
603 1895 715 1975 Spiritu
738 1895 769 1957 S.
792 1896 956 1974 inspiratos
979 1915 1064 1971 ease,
1086 1899 1258 1960 Montanum

24 1978 194 2051 Paracleto,
217 1978 243 2039 is
265 1997 335 2040 sero
358 1997 469 2040 meram
492 1979 650 2041 verborum
672 1979 893 2041 distinctionem
916 1980 993 2054 iacit,
1017 1982 1164 2060 siquidem
1179 1984 1256 2044 Ter·
1363 2039 1375 2054 ,

24 2062 184 2136 tullianus,
206 2070 240 2122 ut
261 2063 355 2124 elucet
377 2081 412 2124 ex
434 2063 575 2123 universo
598 2065 661 2126 eius
684 2065 862 2143 scriptorum
885 2072 999 2137 tenore,
1024 2065 1165 2145 Spiritum
1181 2067 1211 2129 S.
1227 2075 1258 2128 et

24 2146 216 2208 Paracletum
239 2147 365 2210 eundem
387 2147 547 2226 ponebam.
568 2148 602 2208 ln
624 2148 796 2210 uuiversum
819 2148 936 2228 quidem
952 2157 1065 2210 certum
1081 2150 1256 2212 est'l'ertul·

24 2229 140 2291 bianum
163 2230 274 2292 dixisse
295 2249 401 2292 noram
423 2231 609 2310 prophetiam
631 2232 797 2310 profiscisci
820 2232 1020 2306 aParaclet03
1041 2233 1094 2294 sed
1118 2233 1175 2294 hoc
1195 2253 1257 2296 nou

25 2321 203 2376 constanter
224 2315 265 2374 fic
292 2314 364 2376 Naro
388 2316 420 2377 in
441 2315 517 2376 libro
540 2316 604 2377 adv.
619 2315 770 2378 Praxean*
791 2335 855 2377 eam
881 2323 967 2376 vocat
981 2316 1170 2396 Prophetiam
1185 2317 1255 2400 Spi-

24 2399 106 2460 ritus
130 2397 161 2459 S.
205 2397 366 2476 lbistinguit
393 2399 471 2460 inter
492 2399 688 2461 revelationes
711 2400 855 2480 apostolis
879 2408 909 2460 et
930 2401 1068 2461 blontano
1091 2401 1255 2481 impertitas

24 2482 128 2562 quoad
158 2500 258 2542 earum
287 2483 423 2544 diuersos
451 2482 559 2560 gratim
586 2483 793 2561 perfectionis3
826 2484 879 2545 sed
902 2501 962 2544 uon
984 2484 1137 2562 distinguit
1158 2485 1256 2563 quoad

23 2569 142 2628 iontem
172 2565 251 2625 unde
279 2565 426 2627 derivatae
454 2566 524 2626 sint.
568 2566 641 2626 Nam
668 2567 699 2627 in
724 2565 801 2627 libro
823 2566 861 2628 de
881 2567 1119 2646 Praescriptione
1141 2568 1254 2629 Haere-

24 2652 173 2712 ticorum·
199 2647 240 2708 ait
267 2649 448 2710 Paracletum
479 2648 574 2709 luisse
595 2658 817 2730 praeceptorem
839 2650 1044 2728 apostolorum
1066 2668 1156 2729 quum
1179 2651 1254 2711 exti-

23 2735 105 2796 erint
133 2732 335 2794 condonaturi
364 2733 440 2792 inter
474 2731 617 2810 gentiles3
644 2733 674 2792 in
705 2733 783 2793 libro
814 2733 850 2794 de
872 2731 1101 2793 Resurrectione
1124 2733 1253 2807 Carnia⁸‚

24 2817 172 2898 Spiritum
198 2817 230 2877 S.
264 2833 354 2895 οιιιιιιι
376 2823 460 2876 antea
483 2814 625 2893 quasdam
648 2815 799 2876 doctrinas
821 2815 946 2893 quadam
968 2815 1150 2876 obscenitate
1167 2816 1254 2877 ioso-

25 2904 106 2963 lutas
134 2917 254 2960 manere
281 2917 389 2980 passus
421 2905 518 2970 esset,
547 2917 606 2978 quo
636 2899 724 2960 fidem
747 2898 982 2959 Christianorum
1005 2905 1148 2971 tentaret,
1175 2917 1256 2962 nunc

25 3003 136 3047 ornnes
158 2983 363 3062 ambiguitates
386 2981 550 3043 removisse
578 2982 654 3044 clara
677 2991 707 3044 et
728 2982 839 3044 diserta
860 2980 1053 3060 explicatione
1075 2983 1167 3044 totius
1188 3001 1253 3062 my·
1298 3057 1301 3066 Ι

25 3069 115 3132 sterii
145 3067 289 3145 evangelii
311 3099 351 3114 -
379 3084 433 3146 per
461 3083 567 3126 nouam
594 3065 783 3146 prophetiam
804 3064 989 3127 abundanter
1011 3067 1136 3128 educam
1158 3069 1174 3128 'a
1195 3067 1253 3128 Pa·
1303 3067 1308 3076 '

24 3152 148 3216 racleto.
192 3151 254 3212 lam
287 3167 353 3212 mea
387 3149 540 3212 conducio
560 3149 636 3212 haec
657 3159 719 3218 est,
741 3149 874 3211 Montani
896 3150 1077 3210 assertiones
1101 3158 1181 3210 recte
1202 3169 1253 3212 re-

23 3234 211 3319 praesentari
239 3235 275 3296 ab
302 3234 468 3313 Augustino
496 3233 634 3298 dicente·¹
662 3234 699 3295 de
727 3253 764 3296 eo
793 3232 966 3313 duabusque
999 3233 1063 3295 eius
1095 3233 1253 3298 comitibus

60 3405 85 3452 p.
104 3383 266 3436 Tertullianus
289 3394 380 3436 ιιοιιιοι
404 3385 488 3435 aberat
517 3394 541 3436 ot
566 3393 616 3436 sta·
668 3388 797 3437 diuinitatis
830 3391 850 3436 et
877 3387 968 3435 tertium
994 3387 1091 3448 modum
1116 3389 1252 3450 maiestatis,

24 3461 106 3506 lueret
124 3454 259 3504 ιιοιιιιιιοοι
279 3469 334 3504 esse
353 3453 518 3513 Paracletum,
542 3462 568 3504 ut
586 3469 616 3504 ue
666 3456 736 3504 unius
767 3455 949 3519 praedicatorem
975 3455 1130 3516 monarchiae,
1165 3455 1207 3504 sed
1233 3461 1255 3504 et

25 3523 87 3574 iilud
106 3519 201 3583 quidem
219 3529 314 3585 putaret
329 3521 487 3570 revelationes
499 3519 616 3571 Paracleti
667 3513 825 3586 οἰκονομίας
848 3523 1058 3584 interpretatorem,
1085 3523 1106 3570 si
1134 3523 1186 3585 qais
1204 3536 1254 3571 ser-

26 3592 46 3641 ei
67 3587 113 3638 sali
132 3589 255 3650 obtigisse.
291 3589 350 3639 Nuus
376 3589 399 3637 iu
424 3587 487 3637 libro
511 3588 541 3638 de
559 3589 613 3639 lies.
663 3603 743 3640 mones
766 3603 838 3639 norae
865 3589 1000 3652 prophetias
1027 3589 1097 3636 eius
1126 3589 1253 3638 masseria

26 3659 97 3707 Caro.
117 3670 135 3704 c
157 3655 196 3705 ιι.
222 3655 338 3719 quaedam
363 3655 433 3704 rerba
458 3657 527 3713 allen
552 3663 577 3704 οι
600 3669 613 3704 a
665 3672 686 3706 c.
704 3655 745 3705 30.

26 3721 150 3774 l'asacleto
169 3723 231 3771 dicta
249 3737 294 3785 per
302 3723 409 3770 Priscam
420 3721 614 3785 prophetissam:
698 3738 718 3771 s.
738 3722 804 3778 Ossad
822 3724 844 3769 si
861 3721 995 3769 animitas
1013 3719 1123 3768 destinati
1148 3720 1253 3769 doctores

28 3793 56 3839 de
75 3791 157 3851 quibus
175 3789 301 3838 luculenter
318 3795 340 3837 et
357 3789 487 3837 Paracletus
502 3802 545 3852 per
558 3789 614 3836 Pro-
664 3789 773 3852 apastoli,
810 3787 856 3850 ipsi
884 3801 975 3849 amque
998 3786 1113 3836 doctorem
1137 3787 1255 3836 camerati

26 3854 139 3919 phetiders
155 3853 271 3905 Priscam:
288 3853 396 3916 „Gom
413 3860 467 3903 sunt
484 3859 506 3903 et
523 3867 614 3904 earnm
665 3861 731 3904 mant
748 3854 891 3903 Paracletum
908 3867 928 3901 a
948 3849 971 3901 8.

27 3917 154 3972 adnuat.“
698 3928 716 3969 t.
735 3920 908 3983 sedquoniam
924 3934 966 3970 nec
984 3917 1132 3968 dissimulare
1142 3917 1253 3982 Spiritusne
1320 3939 1323 3946 ·

664 3987 774 4037 Sarcinas
790 3987 917 4050 oportebat,
938 4000 982 4049 qua
999 3987 1106 4034 ruinaset
1120 3985 1253 4036 iuuenca

664 4055 764 4117 eloquiis
781 4053 982 4117 superinundaret,
1007 4066 1065 4116 qaae
1083 4050 1154 4099 nullis
1171 4052 1252 4102 ιιοιιο-

663 4123 761 4170 ticaruas
771 4121 878 4170 sersatiis
884 4121 982 4182 [eminae
992 4119 1175 4181 subspargerent,
1183 4119 1250 4168 ιὀιιιιο

664 4193 790 4237 sterteres
808 4201 885 4238 estune
904 4187 999 4249 cespites
1016 4185 1138 4244 uellerent,
1162 4185 1250 4236 idcirco

663 4256 711 4304 iaus
729 4269 808 4304 omnes
824 4260 886 4303 retro
911 4253 1071 4315 ambiguitates
1095 4257 1117 4299 et
1133 4266 1191 4316 gaas
1208 4267 1250 4302 ro-

662 4322 713 4370 lant
728 4322 855 4386 parabolas
874 4325 954 4384 aperto
971 4319 1250 4383 atqueperspieaatotisss

661 4389 798 4438 amonesii
819 4387 993 4453 praedieatione
1017 4387 1125 4435 discussit
1147 4400 1191 4450 per
1207 4400 1251 4434 nc·

660 4470 711 4504 rans
731 4457 876 4520 propheticus
900 4455 929 4504 de
953 4453 1069 4504 meatus
1093 4453 1249 4504 ιἰιιιιιιιοιιιιιι

59 4539 79 4574 r.
97 4524 139 4574 llic
161 4525 253 4573 iuterim
273 4527 390 4586 mceptasn
407 4537 421 4570 a
437 4521 504 4570 Putre
525 4535 609 4570 naeus
659 4521 710 4572 Sub
728 4521 811 4570 duem.
978 4547 981 4556 .

27 4593 112 4658 effudit
135 4592 246 4656 εοιιιιοιιι
270 4589 387 4650 Sanam,
413 4589 506 4638 tectisue
526 4603 610 4639 meu
694 4603 718 4640 u.
736 4588 809 4639 hiber
826 4587 857 4639 ds
874 4587 1022 4639 haeresibus
1039 4601 1060 4637 e.
1079 4584 1120 4636 bb.

64 4675 217 4723 Τιιιοιιιιιιι
231 4685 284 4722 οιι.
298 4685 336 4720 ιο.
351 4683 451 4719 οιιιιι.
481 4672 545 4718 tous.
557 4671 597 4718 ιιι.
1009 4668 1044 4722 lb

63 4036 85 4085 q.
100 4019 176 4068 Utitur
186 4033 242 4069 roca
252 4017 426 4079 ‚‚Paracletos‘¹
437 4017 466 4076 ad
476 4017 614 4081 significau-

29 4088 82 4139 dnm
101 4089 193 4134 tertiam
217 4099 346 4150 personam
372 4092 468 4135 sanctes
493 4085 612 4136 trinitatis.

29 4157 71 4208 llic
90 4167 205 4203 rannerus
222 4153 296 4204 Patris
320 4167 371 4203 cusu
388 4153 457 4213 Pilio,
477 4159 498 4204 et
515 4153 573 4202 lilii
588 4155 614 4202 in

27 4221 149 4281 Paracleto,
175 4227 221 4270 tres
244 4221 312 4285 efficit
336 4223 490 4280 cohonestet,
516 4221 613 4270 alterans

28 4305 58 4340 ec
81 4289 159 4338 attera
202 4286 257 4336 hdr.
285 4287 390 4336 Praxean
421 4301 442 4336 c.
466 4285 508 4337 25.
534 4287 563 4336 lit
587 4287 610 4336 io

26 4358 89 4408 libra
102 4353 235 4405 deleiuuiis
253 4369 274 4404 c.
295 4353 333 4403 ts.
352 4353 399 4403 hoc
416 4359 492 4414 aaut:
510 4353 611 4418 Spiritu

26 4427 49 4478 S·
70 4448 100 4459 ·-
119 4438 163 4488 pito
177 4422 316 4484 Puniceus,
335 4421 361 4470 id
379 4427 421 4483 est,
442 4421 574 4471 οιιοοοοιοο.
