3082 5238
258 366 322 430 576
343 383 382 426 ns
395 382 469 424 vena
483 379 597 422 aurare
612 379 648 424 aa
661 379 808 424 noormna
823 378 1006 424 semerom
1021 378 1217 423 emanatura
1232 379 1412 422 naseorarao

261 534 342 594 dere.
386 531 488 608 Neque
508 549 579 591 vero
603 537 657 602 est,
679 529 758 608 quod
781 528 1004 590 TilIemontium
1025 527 1179 590 erudiamus
1202 529 1412 608 ophmtem·,
1431 529 1477 590 de

260 635 342 678 mum
355 623 425 694 post
438 624 548 676 annum
562 613 658 676 CCIII.
675 613 786 674 editum
808 631 877 674 esse
898 613 1007 674 librum
1028 613 1170 692 priorem,
1192 612 1399 692 posteriorem
1421 632 1480 674 aero

261 700 354 763 multo
377 707 443 760 ante
465 707 496 759 et
516 717 593 760 anno
616 699 736 777 quidem
757 696 891 759 CXCVII.
934 697 1008 758 Nam
1030 697 1062 757 iu
1084 716 1120 758 eo
1143 697 1226 769 loco,
1259 715 1354 775 quem
1375 700 1479 758 exeita

260 785 302 846 ait
311 797 334 856 ¹,
357 801 449 861 aeque
471 790 571 860 potest
595 781 793 843 Tertullianus
814 780 945 861 priorem
970 781 1071 864 Severi
1094 799 1130 842 ex
1143 781 1262 842 Parthia
1284 781 1422 842 reditum
1442 794 1480 842 au

260 867 438 946 legationem
460 866 607 946 quandam
627 865 805 926 Parthorum
833 864 974 929 habuisse
1001 865 1033 926 in
1061 863 1177 937 ammo,
1214 883 1302 943 quam
1338 865 1423 926 illam
1453 867 1481 926 de

260 952 378 1014 Parthis
400 951 553 1012 victoriam
574 950 785 1029 posteriorem
830 948 918 1021 Quod
939 967 1010 1010 vero
1025 967 1152 1012 cansam
1174 948 1301 1029 aliquam
1325 968 1402 1010 esse
1423 951 1481 1010 diat

262 1035 419 1106 credendi,
448 1035 538 1096 istum
561 1035 686 1108 librum,
718 1051 805 1112 quem
827 1052 884 1094 nos
906 1034 1107 1112 posteriorem
1128 1033 1269 1105 dicimus,
1300 1034 1403 1094 marito
1425 1045 1481 1094 ante

263 1139 332 1184 esse
363 1120 506 1199 scriptum
538 1137 626 1198 qamm
657 1119 781 1180 alterum
803 1117 944 1190 ediderit,
982 1119 1020 1178 de
1041 1135 1097 1189 eo,
1129 1117 1269 1196 quoniam
1292 1116 1480 1180 Tillemoutia

262 1223 325 1268 uon
346 1203 455 1283 placuit
476 1203 540 1266 aius
570 1202 722 1283 opinionIs
750 1201 896 1264 rationem
927 1201 1070 1274 reddere,
1106 1201 1195 1264 nobis
1225 1201 1364 1264 vicissim
1399 1202 1482 1282 plaut

263 1289 373 1350 tamdiu
398 1288 543 1362 dubitare,
566 1287 664 1367 quoad
686 1287 750 1348 eius
781 1285 900 1364 generis
916 1284 1025 1364 aliquid
1040 1285 1217 1364 prodnenrm
1232 1285 1268 1346 ala
1283 1285 1346 1348 alio
1362 1288 1481 1364 quadan

263 1373 436 1434 riderImus.

806 1541 836 1614 a.
858 1536 945 1598 xxv.

347 1657 451 1718 Eidem
479 1655 606 1736 tempori
635 1673 718 1716 suam
745 1673 864 1733 quoque
893 1653 1037 1732 originem
1068 1653 1157 1714 dehet
1182 1653 1258 1713 liber
1285 1653 1324 1713 de
1356 1653 1480 1731 Eugeia

263 1740 485 1804 Persecutione.
530 1739 618 1813 Quod
640 1747 845 1818 argumentum
866 1738 923 1799 Iam
946 1737 976 1798 in
1006 1737 1055 1800 illo
1078 1737 1115 1798 de
1137 1737 1254 1799 Corona
1282 1737 1361 1800 alias
1385 1739 1481 1817 dispo·

262 1827 384 1888 tandum
406 1825 585 1904 promIserat
607 1827 681 1902 (cap.
708 1827 756 1887 10.
779 1842 809 1901 p.
835 1825 905 1886 120.
929 1821 991 1900 C.);
1014 1821 1097 1883 onius
1119 1821 1176 1882 loei
1195 1821 1284 1882 verba
1306 1824 1435 1882 tametsi
1456 1828 1481 1882 ai

265 1910 443 1990 scorpiacea
466 1908 565 1990 potins
587 1907 721 1968 nonnulli
743 1905 899 1968 reserenda
920 1905 1102 1985 putaverim,
1140 1913 1305 1966 esttamen
1329 1907 1395 1968 iam
1429 1908 1480 1967 aliu

265 1995 469 2066 observatum,
503 1993 582 2072 quod
611 1991 733 2070 InteIIIgi
754 1991 829 2052 haec
849 1989 968 2070 quidem
991 2008 1051 2051 non
1073 1989 1170 2070 possit
1196 1997 1379 2069 propterea,
1415 1993 1481 2070 quat

265 2097 329 2140 eam
351 2076 525 2150 haereticis,
558 2077 612 2136 sed
634 2075 711 2136 illam
734 2075 770 2136 de
794 2075 872 2153 Fuga
901 2075 1180 2135 commentationem
1210 2073 1365 2136 timiditati
1389 2095 1481 2136 eoram

265 2161 416 2242 opposuit,
440 2153 490 2240 qni
512 2167 595 2220 erant
619 2158 692 2220 socii
721 2159 904 2220 orthodoxae
926 2157 1084 2219 Ecclesiae.
1128 2158 1221 2238 Igitur
1242 2168 1381 2238 apparet,
1407 2159 1481 2220 Iilul-

264 2245 324 2308 Ium
348 2247 383 2305 de
405 2244 485 2322 Fuga
507 2243 625 2303 demntia
647 2251 717 2322 post
738 2263 763 2304 a.
788 2243 857 2304 CCI.
881 2261 897 2303 a
919 2241 1098 2303 Tertulliano
1123 2241 1232 2303 editum
1255 2243 1366 2303 luisse.
1399 2249 1482 2322 Atque

265 2348 320 2408 ego
343 2328 441 2388 nullus
463 2326 565 2387 dubito
589 2346 656 2387 eum
677 2327 785 2388 librum
808 2325 907 2388 staIIm
930 2345 1006 2386 anno
1031 2326 1166 2405 sequenti
1189 2325 1352 2388 vlndioare.
1397 2329 1480 2406 Equi-

265 2414 333 2476 dem
363 2410 421 2472 ista
452 2410 571 2472 lenitate
598 2431 632 2472 ac
658 2409 805 2472 modestia
825 2409 998 2472 Tertulliani
1019 2428 1081 2471 non
1102 2417 1177 2483 utar,
1201 2428 1276 2489 quae
1298 2407 1407 2472 nota'ri
1429 2433 1481 2472 me

265 2504 348 2558 retur
369 2496 397 2555 In
421 2493 513 2568 libro,
536 2495 566 2555 in
588 2513 647 2574 qno
669 2495 872 2574 quaestionem
894 2494 994 2574 ponit,
1017 2513 1092 2572 qnae
1113 2493 1308 2556 Montanistas
1333 2497 1480 2575 sepas-alu

265 2600 282 2642 a
304 2579 419 2660 puriori
439 2577 585 2653 Ecclesia,
608 2579 715 2658 quibus
738 2588 836 2640 tanam
858 2597 925 2640 eum
947 2587 1009 2638 tum
1031 2578 1125 2639 luisse
1146 2578 1293 2639 addietum
1315 2597 1414 2640 nemo
1438 2582 1481 2640 du

264 2664 406 2738 bitahit13
429 2663 526 2724 dicere
549 2663 626 2723 enim
648 2663 714 2742 quis
737 2671 843 2742 posset
865 2653 1088 2736 Tertnlstanum,
1112 2680 1178 2723 enm
1205 2663 1241 2722 ad
1256 2681 1326 2723 enm
1345 2663 1408 2724 ista
1423 2685 1481 2743 pan

266 2747 418 2818 scriberet,
442 2746 496 2826 qni
514 2746 610 2807 stabat
631 2766 647 2807 a
669 2747 801 2825 partibus
826 2747 1078 2818 orthodoxorum,
1102 2765 1134 2807 se
1157 2746 1274 2826 qaudam
1299 2757 1481 2828 temperasse

265 2852 281 2893 a
303 2831 401 2894 verbis
422 2829 617 2892 durioribus?
647 2831 723 2892 Sane
745 2831 860 2910 gravius
883 2831 1001 2910 aliquod
1023 2841 1226 2910 argumentum
1246 2831 1386 2910 positum
1403 2834 1482 2892 estis

257 2921 313 2989 'eo‚
337 2917 425 2994 quad,
449 2933 514 2975 oum
537 2924 672 2976 nostmm
694 2915 824 2976 libellum
847 2915 957 2988 ederet,
980 2915 1037 2976 iam
1061 2915 1198 2994 coepisse
1221 2915 1371 2994 quaedam
1388 2918 1482 2978 adrer-

266 3019 319 3062 sus
342 2999 527 3060 Christianos
549 2999 657 3077 flagiIIa
678 2999 794 3061 dlxerit.
838 3000 881 3061 lta
903 3000 982 3060 enim
1004 2998 1134 3060 orditur:
1160 3000 1319 3072 Quaesisti
1336 3009 1482 3080 promae

265 3083 341 3147 raet
359 3084 472 3163 frater,
506 3082 682 3162 sapiendum
704 3103 795 3146 neone
821 3090 862 3146 ait
883 3088 914 3145 in
935 3088 1154 3164 perseeutione,
1187 3085 1265 3164 quod
1290 3090 1401 3147 neseio
1428 3087 1484 3166 quil

266 3172 515 3231 annuntiaretur.
558 3167 595 3228 Et
620 3167 708 3246 paulo
742 3179 824 3248 post:
862 3167 937 3229 lane
968 3173 1126 3230 neoterium
1159 3179 1187 3228 et
1221 3177 1274 3228 tao
1304 3171 1483 3233 vomuere

268 3252 482 3312 commendavit
503 3262 531 3312 et
552 3254 681 3314 conditio
705 3265 871 3332 ternpornm
894 3271 948 3314 suo
971 3256 1030 3313 inm
1052 3256 1170 3312 nornine
1185 3254 1332 3312 Intonuit.
1370 3249 1484 3326 Quaen

266 3339 344 3396 enim
364 3337 584 3414 frequentiores
607 3340 761 3399 inama'nent
779 3339 1018 3416 persecutiones,
1052 3345 1136 3398 tanto
1166 3339 1355 3398 eaamiuotio
1377 3357 1484 3416 praea-

267 3419 366 3479 randa
389 3429 442 3488 est,
465 3420 609 3499 quomodo
633 3439 682 3481 eas
704 3424 839 3500 occipere
861 3420 936 3500 fides
961 3421 1073 3482 deleat.
1118 3419 1252 3498 lienique
1274 3422 1317 3499 (p.
1339 3423 1419 3485 689.
1437 3424 1485 3490 Ca:

266 3501 348 3564 Idaea
369 3500 444 3581 pala
471 3501 542 3572 Illa,
574 3523 649 3585 quoe
676 3517 705 3567 et
727 3523 808 3565 nune
829 3505 1006 3566 doenina'cam
1034 3521 1139 3564 areum
1157 3516 1288 3583 purgat,
1323 3503 1486 3568 Ecclesia·

208 3593 215 3598 “
266 3585 387 3656 scilieet,
412 3587 572 3665 confusum
594 3606 735 3649 aceruum
755 3588 890 3668 fidelium
911 3587 1085 3656 eventilans,
1108 3588 1298 3666 frumentum
1314 3587 1488 3669 mareyna

266 3681 296 3733 et
314 3671 422 3751 paleae
444 3681 630 3749 negatorum.
675 3671 735 3732 Sed
764 3689 907 3750 quaenam
936 3671 985 3733 hio
1021 3670 1208 3750 intelligenda
1241 3670 1279 3730 sit
1309 3671 1488 3736 christianas

267 3754 393 3816 Iamiliae
421 3755 551 3826 venado,
584 3755 733 3816 neminem
766 3757 867 3833 lugere
897 3763 1011 3836 potest,
1045 3755 1095 3834 qni
1128 3755 1315 3834 superiorem
1353 3757 1440 3819 illam
1469 3780 1487 3816 a.

267 3837 412 3912 CXCVII,
434 3837 633 3917 posteriorem
655 3859 681 3900 a.
705 3839 786 3900 CCII.
810 3839 986 3918 oontIgisse‚
1007 3849 1141 3900 nostrum
1163 3857 1234 3906 aero
1262 3837 1406 3902 libellum
1432 3853 1487 3922 por.

267 3922 424 4001 opiniones
446 3922 690 3984 llontanistarum
713 3943 729 3984 a
752 3923 932 3985 Tertulliano
956 3931 1109 4002 susceptas
1132 3923 1275 4002 serIptum
1299 3943 1377 3986 esse
1400 3929 1487 3988 antu

207 4019 209 4026 '
267 4005 433 4068 advenerit.
478 4006 570 4086 Ig'tur
598 4007 635 4068 ad
656 4007 744 4068 finem
766 4008 828 4068 iere
850 4027 876 4068 a.
900 4007 981 4070 CCII.
1010 4007 1117 4068 editam
1146 4025 1215 4067 esse
1243 4007 1320 4069 hanc
1353 4009 1395 4071 de
1419 4011 1485 4087 rep

302 4187 325 4224 a.
344 4175 369 4224 1..
388 4191 408 4224 c.
427 4189 451 4239 p.
471 4174 528 4226 210.
547 4175 595 4224 lrt
612 4175 653 4223 vt:
901 4177 976 4240 recipi
995 4176 1025 4224 ab
1044 4177 1081 4236 ils,
1102 4175 1131 4224 ad
1150 4189 1213 4240 qaas
1232 4176 1314 4225 irater.
1326 4175 1376 4227 ille
1390 4181 1489 4241 pertice

301 4255 322 4289 x.
347 4241 378 4290 Ex
397 4241 438 4292 lib.
457 4243 475 4291 I.
494 4258 514 4292 a.
533 4241 572 4292 d:
600 4243 741 4294 Cannarum
763 4259 852 4309 quoque
901 4243 951 4302 bat,
970 4246 1007 4292 oui
1025 4243 1113 4296 librum
1132 4243 1255 4306 InsarIpsit
1271 4247 1303 4302 (a.
1315 4245 1338 4294 1.
1357 4246 1490 4309 p-asattt

267 4309 411 4360 nobilitatem
427 4311 526 4362 vennas
545 4311 627 4362 Ilonae
646 4311 673 4360 de
690 4311 852 4374 [aalidiol’ur-
902 4309 1006 4372 Spiritus
1024 4317 1148 4376 praeterea
1167 4311 1265 4360 effatum
1283 4312 1490 4364 adtestimonn

268 4375 359 4425 tlorum
377 4383 397 4424 et
415 4375 532 4426 ldedoraen
551 4383 720 4442 ceterorumque
732 4380 851 4441 gentilium
903 4379 959 4426 citat
976 4379 1007 4436 (c.
1018 4377 1043 4428 9.
1061 4377 1280 4442 putantquod
1301 4395 1363 4430 cnm
1384 4383 1411 4430 in
1430 4395 1490 4430 saca

268 4455 362 4492 moran
379 4459 455 4493 eoram
471 4447 583 4494 matronis
602 4447 775 4495 erubescentem.
903 4444 985 4494 codiee
1004 4459 1052 4494 non
1070 4453 1190 4505 occurrat,
1209 4445 1272 4494 haud
1292 4447 1373 4498 dabie
1393 4451 1491 4513 spirae

302 4523 323 4571 y.
341 4513 485 4570 Argumento
505 4511 852 4573 essepoteatI'araeIetillon·
902 4511 1062 4562 Idonteniatici
1080 4520 1130 4575 est;
1150 4511 1179 4562 de
1198 4527 1246 4576 quo
1265 4513 1341 4564 etiam
1364 4514 1489 4567 enain.

267 4576 407 4627 lanistarum
427 4581 634 4637 commemoratio,
653 4579 850 4642 quendIeitnou
901 4577 1016 4644 quuitur.
