3122 5250
500 387 635 434 suoram
656 387 715 434 mc.
737 387 775 434 ns
798 387 925 434 souma.
1259 369 1320 436 383

100 542 161 603 dus
190 546 403 604 consternatus
430 548 568 603 retrone
591 555 736 621 pmeoao,
764 537 923 621 Numquid,
950 540 1002 611 ult,
1032 539 1152 612 mulsi,
1179 535 1324 628 duplices·

100 621 215 688 uoltis?
256 623 491 705 Responderunt
511 623 708 688 Macedones:
740 622 834 687 loune
857 635 891 688 tu
911 624 1028 705 quidem
1045 624 1174 705 pnlelre
1200 627 1319 700 (manu-

101 709 233 788 scriptus
254 709 347 771 codex
365 706 520 790 pulcher).
563 707 634 770 lnde
655 707 754 770 aulem
775 707 820 770 sic
839 716 1070 787 argumentabor:
1104 711 1165 771 dut
1185 713 1321 790 son'ptnr

101 797 295 866 camesenus,
317 797 348 856 n·
365 793 467 875 placit,
494 804 550 855 cut
573 793 705 875 Oedipus
726 795 975 866 annuemus,
1001 798 1033 856 as·
1050 798 1093 856 s‘tn
1114 794 1204 873 feeit:
1231 806 1320 875 ctqce

100 879 210 942 exinde
231 877 312 941 ulter
332 879 372 940 nd
392 878 541 941 alterum:
563 877 671 941 elenae
691 891 742 943 ten
761 888 878 940 mutere
900 879 1039 942 declaras
1066 877 1200 952 (Tertull.
1223 877 1273 940 lib.
1295 878 1318 940 l.

100 963 140 1024 ad
160 962 225 1025 Nat
247 979 311 1042 cap.
335 964 409 1040 16.).
450 961 543 1024 suun
564 979 637 1024 sanc
659 961 872 1024 Tertullianum
892 969 1060 1025 namantem
1080 961 1319 1025 ablacedonibus

100 1047 200 1130 primo
227 1046 345 1128 quidem
373 1047 438 1109 risu
465 1065 500 1110 ac
527 1046 629 1109 derisu
655 1055 810 1127 exceptum
836 1047 930 1108 luisse
950 1055 1141 1127 personatum
1162 1047 1319 1128 Oedipum,

101 1151 192 1213 quem
212 1139 312 1194 minen
333 1131 391 1193 sibi
411 1149 474 1194 non
494 1131 652 1212 displicere
672 1139 775 1212 postea
796 1131 924 1194 confessi
947 1140 1032 1206 sunt3
1053 1140 1116 1194 tum
1138 1132 1245 1194 deinde
1265 1150 1319 1195 sc·

102 1235 171 1280 cum
199 1215 399 1296 colloquentes
429 1216 502 1279 baec
527 1216 658 1279 vicissim
685 1215 844 1298 protulisse
870 1215 958 1278 rerba
984 1216 1101 1280 Blossios
1122 1227 1174 1280 ten
1194 1227 1317 1280 nestero.

103 1303 188 1376 Quae
210 1301 328 1380 quidem
351 1301 377 1362 si
399 1301 525 1380 genuina
546 1301 616 1373 sint,
639 1300 686 1363 bis
709 1301 899 1382 significatur,
921 1301 1045 1364 alterum
1066 1301 1254 1364 dandonem
1270 1301 1317 1363 di-

102 1389 185 1450 xisse
205 1385 305 1448 alteri:
333 1385 426 1466 Agita,
455 1385 572 1465 instiga,
599 1385 726 1460 sumula,
755 1386 872 1466 impelle
893 1393 1017 1448 matrem
1040 1394 1071 1448 et
1090 1385 1204 1448 imitare
1226 1385 1318 1449 Oedi·

103 1491 185 1552 pum.
213 1470 257 1532 En
279 1470 358 1533 enim
380 1488 472 1533 sensu
491 1469 614 1532 verbum
636 1466 760 1534 ἐλαύνω
775 1471 811 1532 ab
825 1468 1021 1550 Aristophane
1035 1471 1196 1552 (aristoph.
1211 1471 1318 1532 Electr.

102 1577 130 1618 v.
154 1557 216 1620 735
240 1568 269 1616 et
291 1558 386 1630 740.),
407 1554 538 1618 Homero
560 1563 590 1616 et
609 1555 675 1618 aliis
696 1554 808 1635 graecis
832 1553 1027 1634 scriptoribus
1048 1555 1200 1636 accipitur.
1232 1555 1318 1629 Quo·

102 1659 162 1722 quc
186 1648 284 1702 autem
305 1639 396 1702 verbo
413 1644 492 1701 ‘usus
514 1639 554 1701 sit
576 1639 784 1712 Tertullianus,
806 1658 842 1702 so
857 1639 943 1719 plane
958 1639 1063 1702 incesti
1077 1639 1156 1702 baud
1170 1640 1318 1704 immerito

103 1725 202 1805 arguit
214 1725 399 1796 Macedones,
422 1725 472 1804 qui
493 1723 563 1786 illud
584 1733 635 1786 aut
654 1725 685 1785 in
708 1724 822 1804 Oedipo
842 1723 1034 1788 laudaverunt
1054 1733 1104 1786 aut
1126 1725 1189 1787 eius
1215 1743 1318 1788 mem·

103 1811 153 1890 plo
175 1809 213 1872 ad
233 1808 461 1890 perpetrandum
482 1827 550 1871 sese
570 1808 695 1871 invicem
715 1808 921 1888 provocabant.

189 1894 321 1974 Denique
342 1910 403 1955 non
425 1892 507 1955 solos
524 1893 710 1968 Macedones,
733 1894 787 1956 sed
807 1893 958 1974 quoslibet
978 1893 1051 1956 alios
1074 1893 1161 1956 eliam
1183 1893 1318 1956 ethnicos

105 1979 194 2042 buius
220 1977 322 2059 flagitfi
349 1977 486 2040 conscios
514 1996 582 2041 esse
609 1977 677 2040 inde
704 1979 861 2052 convincit,
889 1977 968 2058 quod
998 1977 1086 2052 filios,
1115 1979 1158 2041 uti
1180 1979 1319 2054 diximus,

104 2081 210 2126 recens
231 2071 318 2126 natos
339 2071 529 2143 exponerent.
557 2062 698 2126 Parentes
721 2063 867 2143 siquidem
889 2063 955 2125 illos
976 2063 1087 2126 abenas
1101 2062 1321 2126 misericordiae

103 2157 191 2210 antea
219 2146 371 2227 expositos
399 2155 503 2229 postea
530 2163 591 2210 non
623 2147 823 2227 agnoscebant
849 2165 906 2210 nec
936 2147 973 2210 ab
995 2147 1052 2211 illis
1074 2147 1319 2228 agnoscebantur.

104 2234 283 2312 Plerumque
302 2232 391 2312 igitur
411 2229 606 2310 contingebat,
629 2240 663 2295 ut
682 2232 738 2294 bac
757 2232 942 2320 ignoratione
962 2231 1111 2294 libidinosi
1125 2231 1167 2294 illi
1181 2241 1318 2312 parentes

103 2327 241 2398 stuprum
262 2317 464 2396 incestumque
485 2315 551 2378 liliis
574 2317 638 2379 suis
659 2317 803 2379 irrlerrent
822 2316 955 2393 (Tertull.
976 2317 1130 2398 Apologos.
1151 2335 1215 2397 cap.
1236 2319 1267 2382 9.
1290 2324 1320 2382 et

104 2403 156 2465 lib.
178 2402 201 2463 1.
224 2401 261 2464 ad
281 2401 347 2463 Nat.
369 2419 432 2481 cap.
456 2404 528 2478 16.).
572 2401 789 2464 lnlaustissimo
816 2409 912 2464 aulem
938 2400 969 2462 id
991 2402 1187 2464 Tertullianus
1213 2401 1321 2482 probat

105 2487 252 2567 exemplo,
281 2485 359 2566 quod
380 2485 467 2566 paulo
490 2494 644 2565 antequam
665 2486 758 2547 libros
780 2486 816 2548 ad
838 2485 979 2549 Nationes
1001 2486 1204 2550 conscriberet
1221 2495 1319 2567 atquc,

105 2573 147 2634 uti
168 2572 294 2644 videtur,
316 2570 479 2650 imperante
501 2569 662 2632 Commodo
684 2571 795 2633 Rornae
816 2571 969 2634 acciderat
999 2570 1076 2633 Turn
1097 2571 1175 2633 enim
1196 2570 1319 2633 Tuscia-

105 2675 174 2730 nus,
198 2656 276 2718 sicut
296 2654 345 2717 ille
365 2655 415 2728 ait,
438 2654 508 2716 Urbi
530 2656 696 2734 praelectus
719 2664 791 2728 erat,
814 2673 881 2717 cum
901 2673 976 2736 puer
998 2655 1115 2734 quidam
1131 2673 1166 2717 ex
1180 2663 1320 2736 paternae

105 2743 214 2805 domus
234 2740 336 2802 limine
357 2757 498 2820 egressus
520 2739 631 2819 rapitur
652 2738 825 2801 aGraeculo
847 2739 974 2819 quodam
990 2749 1020 2802 et
1033 2739 1064 2802 in
1078 2739 1179 2802 Asiam
1193 2739 1319 2801 ducitur.
1388 2737 1391 2768 ¹

105 2827 183 2889 Puer
211 2833 308 2888 autem
335 2823 476 2905 medior
502 2825 595 2886 lactus
617 2823 740 2886 Romam
761 2824 921 2898 reducitur,
948 2823 998 2884 ubi
1019 2843 1037 2886 a
1057 2833 1141 2904 patre
1161 2841 1217 2885 sun
1238 2823 1320 2886 illum

105 2911 231 2991 amplius
251 2927 312 2970 non
333 2917 511 2988 agnoscente
531 2916 741 2988 constupratus
763 2915 819 2970 est.
861 2907 968 2970 Postea
988 2906 1070 2970 illum
1091 2915 1228 2988 parentes
1250 2906 1319 2987 qui·

105 2996 231 3058 busdam
252 2994 387 3074 corporis
408 2992 529 3054 maculis
551 3001 787 3072 recognoverunt
806 3011 842 3054 nc
862 2992 978 3073 loquer,
1001 2991 1095 3071 inquil
1111 2991 1319 3066 Tertullianus,

105 3082 164 3144 sili
182 3079 351 3142 nudentur.
394 3077 556 3150 Fascianus
577 3095 646 3140 vero
667 3076 774 3139 borum
795 3075 874 3138 bona
893 3094 987 3156 puero
1008 3077 1176 3158 adscripsit,
1197 3095 1260 3140 non
1280 3079 1321 3141 nd

106 3165 327 3234 hoereditatem,
360 3163 403 3224 uti
430 3162 471 3224 ait
492 3161 549 3234 ille,
582 3163 635 3225 aed
654 3164 694 3225 nd
715 3162 897 3243 rependium
918 3165 1023 3243 stupra·
1041 3172 1072 3225 et
1092 3166 1201 3227 inmoti
1228 3161 1320 3240 (idem

105 3249 155 3312 lib.
178 3249 202 3310 l.
224 3248 261 3310 ad
281 3247 398 3310 Notion.
420 3265 483 3328 cap.
509 3248 581 3324 16.).

191 3331 348 3394 Dubitandi
369 3350 460 3411 porro
481 3331 564 3393 locus
586 3329 647 3392 dari
670 3331 784 3392 videtur
806 3339 903 3392 utrum
924 3328 1078 3412 improbus
1099 3330 1148 3392 illo
1161 3339 1245 3412 pater
1259 3350 1319 3396 non

104 3417 204 3482 solum
232 3436 249 3478 a
269 3416 426 3490 Fusciano,
453 3414 506 3479 sed
533 3417 620 3478 etiarn
642 3424 747 3478 senatu
768 3416 921 3478 damnatus
943 3414 1041 3478 suerit.
1084 3415 1159 3478 Nam
1179 3415 1321 3480 historiae

104 3502 195 3566 buius
222 3501 339 3563 initium
367 3501 398 3562 in
418 3500 564 3581 Agebardi
592 3500 693 3563 codice
714 3500 759 3564 sic
779 3500 900 3580 legitur:
939 3499 1019 3563 Tella
1041 3502 1198 3583 trnpcedln
1217 3505 1322 3584 erepit

106 3589 256 3650 Fnsdono
276 3587 432 3668 praesecto
458 3585 540 3656 Uror,
562 3586 695 3648 iudicato
710 3588 871 3666 punitione
893 3595 1025 3648 sentus.
1061 3584 1203 3650 dormitu
1223 3587 1321 3664 aepli-
1447 3611 1451 3618 r

102 3675 208 3754 pontio
230 3675 370 3734 comitum
388 3669 619 3734 ultru's‘cnuom
635 3689 821 3751 progressus
841 3674 902 3733 iter
921 3659 1187 3751 praetereuntibus
1202 3679 1321 3732 tractus

105 3759 193 3823 domo
222 3757 343 3818 cncldd.
389 3755 451 3828 Qus
476 3773 543 3820 sum
567 3758 724 3818 nutrierat
746 3753 922 3826 Graeculus,
950 3754 998 3816 uel
1018 3773 1037 3816 c
1058 3753 1159 3815 limine
1177 3753 1321 3833 graeculo

104 3860 190 3904 neore
213 3850 390 3921 coptuocrot
410 3844 540 3902 ciatrem.
585 3837 812 3902 indemutatae
833 3837 941 3915 (loia).
970 3839 1029 3900 Sed
1050 3837 1134 3917 plura
1154 3835 1196 3897 ibi
1217 3836 1320 3898 redar-

104 3933 238 4006 guuntur
266 3923 377 3986 librarii
405 3932 509 3986 errata.
553 3922 684 3985 Primum
713 3922 791 3984 enim
812 3921 937 4001 Rigaltin
964 3939 1139 4003 persuasum
1171 3918 1245 3981 adeo
1267 3920 1323 3983 luit

108 4027 163 4090 pro
192 4021 317 4074 senatus
345 4008 386 4072 ibi
406 4008 561 4087 legendum
584 4018 698 4078 rentur,
725 4007 850 4068 utillud
870 4005 1040 4087 reposuerit
1060 4005 1091 4068 in
1113 4005 1180 4084 ipso
1201 4004 1320 4068 Tertul-

109 4093 176 4156 liani
205 4103 296 4156 textu.
339 4093 451 4156 Deinde
478 4111 511 4154 ex
541 4111 577 4156 co
598 4090 742 4154 resecarit
762 4092 835 4154 baec
855 4091 959 4154 rerba:
998 4091 1061 4165 Qan'
1080 4107 1147 4152 euos
1167 4093 1323 4154 nutrierat

109 4187 138 4242 et
168 4179 242 4242 baec
268 4177 316 4240 uel
340 4198 361 4239 o
382 4177 483 4240 lebuine
503 4196 538 4240 ac
557 4186 709 4258 praeterea
729 4170 851 4238 verbum
871 4179 994 4239 intrusa
1015 4174 1206 4250 auferendum
1227 4174 1326 4238 adbuc

105 4263 278 4326 arbibatur.
306 4263 422 4324 Primae
443 4269 540 4324 autern
563 4260 776 4324 emendationis
798 4260 874 4322 hanc
893 4261 979 4322 affort
992 4258 1146 4332 rationem,
1168 4259 1236 4339 quia
1249 4260 1323 4324 baec

107 4367 196 4412 causa
219 4347 246 4412 si
269 4365 286 4409 a
307 4355 411 4410 senatu
432 4346 557 4410 iudicata
578 4347 692 4420 luisset,
721 4363 738 4407 a
758 4344 903 4407 Fusciano
925 4361 987 4405 non
1008 4341 1108 4406 debuit
1126 4343 1250 4425 amplius
1272 4345 1321 4407 iu-

107 4433 210 4496 dicari.
254 4431 357 4495 Potius
384 4431 482 4511 itaque
509 4431 663 4511 legendum
690 4429 834 4493 Fusciano
866 4429 998 4490 iudicato
1021 4432 1179 4512 pernitiose
1206 4440 1323 4494 rectus.
1422 4499 1428 4516 κ

106 4517 170 4580 Neo
189 4536 295 4598 panim
316 4516 434 4598 quidem
456 4515 616 4598 probabilis
638 4515 753 4578 videtur
772 4514 845 4576 baec
865 4512 1043 4575 coniectura.
1076 4514 1154 4587 Quid
1175 4522 1274 4576 nmen
1295 4515 1323 4576 si

106 4603 219 4684 aliquid
239 4603 282 4667 ibi
303 4601 381 4667 desit
402 4609 432 4666 et
442 4599 638 4666 Tertullianus
659 4599 828 4682 significare
848 4597 975 4662 voluerit
995 4598 1171 4664 sententiam
1185 4595 1331 4664 Fusciani.
