3122 5250
502 379 636 426 sacrans
656 379 716 424 nra
737 378 775 426 aa
796 377 923 426 uoamr.
1264 359 1331 428 319

111 528 266 608 Apologet.
287 547 351 611 cap.
373 531 427 606 6.).
471 528 662 593 Centenariac
689 537 786 594 autem
814 542 940 602 menae,
973 527 1016 592 uti
1044 527 1183 592 observat
1208 527 1328 605 Festus,

112 615 298 687 dicebantur,
326 618 362 678 in
382 634 455 697 quos
478 615 540 694 leqs
561 615 676 678 Licinio
697 634 760 678 non
777 615 852 697 plus
875 613 1060 678 untusss'bua
1078 624 1205 696 praeter
1225 625 1330 680 terroe

110 700 881 865 1111111111.’1111111111
902 699 1330 864 ttttttltttlttt

109 869 222 929 Auctor
237 867 381 947 significat
394 868 502 931 veteris
518 869 697 950 frugalisque
711 888 821 931 menae
835 877 938 932 auctos
953 875 1034 932 extra
1049 867 1170 930 modum
1181 876 1329 950 sumptas.

109 953 185 1013 Nam
212 971 287 1032 quse
315 960 400 1015 autea
429 961 546 1015 centum
573 953 790 1034 utplurimum
818 953 936 1016 assibus
965 952 1090 1022 debebat
1110 952 1226 1028 instrui,
1255 953 1329 1016 baec

110 1044 230 1098 oenmm
264 1038 400 1099 sesteriis
432 1038 496 1101 dari
522 1038 600 1102 illius
629 1046 764 1118 tempore
791 1045 995 1102 consueverat.
1040 1037 1202 1100 Sestertius
1229 1047 1327 1100 autem

109 1121 188 1182 duos
217 1141 302 1182 asses
331 1130 362 1184 et
387 1123 546 1186 semissem
573 1123 695 1186 valebat
739 1123 862 1188 Centum
889 1139 981 1204 porro
1014 1121 1171 1189 sumbus
1200 1123 1327 1185 rotunde

109 1205 184 1266 (lixit
217 1224 400 1286 numeroque
427 1215 508 1270 certo
538 1227 593 1288 pro
622 1208 734 1270 incerto
763 1227 836 1271 usus
866 1215 922 1281 est,
956 1215 990 1269 ut
1016 1214 1132 1268 eentum
1162 1206 1275 1269 assium
1297 1215 1328 1270 et

109 1290 320 1354 sestertiorum
353 1292 541 1372 oppositione
568 1293 677 1356 nimiae
698 1311 858 1356 menarum
881 1299 1017 1373 sumptus
1039 1290 1207 1370 exagitaret.
1251 1291 1327 1366 Quis

109 1393 203 1455 porro
231 1377 306 1438 sitas
328 1375 487 1438 Caesarum
509 1396 524 1439 a
547 1377 692 1440 Suetonio
721 1377 844 1457 aliisque
870 1375 1040 1439 auctoribus
1068 1375 1192 1456 scriptas
1213 1376 1259 1439 vel
1279 1376 1325 1466 le·

109 1459 235 1524 sissimo
255 1460 481 1541 perstringendo
503 1479 565 1524 nou
595 1461 797 1526 ammadvertit
827 1461 887 1526 illis
909 1459 1099 1542 regnantibus
1121 1479 1229 1525 coeam
1251 1460 1326 1523 odeo

109 1545 206 1606 luisse
229 1553 431 1625 sumptuosas,
453 1555 488 1610 ut
508 1547 582 1610 tides
605 1545 652 1608 bis
674 1546 834 1620 historicis,
857 1545 974 1612 nmctsi
996 1545 1053 1607 tide
1075 1543 1182 1625 dignis,
1204 1544 1253 1606 vix
1269 1546 1325 1608 ba-

109 1627 237 1692 beatur?
280 1630 368 1694 llides
396 1649 468 1694 sane
496 1641 603 1713 quanta
630 1631 767 1694 saulitate
788 1630 913 1692 Romani
933 1629 1067 1710 antiquas
1090 1647 1124 1691 ac
1143 1629 1326 1692 venerandas

107 1714 190 1796 leges
215 1733 284 1780 suas
306 1715 525 1778 emendaverint
545 1724 577 1778 et
596 1715 815 1789 nudaverint
838 1715 907 1778 dum
930 1733 964 1780 se
981 1713 1175 1795 iniquissimis
1190 1713 1221 1776 in
1236 1714 1325 1776 Chri-

109 1799 225 1862 stianos
247 1799 401 1880 rescriptis
424 1801 517 1862 teneri
540 1801 719 1864 effutiebant.
839 1857 841 1864 ,

196 1884 272 1946 Tum
294 1884 400 1946 deinde
415 1884 610 1950 Tertullianus
631 1885 739 1948 asserit
760 1884 895 1948 similiter
916 1883 1122 1964 pessumdatus
1136 1882 1227 1962 leges,
1248 1903 1326 1965 qaae

106 1972 281 2048 portuum,
304 1971 383 2050 quod
403 1971 502 2034 muas
519 1972 621 2052 pondo
643 1973 765 2052 arpenti
777 1970 938 2042 tabuisset,
960 1987 1020 2048 pro
1033 1986 1140 2047 mopso
1156 1967 1246 2032 ts'tulo
1259 1987 1326 2034 oos-

109 2055 233 2120 bits'ona's
261 2067 369 2122 senua
396 2055 609 2120 submonebant
637 2053 820 2128 (Tertullien.
842 2054 909 2116 loeo
932 2052 1004 2129 eit).
1049 2051 1082 2116 Si
1099 2051 1165 2132 qais
1188 2060 1325 2118 autema

108 2137 197 2200 nobis
220 2137 338 2218 petierit
358 2139 425 2219 quis
447 2139 495 2202 ille
517 2140 557 2202 sit
578 2139 729 2220 patricius.
756 2139 826 2202 buia
845 2140 879 2201 Α.
902 2137 986 2200 Gellii
1008 2137 1106 2200 verbis
1128 2135 1324 2218 respondebi-

108 2241 192 2284 mus:
225 2223 434 2288 erroneus
456 2225 607 2288 badonas
637 2236 665 2288 et
690 2225 726 2299 Q.
749 2223 892 2290 Aemilius
921 2223 1021 2302 Papus
1045 2222 1157 2300 bontas
1184 2239 1325 2288 remorer

107 2311 240 2387 suerunt
267 2317 297 2371 et
318 2307 350 2369 P.
375 2308 546 2372 Cornelium
568 2309 690 2389 Rufum,
720 2311 772 2391 qui
796 2310 840 2371 bis
870 2308 977 2370 consul
1004 2316 1032 2369 et
1060 2309 1190 2370 dictator
1209 2308 1324 2388 faust,

108 2403 218 2455 amatu
239 2403 398 2455 mouerunt
421 2413 597 2476 causamque
618 2399 671 2458 rati
692 2405 781 2456 notos
795 2394 1048 2472 subscripserunt,
1071 2393 1150 2473 quod
1163 2410 1229 2454 mos
1244 2411 1326 2454 eons-

104 2480 260 2558 perissent
292 2483 411 2557 arqusti
436 2479 514 2558 sacti
539 2497 645 2540 coenae
665 2483 768 2559 qratia
788 2479 884 2541 deson
901 2478 1004 2559 pondo
1027 2476 1136 2538 babere
1167 2476 1252 2552 (Gell.
1273 2475 1325 2538 lib.

109 2561 198 2623 XVII.
221 2561 306 2623 Noct.
328 2563 386 2622 btt.
410 2580 472 2642 cap.
495 2565 548 2639 2).
580 2563 672 2625 Audis
693 2563 827 2643 prolecto
851 2561 973 2622 eandem
994 2560 1035 2622 ibi
1053 2560 1094 2640 *ab
1126 2559 1176 2621 illo
1199 2568 1326 2640 atquea

107 2645 293 2708 Tertulliano
321 2647 432 2727 argenti
460 2665 605 2708 summam
632 2648 729 2708 notari
756 2665 843 2727 mam
865 2646 959 2708 Baius
990 2644 1142 2706 habuerat
1186 2645 1223 2706 bs
1244 2645 1325 2724 quod

107 2731 158 2793 ille
179 2731 252 2792 dixit
273 2750 381 2794 coenae
401 2737 510 2812 protis,
537 2731 596 2794 boe
615 2731 648 2793 11.
671 2731 797 2793 Gellius:
832 2730 876 2792 Ob
900 2729 1051 2805 tamarim,
1079 2728 1184 2808 inquit,
1212 2740 1324 2801 notam,

107 2815 189 2896 quod
218 2817 314 2880 desem
337 2817 440 2897 pondo
463 2816 558 2880 libras
579 2821 701 2896 argenti
719 2817 797 2895 facti
817 2815 940 2878 liaberet
971 2813 1064 2886 (idem
1085 2813 1155 2874 ibid.
1177 2811 1228 2876 lib.
1249 2811 1324 2874 VIll.

108 2919 174 2981 cap.
198 2902 251 2976 8.).
281 2900 389 2962 Eadem
411 2900 497 2982 plana
520 2900 550 2962 in
571 2899 646 2961 Livii
668 2900 804 2978 Epitome
824 2899 948 2977 legimus
971 2897 1047 2971 (Lis.
1069 2896 1147 2976 Epit.
1162 2895 1324 2970 lib.lllV.).

107 2987 145 3046 At
167 2983 279 3048 Plinius
301 2985 424 3048 eandem
446 2985 558 3064 argenti
579 3003 724 3046 susurnam
746 2984 776 3045 in
798 2982 1009 3062 supellectilem
1041 2981 1127 3056 (an.
1148 2979 1199 3048 lib.
1222 2980 1323 3044 Xlllll.

106 3069 187 3132 llist
210 3069 311 3132 Natus.
340 3089 402 3150 cap.
426 3071 486 3145 6.),
523 3069 655 3131 Valeriae
685 3087 756 3130 sero
783 3068 926 3132 llaximus
955 3066 985 3128 in
1013 3083 1083 3128 vass
1109 3072 1247 3144 argentee
1273 3065 1323 3130 ia·

108 3161 259 3235 sumptam
281 3173 350 3218 esse
372 3154 566 3216 testificantur
587 3153 660 3228 (Vol.
682 3153 756 3216 llsx.
778 3152 829 3214 bb.
852 3151 888 3214 ll.
911 3169 974 3231 cap.
989 3153 1019 3216 6.
1042 3154 1072 3228 ὅ.
1085 3154 1139 3227 4.).
1183 3149 1243 3212 Sed
1263 3149 1323 3214 ba·

105 3241 156 3302 ius
184 3239 283 3314 rerba,
311 3258 386 3319 quae
412 3239 450 3301 ad
476 3257 539 3302 rem
561 3248 695 3300 nosuam
717 3237 875 3318 plurimun
896 3235 1015 3310 iaciunt,
1044 3235 1146 3298 audire
1166 3234 1325 3298 molestum

105 3327 213 3386 tossen
233 3341 294 3386 non
316 3323 382 3386 erit
424 3324 505 3386 llaec
525 3331 623 3386 sutem
645 3331 729 3384 sunt:
752 3321 901 3386 Narravit
924 3325 1019 3385 omnis
1041 3331 1124 3384 oetas
1145 3330 1176 3382 et
1189 3317 1324 3400 deinceps

107 3409 253 3472 narrabit
274 3408 406 3472 Fabricii
425 3409 543 3472 bromii
564 3426 692 3471 sensura
714 3407 888 3472 Cornelium
907 3405 1023 3487 llusuna
1044 3405 1159 3470 duodus
1182 3405 1326 3470 consulo-

106 3496 190 3558 tibes
211 3503 242 3556 et
263 3494 415 3556 dictatura
434 3497 649 3574 spesiost'sssine
669 3493 818 3572 sunctum,
841 3493 920 3574 quod
942 3493 1039 3554 desero
1058 3491 1159 3571 pondo
1180 3508 1256 3552 cuso
1269 3507 1326 3552 ar-

105 3588 216 3659 genteo
242 3589 457 3657 comparasset,
486 3580 613 3659 perinde
634 3597 670 3640 aa
690 3578 770 3641 molo
791 3576 928 3658 coempto
951 3576 1144 3640 luaurmsusn
1164 3578 1197 3637 in
1219 3573 1325 3636 ordine

105 3666 265 3726 amatorio
287 3673 437 3726 retentura
455 3681 520 3725 aon
541 3683 613 3726 esse.
658 3661 734 3724 Tum
755 3663 828 3724 baec
846 3661 1033 3723 mutinenter
1047 3656 1213 3720 subiunxit:
1235 3656 1326 3736 Ipsae

105 3749 223 3811 nudius
244 3747 336 3828 tidiru
356 3747 432 3810 nsibi
451 3747 571 3811 litteras
592 3746 708 3809 cuculi
727 3751 831 3810 nostri
851 3747 1059 3826 obstupescere
1080 3744 1231 3811 umens,
1256 3758 1326 3802 cuns

106 3834 147 3895 od
169 3842 287 3896 tantam
307 3837 496 3896 seueritatem
510 3832 701 3912 referendam
715 3834 914 3894 ministerium
928 3829 1149 3892 accommodare
1164 3833 1323 3904 cogamur,

106 3921 214 3982 nerui
237 3936 276 3980 ne
301 3935 366 3980 non
391 3927 516 3978 nostrae
541 3918 628 3980 urbis
656 3925 724 3978 octa
753 3932 983 3978 conunmaorore
1004 3914 1224 3976 misrrumum.
1270 3905 1326 3972 Vsa

106 4005 189 4066 earne
209 4001 351 4064 credibile
374 4012 418 4064 est
438 4003 515 4064 idem
532 4005 702 4081 pomerium
724 4000 819 4063 decern
836 3999 939 4079 pondo
955 4001 1075 4078 arpenti
1094 4005 1123 4057 et
1142 3993 1326 4058 inuidiam

106 4088 208 4167 feisse
232 4105 352 4148 eramen
373 4096 401 4148 et
422 4089 555 4166 inopiosas
576 4086 682 4148 baberi
702 4087 989 4166 mntenaptissinsam.
1149 4160 1156 4173 ·

193 4170 300 4232 Nomio
326 4179 424 4232 autem
446 4170 644 4232 Tertullianus
673 4167 808 4232 similiter
830 4167 939 4230 indicat
959 4183 1024 4228 eam
1045 4169 1158 4242 argenta
1179 4178 1324 4228 summam

106 4255 287 4318 aCornelio
309 4254 384 4318 bulo
413 4255 449 4318 ad
477 4254 643 4318 fabricanda
671 4261 722 4316 aut
748 4253 872 4322 emenda
898 4257 1035 4331 argentea
1063 4265 1133 4310 rasa
1160 4245 1346 4327 impensam·

106 4341 213 4414 ianime
241 4340 292 4419 qui
317 4340 460 4402 sanorem
486 4340 688 4402 Romanorum
714 4337 815 4399 lurum
842 4337 906 4400 iare
933 4333 1040 4396 merite
1067 4331 1150 4396 hisee
1176 4330 1326 4410 redugrtit

108 4423 361 4505 subsequentibus
382 4424 496 4488 verbis:
521 4425 606 4492 Vr'sleo
628 4430 661 4488 in
682 4424 792 4496 usus,
814 4420 851 4482 ad
872 4419 955 4482 ribos
978 4417 1111 4480 videlicet
1130 4415 1324 4482 coenantibus

109 4509 266 4585 terendos,
291 4527 405 4590 posnam
431 4520 477 4574 est
503 4514 533 4572 si
559 4521 736 4572 senatoriam
761 4517 791 4570 et
818 4523 880 4569 non
909 4499 1118 4568 libernnorusa
1146 4502 1197 4566 ool
1227 4501 1325 4566 adbuc

110 4596 213 4677 flama
233 4598 438 4678 runpmtiarn
458 4597 636 4676 arqmtario
654 4592 777 4660 sustollo
794 4591 949 4676 producta
967 4587 1152 4667 (Tertulliani.
1169 4585 1324 4669 spemn
