3144 5236
226 190 291 252 166
326 191 518 248 ΜΒΒΕΒΤΑῊθ
533 202 564 244 ut
581 202 628 253 Οὔ.
645 199 730 244 ΒΜ.
744 199 831 242 FLOR·
847 197 1043 242 retruserant
1057 199 1284 243 mounesrtcutt
1298 200 1390 242 CET'l'.

651 302 662 332 ,
1032 311 1036 317 .

223 355 328 437 posuit
348 355 399 433 qui
420 354 458 414 de
478 351 607 431 longiori
631 350 697 411 Noe
720 357 750 411 et
770 350 960 428 superiorum
981 350 1212 428 patriarcharum
1234 349 1294 426 rita
1307 350 1460 430 seriphum

225 439 335 518 aliquid
356 438 545 516 reliquerant.
589 434 624 496 In
646 434 741 513 primo
758 441 855 499 tamen
876 433 1194 513 adsersusbppionem
1216 433 1291 494 libro
1315 433 1461 497 observat

224 524 437 602 Hieronymum
464 539 500 582 ex
527 520 563 580 iis
593 518 790 598 scriptoribus
819 537 923 579 unum·
938 536 1017 590 esse,
1046 518 1096 596 qui
1125 516 1265 580 historias
1293 519 1457 581 scribendo

224 607 360 669 Iudaicae
381 605 478 685 gentis
501 622 561 665 non
584 603 719 664 meminit
740 602 832 673 (idem
854 602 905 663 lib.
921 601 944 662 l.
967 621 992 662 o.
1014 603 1140 682 bppion.
1163 622 1193 682 p.
1208 606 1329 678 1050.):
1349 595 1459 684 Ἱερώ-

225 712 328 772 νυμος
354 685 424 789 γὰρ,
444 679 590 769 οὐδαμοῦ
617 682 702 750 κατὰ
722 681 780 786 sip
804 684 951 768 ἱστορίαν
975 681 1194 771 ἐμοημόνεοοε
1211 680 1322 749 καίτοι
1336 685 1456 767 σχεδὸν

107 767 117 787 '
226 771 261 839 ἐν
288 780 361 849 τοῖς
387 793 507 847 sonore
535 769 764 854 ἅιατετριφως.
808 771 1013 849 Hieronymus
1037 775 1116 832 enim
1142 791 1329 852 sequaquam
1350 779 1457 836 nostri
1557 789 1558 796 ¹

118 880 122 886 ·
224 863 259 922 ia
282 859 412 921 historia
432 859 574 926 meminit,
599 856 666 917 licet
684 875 779 936 paenae
801 859 834 917 in
855 859 931 935 ipsis
954 854 1028 917 locis
1050 859 1189 918 nutritus
1210 868 1300 918 esset.
1333 855 1457 919 Fatetur
1558 888 1559 915 r

225 944 325 1022 itaque
346 942 558 1020 Hieronymum
580 940 611 1000 in
633 940 689 1000 bac
709 940 912 1002 lucubratione
932 939 1041 1001 missas
1064 939 1172 1001 iecisse
1193 958 1242 1001 res
1264 940 1454 1013 ludaeorum,
1559 980 1560 998 .

225 1025 343 1087 tametsi
375 1025 541 1103 incognitae
563 1024 605 1085 illi
627 1042 688 1084 non
710 1024 829 1085 luerint.
874 1024 933 1084 Sed
956 1023 1003 1084 ibi¹
1019 1042 1087 1084 eum
1108 1023 1254 1086 Hecataeo
1277 1025 1414 1104 opponit,
1433 1045 1455 1086 a

225 1128 285 1188 quo
312 1109 468 1171 historiam
495 1108 532 1169 de
560 1107 675 1169 ludaeis
704 1107 813 1170 editam
840 1108 934 1169 luisse
961 1108 1142 1176 testificatur.
1185 1109 1287 1170 Potuit
1307 1109 1401 1188 igitur
1424 1109 1457 1170 in
1560 1136 1561 1142 ¹

224 1193 320 1255 aliena
340 1192 464 1254 historia
485 1200 536 1262 aut
556 1193 812 1264 commentatione,
834 1193 920 1254 sicuti
942 1192 979 1254 de
999 1191 1158 1272 longaevis,
1182 1191 1222 1254 ita
1243 1192 1280 1253 de
1300 1194 1361 1255 vita
1383 1193 1455 1255 illo-

228 1297 294 1339 rum
317 1278 461 1356 quendam
484 1276 687 1338 intermiscere
709 1293 891 1338 sermonem.

312 1362 349 1423 Aa
371 1361 504 1440 quamvis
526 1360 722 1438 Hieronymus
744 1369 792 1424 aut
813 1379 906 1440 pauca
928 1368 979 1421 aut
999 1359 1082 1438 plura
1102 1361 1142 1427 ,de
1163 1360 1262 1440 Moyse
1285 1369 1315 1422 et
1332 1361 1455 1424 ludaeis

228 1445 334 1525 quovis
355 1446 387 1506 in
407 1444 484 1507 libro
506 1444 671 1516 tradiderit,
695 1464 752 1522 qua
773 1445 888 1506 ratione
910 1443 1031 1524 probari
1052 1453 1152 1523 potest
1172 1445 1253 1506 illum
1275 1445 1369 1507 luisse
1382 1446 1457 1525 Tyri

228 1528 355 1607 regem?
385 1529 533 1607 Numquid
554 1546 625 1607 ergo
638 1528 836 1591 Tertaullianus
859 1529 980 1590 humani
1001 1529 1109 1607 aliquid
1130 1528 1172 1589 ibi
1194 1548 1300 1608 passus
1323 1538 1379 1601 est,
1402 1539 1457 1591 aut

230 1631 247 1673 a
269 1611 397 1673 librariis
418 1613 508 1674 verba
530 1612 595 1675 eius
618 1613 774 1692 depravata
797 1621 876 1686 sunt,
899 1620 949 1675 aut
970 1612 1006 1673 de
1021 1613 1100 1691 regis
1116 1612 1196 1692 Tyrii
1212 1614 1248 1674 ad
1262 1613 1457 1675 Salomonem

230 1695 1457 1861 tlltlltdtlddilt..illibiM“tibtsdltlld‘lttt‘³

644 2033 648 2046 .
691 1983 693 1987 ’
730 1999 898 2049 anniculus
916 2000 953 2049 n.

227 2099 261 2143 ile
279 2100 371 2143 aliorum
392 2109 443 2156 post
459 2101 556 2156 Moyssm
580 2113 695 2145 sacrorum
719 2109 793 2145 return
812 2109 884 2145 aetate
903 2110 925 2145 et
941 2104 1076 2158 supputariis
1095 2104 1211 2169 digitorum
1229 2105 1344 2158 gesticulis
1362 2112 1385 2148 st
1402 2118 1461 2151 esu·

706 2169 806 2212 sualibus
825 2170 974 2213 conterendis.

312 2280 354 2342 De
376 2280 499 2342 aliorum
521 2289 592 2360 post
602 2283 711 2361 Moysis
733 2292 858 2345 mortem
881 2303 1035 2346 sacrorum
1058 2293 1155 2347 vatum
1171 2294 1342 2347 nostrorum
1357 2296 1459 2350 aetate

228 2364 429 2426 Tertullianus
453 2364 967 2453 (Tertullian.dpologet.cap.19.)
989 2369 1035 2430 sic
1056 2370 1197 2432 adsersus
1219 2371 1354 2432 ethnicos
1376 2391 1457 2450 pro-

227 2448 359 2509 nuntiat:
384 2449 484 2511 Ceteri
500 2449 668 2530 prophetae
689 2456 747 2512 etsi
767 2451 868 2531 Mopsi
886 2452 1092 2533 posthumant,
1117 2459 1332 2516 eatrerm'ssimr'
1351 2465 1461 2519 temere

215 2543 334 2594 'eorum
356 2550 418 2594 non
441 2538 624 2595 retrosiores
648 2535 914 2616 deprehenduntnr
934 2538 1123 2616 primoribus
1139 2543 1249 2600 vestris
1265 2542 1459 2619 sapientibus

227 2627 256 2677 et
280 2615 413 2695 legiferis
436 2627 464 2679 st
486 2618 649 2679 historicis.
692 2620 730 2679 At
757 2619 798 2680 ibi
826 2620 925 2700 plures
956 2640 1027 2682 sane
1055 2622 1175 2682 adhibet
1202 2623 1383 2702 improprios
1405 2625 1459 2686 lo-

227 2700 335 2778 quendi
356 2701 464 2761 modos
487 2701 564 2776 (Lib.
588 2702 624 2762 de
647 2702 769 2764 Resurr.
793 2704 902 2765 Christ.
925 2724 950 2765 c
973 2710 1023 2770 45.
1047 2705 1112 2767 Lib.
1128 2707 1164 2767 ad
1178 2707 1458 2787 Valentin.c35.).

226 2783 326 2845 Primo
357 2784 503 2863 siquidem
532 2785 606 2846 dixit
623 2787 829 2865 posthumant,
858 2787 966 2861 idest,
995 2798 1066 2868 post
1086 2791 1345 2869 Moysismortem
1366 2793 1459 2855 vixe-
1560 2789 1564 2796 “

226 2877 312 2940 runt3
341 2887 399 2947 quo
430 2888 521 2931 sensu
550 2869 619 2930 alibi
647 2870 767 2949 scripsit
785 2873 961 2952 posthumae
983 2882 1013 2934 et
1030 2875 1268 2953 posthumotsm.
1313 2876 1460 2940 Seotrndo

227 2951 347 3029 quibis
369 2958 614 3025 eaeremtsstmos,
644 2955 713 3015 alibi
732 2961 991 3035 postremissr‘rnos
1014 2964 1160 3030 omniane,
1190 2960 1277 3021 tertio
1301 2966 1463 3024 retrosio-

226 3052 288 3104 res,
312 3034 342 3093 id
364 3044 419 3107 est,
442 3038 626 3114 posteriores
648 3057 682 3098 ae
703 3041 885 3101 recentiores
907 3041 1070 3119 adpellavit.
1114 3043 1222 3106 lienem
1255 3043 1369 3107 etiamsi
1403 3046 1460 3109 his

226 3116 372 3177 obsoletis
395 3137 429 3180 ae
451 3119 583 3180 barbaris
606 3122 727 3185 vocibus
750 3132 858 3194 utatur,
881 3136 1000 3202 apertus
1023 3135 1128 3187 umen.
1144 3137 1190 3189 est
1211 3127 1260 3189 hic
1280 3128 1358 3190 illius
1378 3148 1457 3192 sen·

226 3217 296 3261 sus:
320 3200 416 3263 Ceteri
437 3204 598 3281 prophetae
619 3206 808 3291 nostri-post
823 3209 932 3286 Moysis
954 3209 1071 3289 quidem
1094 3211 1207 3273 obitum
1222 3212 1366 3285 virenmt,
1397 3216 1457 3277 sed

227 3301 331 3377 eorum
344 3284 486 3428 lqsnsrrium
509 3287 602 3349 ultimi
623 3308 683 3350 non
706 3300 775 3353 sunt
795 3293 978 3370 posteriores
1000 3295 1113 3373 graecis
1128 3296 1322 3376 sapientibus,
1345 3298 1459 3377 legile-

226 3385 269 3428 rrs
293 3375 323 3428 et
366 3368 506 3430 istoricis.
927 3422 930 3426 .

313 3451 403 3513 Suam
431 3471 521 3532 porro
545 3454 721 3518 sententiam
744 3477 803 3520 non
826 3459 884 3520 alio
906 3462 1013 3539 probat
1034 3474 1217 3542 argumento,
1246 3465 1304 3526 nisi
1325 3465 1456 3543 prolatis

224 3534 355 3614 plurium
377 3546 530 3600 auctorum
552 3541 737 3615 nominibus;
760 3543 804 3603 vel
827 3543 894 3621 quia
916 3546 1041 3623 gentiles
1063 3548 1197 3626 publicae
1219 3567 1321 3609 eorum
1344 3560 1453 3612 aucto-

224 3619 304 3682 ritati
325 3640 489 3701 repugnare
512 3631 541 3682 et
562 3625 701 3686 resistere
722 3644 784 3686 non
805 3636 943 3704 poterant
970 3630 1016 3691 vel
1038 3632 1105 3709 quia
1131 3632 1247 3711 longius
1263 3633 1368 3694 luisset
1383 3635 1459 3695 sin-⁴

224 3704 291 3782 gula
312 3706 430 3769 illorum
452 3707 619 3769 testimonia
641 3709 700 3770 boc
720 3710 750 3770 iu
772 3710 848 3772 libro
871 3712 1050 3787 describere,
1082 3716 1113 3776 in
1135 3736 1194 3796 quo
1216 3716 1351 3778 brevitati
1373 3737 1455 3779 oon·

223 3788 336 3853 sultam
356 3809 425 3852 esse
447 3790 573 3852 volebat.
604 3791 635 3852 Si
657 3794 724 3870 quis
746 3803 843 3855 tamen
865 3796 937 3858 illud
959 3799 1134 3877 quibusdam
1158 3801 1262 3863 saltem
1279 3801 1456 3865 confirmari·

222 3872 364 3948 postulet,
387 3874 413 3934 is
436 3875 535 3936 audiat
556 3874 751 3955 Theophilum
774 3879 940 3959 (Theophil.
963 3883 1098 3945 Antioch.
1114 3883 1183 3945 libr.
1194 3884 1245 3945 ill.
1268 3885 1458 3965 adbutolyc..

222 3969 254 4030 p.
280 3957 340 4017 132
374 3964 404 4016 et
425 3965 522 4037 seqq.)
552 3960 769 4025 Antiochenam
799 3963 843 4025 sio
869 3975 1135 4043 argumentantem:
1173 3969 1308 4042 Ultimus,
1342 3969 1457 4049 inquit,

221 4037 434 4115 prophetarum
456 4042 610 4104 Zacharias
633 4053 779 4119 censetur,
808 4048 857 4125 qni
880 4057 1013 4128 tempora
1034 4051 1114 4113 Darii
1136 4054 1215 4132 regis
1238 4054 1341 4132 attigit
1388 4055 1450 4115 So·
1483 4063 1489 4073 ‘

223 4119 275 4180 lon
297 4129 394 4182 sutem
416 4123 605 4188 Atheniensis
628 4129 853 4208 antiquissimus
874 4132 1025 4212 legislator
1047 4143 1182 4215 ternpore
1203 4156 1306 4216 regum
1328 4138 1397 4216 Cyri
1420 4134 1452 4201 οἱ

222 4203 303 4299 Darii
325 4204 435 4267 vixisse
456 4211 638 4287 perhibetur.
669 4214 767 4276 Ceteri
790 4235 859 4296 ergo
882 4219 1044 4296 prophetae
1067 4221 1142 4282 aliis
1154 4221 1372 4300 legislatoribus
1395 4239 1449 4284 res

221 4294 366 4383 iustiores
390 4300 461 4352 sunt
482 4300 512 4352 et
532 4295 625 4357 multo
647 4298 739 4377 magis
755 4301 881 4379 Moyses,
904 4301 952 4387 qui
975 4311 1043 4365 ante
1057 4303 1158 4372 lovem
1173 4305 1344 4368 Cretensem
1361 4314 1454 4386 atque

220 4389 331 4451 ipsum,
365 4382 399 4436 ut
430 4374 568 4452 diximus,
602 4380 765 4447 Troianum
795 4385 1045 4457 bellurnedloruit.
1083 4385 1150 4460 ¹lieo
1177 4389 1208 4451 id
1234 4390 1344 4453 dixisse
1372 4392 1456 4453 satis

1248 4597 1253 4612 b
1304 4584 1328 4620 xx

1312 4679 1335 4690 5.

752 4752 754 4754 ’
871 4755 893 4803 ἱ
