<?xml version="1.0" encoding="UTF-8"?>
<!DOCTYPE html PUBLIC "-//W3C//DTD XHTML 1.0 Transitional//EN"
    "http://www.w3.org/TR/xhtml1/DTD/xhtml1-transitional.dtd">
<html xmlns="http://www.w3.org/1999/xhtml" xml:lang="en" lang="en">
 <head>
  <title>
</title>
<meta http-equiv="Content-Type" content="text/html;charset=utf-8" />
  <meta name='ocr-system' content='tesseract 3.04.00' />
  <meta name='ocr-capabilities' content='ocr_page ocr_carea ocr_par ocr_line ocrx_word'/>
</head>
<body>
  <div class='ocr_page' id='page_1' title='image "./quaesupersuntom01oehlgoog_0431.png"; bbox 0 0 3196 5250; ppageno 0'>
   <div class='ocr_carea' id='block_1_1' title="bbox 319 372 1445 439">
    <p class='ocr_par' dir='ltr' id='par_1_1' title="bbox 319 372 1445 439">
     <span class='ocr_line' id='line_1_1' title="bbox 319 372 1445 439; baseline -0.003 -8"><span class='ocrx_word' id='word_1_1' title='bbox 319 372 382 436; x_wconf 71' lang='lat'><strong>424</strong></span> <span class='ocrx_word' id='word_1_2' title='bbox 417 389 607 432; x_wconf 73' lang='lat' dir='ltr'><strong>plasmatio</strong></span> <span class='ocrx_word' id='word_1_3' title='bbox 623 389 653 431; x_wconf 84' lang='lat' dir='ltr'><strong>lli</strong></span> <span class='ocrx_word' id='word_1_4' title='bbox 669 388 717 439; x_wconf 71' lang='lat' dir='ltr'><strong>olla</strong></span> <span class='ocrx_word' id='word_1_5' title='bbox 731 387 815 432; x_wconf 70' lang='lat' dir='ltr'><strong>SRPT·</strong></span> <span class='ocrx_word' id='word_1_6' title='bbox 830 387 917 432; x_wconf 72' lang='lat' dir='ltr'><strong>FLOR.</strong></span> <span class='ocrx_word' id='word_1_7' title='bbox 932 385 1127 432; x_wconf 68' lang='lat' dir='ltr'><strong>TERTUUAAM</strong></span> <span class='ocrx_word' id='word_1_8' title='bbox 1138 386 1360 431; x_wconf 67' lang='lat' dir='ltr'><strong>mutuantem!</strong></span> <span class='ocrx_word' id='word_1_9' title='bbox 1372 385 1445 428; x_wconf 75' lang='lat' dir='ltr'><strong>tarr.</strong></span> 
     </span>
    </p>
   </div>
   <div class='ocr_carea' id='block_1_2' title="bbox 233 536 1498 2478">
    <p class='ocr_par' dir='ltr' id='par_1_2' title="bbox 316 536 1495 1381">
     <span class='ocr_line' id='line_1_2' title="bbox 317 536 1492 618; baseline -0.004 -18"><span class='ocrx_word' id='word_1_10' title='bbox 317 537 393 600; x_wconf 88' lang='lat' dir='ltr'><strong>riam</strong></span> <span class='ocrx_word' id='word_1_11' title='bbox 419 555 573 600; x_wconf 92' lang='lat' dir='ltr'><strong>numerum</strong></span> <span class='ocrx_word' id='word_1_12' title='bbox 594 537 792 600; x_wconf 88' lang='lat' dir='ltr'><strong>llomauorum</strong></span> <span class='ocrx_word' id='word_1_13' title='bbox 819 537 855 614; x_wconf 82' lang='lat' dir='ltr'><strong>in¹</strong></span> <span class='ocrx_word' id='word_1_14' title='bbox 872 538 982 618; x_wconf 88' lang='lat' dir='ltr'><strong>praelio</strong></span> <span class='ocrx_word' id='word_1_15' title='bbox 1012 538 1176 600; x_wconf 84' lang='lat' dir='ltr'><strong>occisorum</strong></span> <span class='ocrx_word' id='word_1_16' title='bbox 1204 536 1365 618; x_wconf 85' lang='lat' dir='ltr'><strong>singulatim</strong></span> <span class='ocrx_word' id='word_1_17' title='bbox 1384 553 1437 598; x_wconf 91' lang='lat' dir='ltr'><strong>aon</strong></span> <span class='ocrx_word' id='word_1_18' title='bbox 1455 552 1492 595; x_wconf 89' lang='lat' dir='ltr'><strong>re-</strong></span> 
     </span>
     <span class='ocr_line' id='line_1_3' title="bbox 320 620 1493 704; baseline -0.005 -18"><span class='ocrx_word' id='word_1_19' title='bbox 320 623 444 696; x_wconf 66' lang='lat' dir='ltr'><strong>censuit,</strong></span> <span class='ocrx_word' id='word_1_20' title='bbox 468 622 521 684; x_wconf 89' lang='lat' dir='ltr'><strong>sed</strong></span> <span class='ocrx_word' id='word_1_21' title='bbox 542 623 640 684; x_wconf 91' lang='lat' dir='ltr'><strong>modio</strong></span> <span class='ocrx_word' id='word_1_22' title='bbox 663 641 717 702; x_wconf 89' lang='lat' dir='ltr'><strong>por</strong></span> <span class='ocrx_word' id='word_1_23' title='bbox 739 641 841 684; x_wconf 89' lang='lat' dir='ltr'><strong>eorum</strong></span> <span class='ocrx_word' id='word_1_24' title='bbox 863 623 989 686; x_wconf 87' lang='lat' dir='ltr'><strong>annulos</strong></span> <span class='ocrx_word' id='word_1_25' title='bbox 1012 621 1208 685; x_wconf 68' lang='lat' dir='ltr'><strong>metiebatur?</strong></span> <span class='ocrx_word' id='word_1_26' title='bbox 1252 623 1427 704; x_wconf 78' lang='lat' dir='ltr'><strong>Quapropter</strong></span> <span class='ocrx_word' id='word_1_27' title='bbox 1449 620 1493 680; x_wconf 88' lang='lat' dir='ltr'><strong>iam</strong></span> 
     </span>
     <span class='ocr_line' id='line_1_4' title="bbox 321 705 1492 787; baseline -0.006 -17"><span class='ocrx_word' id='word_1_28' title='bbox 321 709 453 770; x_wconf 89' lang='lat' dir='ltr'><strong>laudatus</strong></span> <span class='ocrx_word' id='word_1_29' title='bbox 474 726 490 768; x_wconf 91' lang='lat' dir='ltr'><strong>a</strong></span> <span class='ocrx_word' id='word_1_30' title='bbox 512 707 597 769; x_wconf 91' lang='lat' dir='ltr'><strong>nobis</strong></span> <span class='ocrx_word' id='word_1_31' title='bbox 619 707 813 787; x_wconf 77' lang='lat' dir='ltr'><strong>Augustinus:</strong></span> <span class='ocrx_word' id='word_1_32' title='bbox 846 706 915 770; x_wconf 85' lang='lat' dir='ltr'><strong>Trea</strong></span> <span class='ocrx_word' id='word_1_33' title='bbox 936 708 1051 770; x_wconf 81' lang='lat' dir='ltr'><strong>modios</strong></span> <span class='ocrx_word' id='word_1_34' title='bbox 1074 708 1259 771; x_wconf 76' lang='lat' dir='ltr'><strong>acacianam</strong></span> <span class='ocrx_word' id='word_1_35' title='bbox 1279 723 1440 776; x_wconf 85' lang='lat' dir='ltr'><strong>aureorum,</strong></span> <span class='ocrx_word' id='word_1_36' title='bbox 1458 705 1492 764; x_wconf 91' lang='lat' dir='ltr'><strong>io·</strong></span> 
     </span>
     <span class='ocr_line' id='line_1_5' title="bbox 317 791 1494 874; baseline -0.001 -21"><span class='ocrx_word' id='word_1_37' title='bbox 317 793 389 872; x_wconf 89' lang='lat' dir='ltr'><strong>quit,</strong></span> <span class='ocrx_word' id='word_1_38' title='bbox 415 793 623 873; x_wconf 72' lang='lat' dir='ltr'><strong>Carthaginem</strong></span> <span class='ocrx_word' id='word_1_39' title='bbox 643 797 732 864; x_wconf 77' lang='lat' dir='ltr'><strong>misit,</strong></span> <span class='ocrx_word' id='word_1_40' title='bbox 755 809 812 874; x_wconf 88' lang='lat' dir='ltr'><strong>quo</strong></span> <span class='ocrx_word' id='word_1_41' title='bbox 834 793 1036 873; x_wconf 76' lang='lat' dir='ltr'><strong>cistelliperant</strong></span> <span class='ocrx_word' id='word_1_42' title='bbox 1050 804 1166 855; x_wconf 83' lang='lat' dir='ltr'><strong>tontum</strong></span> <span class='ocrx_word' id='word_1_43' title='bbox 1180 797 1214 855; x_wconf 82' lang='lat' dir='ltr'><strong>ais</strong></span> <span class='ocrx_word' id='word_1_44' title='bbox 1227 793 1282 856; x_wconf 86' lang='lat' dir='ltr'><strong>illo</strong></span> <span class='ocrx_word' id='word_1_45' title='bbox 1295 791 1406 872; x_wconf 85' lang='lat' dir='ltr'><strong>praelio</strong></span> <span class='ocrx_word' id='word_1_46' title='bbox 1420 792 1494 868; x_wconf 75' lang='lat' dir='ltr'><strong>digai</strong></span> 
     </span>
     <span class='ocr_line' id='line_1_6' title="bbox 319 876 1494 956; baseline -0.003 -16"><span class='ocrx_word' id='word_1_47' title='bbox 319 889 409 942; x_wconf 85' lang='lat' dir='ltr'><strong>tatem</strong></span> <span class='ocrx_word' id='word_1_48' title='bbox 439 879 576 939; x_wconf 81' lang='lat' dir='ltr'><strong>recidisse</strong></span> <span class='ocrx_word' id='word_1_49' title='bbox 598 876 778 948; x_wconf 79' lang='lat' dir='ltr'><strong><em>Romanam,</em></strong></span> <span class='ocrx_word' id='word_1_50' title='bbox 810 889 845 939; x_wconf 86' lang='lat' dir='ltr'><strong>at</strong></span> <span class='ocrx_word' id='word_1_51' title='bbox 871 877 995 956; x_wconf 81' lang='lat' dir='ltr'><strong>facilius</strong></span> <span class='ocrx_word' id='word_1_52' title='bbox 1017 896 1081 939; x_wconf 86' lang='lat' dir='ltr'><strong>eom</strong></span> <span class='ocrx_word' id='word_1_53' title='bbox 1106 889 1225 956; x_wconf 86' lang='lat' dir='ltr'><strong>caperet</strong></span> <span class='ocrx_word' id='word_1_54' title='bbox 1248 895 1399 948; x_wconf 82' lang='lat' dir='ltr'><strong>mearum,</strong></span> <span class='ocrx_word' id='word_1_55' title='bbox 1428 891 1494 956; x_wconf 74' lang='lat' dir='ltr'><strong>quoe</strong></span> 
     </span>
     <span class='ocr_line' id='line_1_7' title="bbox 316 962 1494 1044; baseline -0.005 -20"><span class='ocrx_word' id='word_1_56' title='bbox 316 980 477 1024; x_wconf 73' lang='lat' dir='ltr'><strong>camaras:</strong></span> <span class='ocrx_word' id='word_1_57' title='bbox 510 972 597 1043; x_wconf 84' lang='lat' dir='ltr'><strong>atque</strong></span> <span class='ocrx_word' id='word_1_58' title='bbox 627 962 693 1023; x_wconf 84' lang='lat' dir='ltr'><strong>liae</strong></span> <span class='ocrx_word' id='word_1_59' title='bbox 720 973 837 1040; x_wconf 83' lang='lat' dir='ltr'><strong>strapas</strong></span> <span class='ocrx_word' id='word_1_60' title='bbox 865 963 970 1024; x_wconf 85' lang='lat' dir='ltr'><strong>turbae</strong></span> <span class='ocrx_word' id='word_1_61' title='bbox 1000 972 1115 1024; x_wconf 82' lang='lat' dir='ltr'><strong>ceterae</strong></span> <span class='ocrx_word' id='word_1_62' title='bbox 1141 973 1226 1024; x_wconf 82' lang='lat' dir='ltr'><strong>tanto</strong></span> <span class='ocrx_word' id='word_1_63' title='bbox 1253 967 1353 1044; x_wconf 80' lang='lat' dir='ltr'><strong>atique</strong></span> <span class='ocrx_word' id='word_1_64' title='bbox 1378 975 1494 1021; x_wconf 76' lang='lat' dir='ltr'><strong>acuam</strong></span> 
     </span>
     <span class='ocr_line' id='line_1_8' title="bbox 319 1045 1495 1128; baseline -0.006 -19"><span class='ocrx_word' id='word_1_65' title='bbox 319 1050 422 1118; x_wconf 79' lang='lat' dir='ltr'><strong>eloris,</strong></span> <span class='ocrx_word' id='word_1_66' title='bbox 446 1058 555 1127; x_wconf 80' lang='lat' dir='ltr'><strong>quanto</strong></span> <span class='ocrx_word' id='word_1_67' title='bbox 578 1047 766 1126; x_wconf 62' lang='lat' dir='ltr'><strong>infimiores,</strong></span> <span class='ocrx_word' id='word_1_68' title='bbox 788 1045 921 1107; x_wconf 84' lang='lat' dir='ltr'><strong>videlieet</strong></span> <span class='ocrx_word' id='word_1_69' title='bbox 935 1046 1096 1120; x_wconf 89' lang='lat' dir='ltr'><strong>hominum,</strong></span> <span class='ocrx_word' id='word_1_70' title='bbox 1119 1065 1193 1128; x_wconf 84' lang='lat' dir='ltr'><strong>qaae</strong></span> <span class='ocrx_word' id='word_1_71' title='bbox 1215 1051 1279 1110; x_wconf 83' lang='lat' dir='ltr'><strong>aa&#39;ae</strong></span> <span class='ocrx_word' id='word_1_72' title='bbox 1301 1045 1418 1108; x_wconf 64' lang='lat' dir='ltr'><strong>naumis</strong></span> <span class='ocrx_word' id='word_1_73' title='bbox 1436 1047 1495 1104; x_wconf 82' lang='lat' dir='ltr'><strong>ioca</strong></span> 
     </span>
     <span class='ocr_line' id='line_1_9' title="bbox 318 1127 1494 1214; baseline -0.008 -20"><span class='ocrx_word' id='word_1_74' title='bbox 318 1134 376 1203; x_wconf 85' lang='lat' dir='ltr'><strong>bot,</strong></span> <span class='ocrx_word' id='word_1_75' title='bbox 401 1132 582 1193; x_wconf 69' lang='lat' dir='ltr'><strong>condolendo</strong></span> <span class='ocrx_word' id='word_1_76' title='bbox 599 1135 704 1212; x_wconf 81' lang='lat' dir='ltr'><strong>potius</strong></span> <span class='ocrx_word' id='word_1_77' title='bbox 726 1149 813 1211; x_wconf 87' lang='lat' dir='ltr'><strong>qaam</strong></span> <span class='ocrx_word' id='word_1_78' title='bbox 834 1132 1022 1193; x_wconf 79' lang='lat' dir='ltr'><strong>numerando</strong></span> <span class='ocrx_word' id='word_1_79' title='bbox 1040 1142 1207 1214; x_wconf 83' lang='lat' dir='ltr'><strong>patoretur</strong></span> <span class='ocrx_word' id='word_1_80' title='bbox 1228 1129 1430 1210; x_wconf 86' lang='lat' dir='ltr'><strong>(Augustloeo</strong></span> <span class='ocrx_word' id='word_1_81' title='bbox 1442 1127 1494 1200; x_wconf 79' lang='lat' dir='ltr'><strong>cit).</strong></span> 
     </span>
     <span class='ocr_line' id='line_1_10' title="bbox 316 1209 1495 1296; baseline -0.007 -18"><span class='ocrx_word' id='word_1_82' title='bbox 316 1216 376 1278; x_wconf 88' lang='lat' dir='ltr'><strong>Sed</strong></span> <span class='ocrx_word' id='word_1_83' title='bbox 408 1223 436 1277; x_wconf 90' lang='lat' dir='ltr'><strong>to</strong></span> <span class='ocrx_word' id='word_1_84' title='bbox 463 1233 523 1277; x_wconf 92' lang='lat' dir='ltr'><strong>non</strong></span> <span class='ocrx_word' id='word_1_85' title='bbox 545 1215 642 1296; x_wconf 79' lang='lat' dir='ltr'><strong>pigeat</strong></span> <span class='ocrx_word' id='word_1_86' title='bbox 661 1216 740 1276; x_wconf 90' lang='lat' dir='ltr'><strong>bunc</strong></span> <span class='ocrx_word' id='word_1_87' title='bbox 760 1215 913 1295; x_wconf 73' lang='lat' dir='ltr'><strong>Augustini</strong></span> <span class='ocrx_word' id='word_1_88' title='bbox 935 1215 1015 1276; x_wconf 91' lang='lat' dir='ltr'><strong>adire</strong></span> <span class='ocrx_word' id='word_1_89' title='bbox 1043 1215 1164 1290; x_wconf 91' lang='lat' dir='ltr'><strong>librum,</strong></span> <span class='ocrx_word' id='word_1_90' title='bbox 1199 1216 1249 1278; x_wconf 93' lang='lat' dir='ltr'><strong>ubi</strong></span> <span class='ocrx_word' id='word_1_91' title='bbox 1278 1235 1314 1278; x_wconf 83' lang='lat' dir='ltr'><strong>ex</strong></span> <span class='ocrx_word' id='word_1_92' title='bbox 1334 1215 1386 1276; x_wconf 91' lang='lat' dir='ltr'><strong>hac</strong></span> <span class='ocrx_word' id='word_1_93' title='bbox 1404 1221 1431 1273; x_wconf 90' lang='lat' dir='ltr'><strong>et</strong></span> <span class='ocrx_word' id='word_1_94' title='bbox 1448 1209 1495 1271; x_wconf 87' lang='lat' dir='ltr'><strong>aliia</strong></span> 
     </span>
     <span class='ocr_line' id='line_1_11' title="bbox 316 1299 1434 1381; baseline -0.006 -17"><span class='ocrx_word' id='word_1_95' title='bbox 316 1300 446 1364; x_wconf 78' lang='lat' dir='ltr'><strong>cladibus</strong></span> <span class='ocrx_word' id='word_1_96' title='bbox 468 1300 498 1361; x_wconf 92' lang='lat' dir='ltr'><strong>in</strong></span> <span class='ocrx_word' id='word_1_97' title='bbox 520 1299 664 1374; x_wconf 87' lang='lat' dir='ltr'><strong>ethnicos,</strong></span> <span class='ocrx_word' id='word_1_98' title='bbox 686 1300 931 1380; x_wconf 82' lang='lat' dir='ltr'><strong>quemadmodum</strong></span> <span class='ocrx_word' id='word_1_99' title='bbox 950 1301 1061 1362; x_wconf 91' lang='lat' dir='ltr'><strong>Auctor</strong></span> <span class='ocrx_word' id='word_1_100' title='bbox 1081 1309 1192 1374; x_wconf 86' lang='lat' dir='ltr'><strong>noster,</strong></span> <span class='ocrx_word' id='word_1_101' title='bbox 1214 1307 1434 1381; x_wconf 78' lang='lat' dir='ltr'><strong>argumentatur.</strong></span> 
     </span>
    </p>

    <p class='ocr_par' dir='ltr' id='par_1_3' title="bbox 233 1379 1498 2478">
     <span class='ocr_line' id='line_1_12' title="bbox 315 1379 1497 1464; baseline -0.006 -18"><span class='ocrx_word' id='word_1_102' title='bbox 315 1407 319 1436; x_wconf 59' lang='grc' dir='ltr'><em>κ</em></span> <span class='ocrx_word' id='word_1_103' title='bbox 400 1384 553 1464; x_wconf 79' lang='lat' dir='ltr'><strong>Antiquior</strong></span> <span class='ocrx_word' id='word_1_104' title='bbox 574 1403 655 1459; x_wconf 90' lang='lat' dir='ltr'><strong>sane,</strong></span> <span class='ocrx_word' id='word_1_105' title='bbox 679 1385 731 1445; x_wconf 91' lang='lat' dir='ltr'><strong>sed</strong></span> <span class='ocrx_word' id='word_1_106' title='bbox 753 1403 814 1445; x_wconf 90' lang='lat' dir='ltr'><strong>non</strong></span> <span class='ocrx_word' id='word_1_107' title='bbox 836 1384 934 1446; x_wconf 91' lang='lat' dir='ltr'><strong>minus</strong></span> <span class='ocrx_word' id='word_1_108' title='bbox 957 1383 1080 1446; x_wconf 89' lang='lat' dir='ltr'><strong>celebris</strong></span> <span class='ocrx_word' id='word_1_109' title='bbox 1102 1393 1230 1464; x_wconf 88' lang='lat' dir='ltr'><strong>notaque</strong></span> <span class='ocrx_word' id='word_1_110' title='bbox 1252 1385 1386 1448; x_wconf 86' lang='lat' dir='ltr'><strong>omnibus</strong></span> <span class='ocrx_word' id='word_1_111' title='bbox 1400 1379 1497 1443; x_wconf 87' lang='lat' dir='ltr'><strong>luitale</strong></span> 
     </span>
     <span class='ocr_line' id='line_1_13' title="bbox 316 1463 1496 1550; baseline -0.005 -19"><span class='ocrx_word' id='word_1_112' title='bbox 316 1469 516 1531; x_wconf 88' lang='lat' dir='ltr'><strong>llomanomm</strong></span> <span class='ocrx_word' id='word_1_113' title='bbox 537 1469 651 1541; x_wconf 91' lang='lat' dir='ltr'><strong>clades,</strong></span> <span class='ocrx_word' id='word_1_114' title='bbox 687 1488 751 1530; x_wconf 86' lang='lat' dir='ltr'><strong>eom</strong></span> <span class='ocrx_word' id='word_1_115' title='bbox 774 1469 967 1550; x_wconf 82' lang='lat' dir='ltr'><strong>Capitolium,</strong></span> <span class='ocrx_word' id='word_1_116' title='bbox 1002 1478 1034 1529; x_wconf 93' lang='lat' dir='ltr'><strong>ut</strong></span> <span class='ocrx_word' id='word_1_117' title='bbox 1054 1487 1174 1530; x_wconf 89' lang='lat' dir='ltr'><strong>rursum</strong></span> <span class='ocrx_word' id='word_1_118' title='bbox 1196 1470 1390 1533; x_wconf 80' lang='lat' dir='ltr'><strong>Tertullianus</strong></span> <span class='ocrx_word' id='word_1_119' title='bbox 1410 1463 1496 1534; x_wconf 76' lang='lat' dir='ltr'><strong>serib&#39;t</strong></span> 
     </span>
     <span class='ocr_line' id='line_1_14' title="bbox 317 1551 1497 1635; baseline -0.007 -17"><span class='ocrx_word' id='word_1_120' title='bbox 317 1555 449 1618; x_wconf 76' lang='lat' dir='ltr'><strong>Surenas</strong></span> <span class='ocrx_word' id='word_1_121' title='bbox 473 1567 694 1635; x_wconf 82' lang='lat' dir='ltr'><strong>ocaapoueraaat</strong></span> <span class='ocrx_word' id='word_1_122' title='bbox 715 1553 897 1628; x_wconf 90' lang='lat' dir='ltr'><strong>(Tertullian.</strong></span> <span class='ocrx_word' id='word_1_123' title='bbox 920 1554 1071 1633; x_wconf 86' lang='lat' dir='ltr'><strong>Apologet</strong></span> <span class='ocrx_word' id='word_1_124' title='bbox 1094 1573 1156 1633; x_wconf 87' lang='lat' dir='ltr'><strong>cap.</strong></span> <span class='ocrx_word' id='word_1_125' title='bbox 1179 1559 1253 1631; x_wconf 73' lang='lat' dir='ltr'><strong>Ab),</strong></span> <span class='ocrx_word' id='word_1_126' title='bbox 1284 1556 1345 1617; x_wconf 89' lang='lat' dir='ltr'><strong>aire</strong></span> <span class='ocrx_word' id='word_1_127' title='bbox 1365 1561 1397 1614; x_wconf 92' lang='lat' dir='ltr'><strong>ut</strong></span> <span class='ocrx_word' id='word_1_128' title='bbox 1415 1551 1442 1612; x_wconf 92' lang='lat' dir='ltr'><strong>io</strong></span> <span class='ocrx_word' id='word_1_129' title='bbox 1459 1567 1497 1610; x_wconf 90' lang='lat' dir='ltr'><strong>oo·</strong></span> 
     </span>
     <span class='ocr_line' id='line_1_15' title="bbox 316 1632 1497 1719; baseline -0.007 -18"><span class='ocrx_word' id='word_1_130' title='bbox 316 1639 429 1702; x_wconf 88' lang='lat' dir='ltr'><strong>dicibus</strong></span> <span class='ocrx_word' id='word_1_131' title='bbox 451 1640 563 1702; x_wconf 88' lang='lat' dir='ltr'><strong>nostris</strong></span> <span class='ocrx_word' id='word_1_132' title='bbox 585 1638 723 1718; x_wconf 86' lang='lat' dir='ltr'><strong>legimus,</strong></span> <span class='ocrx_word' id='word_1_133' title='bbox 749 1650 979 1719; x_wconf 83' lang='lat' dir='ltr'><strong>occupaverant.</strong></span> <span class='ocrx_word' id='word_1_134' title='bbox 1022 1639 1079 1700; x_wconf 91' lang='lat' dir='ltr'><strong>Sed</strong></span> <span class='ocrx_word' id='word_1_135' title='bbox 1102 1639 1172 1719; x_wconf 93' lang='lat' dir='ltr'><strong>quid</strong></span> <span class='ocrx_word' id='word_1_136' title='bbox 1193 1639 1267 1714; x_wconf 90' lang='lat' dir='ltr'><strong>sibi,</strong></span> <span class='ocrx_word' id='word_1_137' title='bbox 1300 1637 1427 1718; x_wconf 82' lang='lat' dir='ltr'><strong>inquies,</strong></span> <span class='ocrx_word' id='word_1_138' title='bbox 1454 1632 1497 1693; x_wconf 82' lang='lat' dir='ltr'><strong>rull</strong></span> 
     </span>
     <span class='ocr_line' id='line_1_16' title="bbox 233 1721 1497 1804; baseline 0.002 -19"><span class='ocrx_word' id='word_1_139' title='bbox 233 1732 240 1749; x_wconf 93' lang='grc'><em>·</em></span> <span class='ocrx_word' id='word_1_140' title='bbox 314 1741 383 1785; x_wconf 90' lang='lat' dir='ltr'><strong>cum</strong></span> <span class='ocrx_word' id='word_1_141' title='bbox 404 1723 477 1785; x_wconf 83' lang='lat' dir='ltr'><strong>dixit</strong></span> <span class='ocrx_word' id='word_1_142' title='bbox 498 1721 745 1804; x_wconf 76' lang='lat' dir='ltr'><strong>occupauerunt?</strong></span> <span class='ocrx_word' id='word_1_143' title='bbox 765 1721 869 1784; x_wconf 89' lang='lat' dir='ltr'><strong>Nonne</strong></span> <span class='ocrx_word' id='word_1_144' title='bbox 890 1722 991 1785; x_wconf 86' lang='lat' dir='ltr'><strong>Livius</strong></span> <span class='ocrx_word' id='word_1_145' title='bbox 1013 1724 1088 1797; x_wconf 82' lang='lat' dir='ltr'><strong>(Lis.</strong></span> <span class='ocrx_word' id='word_1_146' title='bbox 1110 1723 1161 1784; x_wconf 89' lang='lat' dir='ltr'><strong>lib.</strong></span> <span class='ocrx_word' id='word_1_147' title='bbox 1184 1725 1216 1785; x_wconf 88' lang='lat' dir='ltr'><strong>V.</strong></span> <span class='ocrx_word' id='word_1_148' title='bbox 1240 1743 1304 1804; x_wconf 89' lang='lat' dir='ltr'><strong>cap.</strong></span> <span class='ocrx_word' id='word_1_149' title='bbox 1327 1728 1364 1788; x_wconf 87' lang='lat' dir='ltr'><strong>Al</strong></span> <span class='ocrx_word' id='word_1_150' title='bbox 1388 1730 1415 1783; x_wconf 91' lang='lat' dir='ltr'><strong>et</strong></span> <span class='ocrx_word' id='word_1_151' title='bbox 1433 1721 1497 1796; x_wconf 72' lang='lat' dir='ltr'><strong>seq),</strong></span> 
     </span>
     <span class='ocr_line' id='line_1_17' title="bbox 315 1807 1498 1889; baseline -0.002 -21"><span class='ocrx_word' id='word_1_152' title='bbox 315 1808 494 1886; x_wconf 88' lang='lat' dir='ltr'><strong>Augustinus</strong></span> <span class='ocrx_word' id='word_1_153' title='bbox 516 1809 647 1888; x_wconf 77' lang='lat' dir='ltr'><strong>(August.</strong></span> <span class='ocrx_word' id='word_1_154' title='bbox 670 1807 720 1869; x_wconf 93' lang='lat' dir='ltr'><strong>lib.</strong></span> <span class='ocrx_word' id='word_1_155' title='bbox 744 1807 780 1868; x_wconf 92' lang='lat' dir='ltr'><strong>ll.</strong></span> <span class='ocrx_word' id='word_1_156' title='bbox 803 1809 839 1870; x_wconf 93' lang='lat' dir='ltr'><strong>de</strong></span> <span class='ocrx_word' id='word_1_157' title='bbox 862 1807 943 1870; x_wconf 84' lang='lat' dir='ltr'><strong>Cirit</strong></span> <span class='ocrx_word' id='word_1_158' title='bbox 966 1808 1018 1869; x_wconf 83' lang='lat' dir='ltr'><strong>[lei</strong></span> <span class='ocrx_word' id='word_1_159' title='bbox 1040 1826 1103 1887; x_wconf 88' lang='lat' dir='ltr'><strong>cap.</strong></span> <span class='ocrx_word' id='word_1_160' title='bbox 1126 1811 1206 1885; x_wconf 76' lang='lat'><strong>22),</strong></span> <span class='ocrx_word' id='word_1_161' title='bbox 1240 1819 1329 1889; x_wconf 91' lang='lat' dir='ltr'><strong>atque</strong></span> <span class='ocrx_word' id='word_1_162' title='bbox 1350 1807 1410 1878; x_wconf 90' lang='lat' dir='ltr'><strong>alii,</strong></span> <span class='ocrx_word' id='word_1_163' title='bbox 1439 1811 1498 1866; x_wconf 76' lang='lat' dir='ltr'><strong>certo</strong></span> 
     </span>
     <span class='ocr_line' id='line_1_18' title="bbox 315 1888 1497 1972; baseline -0.005 -19"><span class='ocrx_word' id='word_1_164' title='bbox 315 1909 402 1971; x_wconf 92' lang='lat' dir='ltr'><strong>quam</strong></span> <span class='ocrx_word' id='word_1_165' title='bbox 423 1892 551 1971; x_wconf 84' lang='lat' dir='ltr'><strong>plurimi,</strong></span> <span class='ocrx_word' id='word_1_166' title='bbox 573 1901 742 1954; x_wconf 78' lang='lat' dir='ltr'><strong>constanter</strong></span> <span class='ocrx_word' id='word_1_167' title='bbox 763 1902 898 1954; x_wconf 91' lang='lat' dir='ltr'><strong>asserunt</strong></span> <span class='ocrx_word' id='word_1_168' title='bbox 917 1893 1084 1972; x_wconf 87' lang='lat' dir='ltr'><strong>neutiquam</strong></span> <span class='ocrx_word' id='word_1_169' title='bbox 1107 1904 1305 1972; x_wconf 80' lang='lat' dir='ltr'><strong>expugnatum</strong></span> <span class='ocrx_word' id='word_1_170' title='bbox 1326 1888 1497 1955; x_wconf 82' lang='lat' dir='ltr'><strong>aSenooiboa</strong></span> 
     </span>
     <span class='ocr_line' id='line_1_19' title="bbox 315 1973 1498 2057; baseline -0.006 -19"><span class='ocrx_word' id='word_1_171' title='bbox 315 1976 505 2057; x_wconf 80' lang='lat' dir='ltr'><strong>Capitolium,</strong></span> <span class='ocrx_word' id='word_1_172' title='bbox 537 1977 590 2038; x_wconf 88' lang='lat' dir='ltr'><strong>sed</strong></span> <span class='ocrx_word' id='word_1_173' title='bbox 611 1977 734 2038; x_wconf 88' lang='lat' dir='ltr'><strong>Romam</strong></span> <span class='ocrx_word' id='word_1_174' title='bbox 757 1985 869 2039; x_wconf 90' lang='lat' dir='ltr'><strong>tantum</strong></span> <span class='ocrx_word' id='word_1_175' title='bbox 891 1977 927 2038; x_wconf 91' lang='lat' dir='ltr'><strong>ab</strong></span> <span class='ocrx_word' id='word_1_176' title='bbox 956 1977 999 2038; x_wconf 90' lang='lat' dir='ltr'><strong>eis</strong></span> <span class='ocrx_word' id='word_1_177' title='bbox 1027 1976 1164 2057; x_wconf 73' lang='lat' dir='ltr'><strong>captam?</strong></span> <span class='ocrx_word' id='word_1_178' title='bbox 1206 1978 1285 2040; x_wconf 85' lang='lat' dir='ltr'><strong>Nihil</strong></span> <span class='ocrx_word' id='word_1_179' title='bbox 1312 1973 1498 2040; x_wconf 80' lang='lat' dir='ltr'><strong>certaverim</strong></span> 
     </span>
     <span class='ocr_line' id='line_1_20' title="bbox 316 2060 1497 2142; baseline -0.005 -20"><span class='ocrx_word' id='word_1_180' title='bbox 316 2061 514 2135; x_wconf 85' lang='lat' dir='ltr'><strong>Quamobrem</strong></span> <span class='ocrx_word' id='word_1_181' title='bbox 535 2060 656 2123; x_wconf 88' lang='lat' dir='ltr'><strong>verbum</strong></span> <span class='ocrx_word' id='word_1_182' title='bbox 680 2073 900 2142; x_wconf 81' lang='lat' dir='ltr'><strong>occupauerant</strong></span> <span class='ocrx_word' id='word_1_183' title='bbox 926 2061 966 2123; x_wconf 93' lang='lat' dir='ltr'><strong>ibi</strong></span> <span class='ocrx_word' id='word_1_184' title='bbox 994 2062 1135 2141; x_wconf 88' lang='lat' dir='ltr'><strong>accipitur</strong></span> <span class='ocrx_word' id='word_1_185' title='bbox 1160 2081 1216 2142; x_wconf 91' lang='lat' dir='ltr'><strong>pro</strong></span> <span class='ocrx_word' id='word_1_186' title='bbox 1239 2073 1400 2126; x_wconf 80' lang='lat' dir='ltr'><strong>tenuerant</strong></span> <span class='ocrx_word' id='word_1_187' title='bbox 1420 2061 1497 2122; x_wconf 84' lang='lat' dir='ltr'><strong>obacr-</strong></span> 
     </span>
     <span class='ocr_line' id='line_1_21' title="bbox 316 2145 1497 2232; baseline -0.006 -23"><span class='ocrx_word' id='word_1_188' title='bbox 316 2165 392 2209; x_wconf 85' lang='lat' dir='ltr'><strong>aaam.</strong></span> <span class='ocrx_word' id='word_1_189' title='bbox 435 2146 521 2226; x_wconf 90' lang='lat' dir='ltr'><strong>Atqui</strong></span> <span class='ocrx_word' id='word_1_190' title='bbox 543 2156 613 2209; x_wconf 89' lang='lat' dir='ltr'><strong>tunc</strong></span> <span class='ocrx_word' id='word_1_191' title='bbox 634 2147 777 2208; x_wconf 90' lang='lat' dir='ltr'><strong>Saturnus</strong></span> <span class='ocrx_word' id='word_1_192' title='bbox 799 2146 906 2225; x_wconf 90' lang='lat' dir='ltr'><strong>aliique</strong></span> <span class='ocrx_word' id='word_1_193' title='bbox 927 2147 1076 2226; x_wconf 89' lang='lat' dir='ltr'><strong>gentilium</strong></span> <span class='ocrx_word' id='word_1_194' title='bbox 1099 2147 1156 2221; x_wconf 90' lang='lat' dir='ltr'><strong>dii,</strong></span> <span class='ocrx_word' id='word_1_195' title='bbox 1190 2148 1233 2209; x_wconf 92' lang='lat' dir='ltr'><strong>uti</strong></span> <span class='ocrx_word' id='word_1_196' title='bbox 1256 2149 1297 2210; x_wconf 91' lang='lat' dir='ltr'><strong>ait</strong></span> <span class='ocrx_word' id='word_1_197' title='bbox 1320 2145 1497 2232; x_wconf 65' lang='lat' dir='ltr'><strong>Tertullianus</strong></span> 
     </span>
     <span class='ocr_line' id='line_1_22' title="bbox 317 2228 1498 2309; baseline -0.005 -17"><span class='ocrx_word' id='word_1_198' title='bbox 317 2229 354 2292; x_wconf 89' lang='lat' dir='ltr'><strong>ab</strong></span> <span class='ocrx_word' id='word_1_199' title='bbox 384 2231 519 2292; x_wconf 91' lang='lat' dir='ltr'><strong>omnibus</strong></span> <span class='ocrx_word' id='word_1_200' title='bbox 547 2237 605 2292; x_wconf 86' lang='lat' dir='ltr'><strong>tam</strong></span> <span class='ocrx_word' id='word_1_201' title='bbox 635 2230 837 2292; x_wconf 85' lang='lat' dir='ltr'><strong>obsidentibus</strong></span> <span class='ocrx_word' id='word_1_202' title='bbox 871 2249 958 2309; x_wconf 87' lang='lat' dir='ltr'><strong>quam</strong></span> <span class='ocrx_word' id='word_1_203' title='bbox 989 2230 1123 2293; x_wconf 88' lang='lat' dir='ltr'><strong>obsessis</strong></span> <span class='ocrx_word' id='word_1_204' title='bbox 1145 2231 1327 2295; x_wconf 88' lang='lat' dir='ltr'><strong>colebantur.</strong></span> <span class='ocrx_word' id='word_1_205' title='bbox 1370 2228 1498 2292; x_wconf 78' lang='lat' dir='ltr'><strong>emisam</strong></span> 
     </span>
     <span class='ocr_line' id='line_1_23' title="bbox 316 2313 1497 2397; baseline 0 -20"><span class='ocrx_word' id='word_1_206' title='bbox 316 2313 414 2393; x_wconf 87' lang='lat' dir='ltr'><strong>igitur,</strong></span> <span class='ocrx_word' id='word_1_207' title='bbox 437 2315 486 2396; x_wconf 76' lang='lat' dir='ltr'><strong>qui</strong></span> <span class='ocrx_word' id='word_1_208' title='bbox 508 2323 578 2376; x_wconf 87' lang='lat' dir='ltr'><strong>tuno</strong></span> <span class='ocrx_word' id='word_1_209' title='bbox 597 2333 658 2376; x_wconf 90' lang='lat' dir='ltr'><strong>non</strong></span> <span class='ocrx_word' id='word_1_210' title='bbox 680 2323 772 2388; x_wconf 70' lang='lat' dir='ltr'><strong>erant,</strong></span> <span class='ocrx_word' id='word_1_211' title='bbox 795 2334 890 2394; x_wconf 87' lang='lat' dir='ltr'><strong>neque</strong></span> <span class='ocrx_word' id='word_1_212' title='bbox 911 2315 998 2378; x_wconf 90' lang='lat' dir='ltr'><strong>huius</strong></span> <span class='ocrx_word' id='word_1_213' title='bbox 1015 2315 1186 2378; x_wconf 82' lang='lat' dir='ltr'><strong>calamitatis</strong></span> <span class='ocrx_word' id='word_1_214' title='bbox 1202 2335 1299 2397; x_wconf 91' lang='lat' dir='ltr'><strong>neque</strong></span> <span class='ocrx_word' id='word_1_215' title='bbox 1314 2315 1432 2379; x_wconf 85' lang='lat' dir='ltr'><strong>aliarum</strong></span> <span class='ocrx_word' id='word_1_216' title='bbox 1445 2325 1497 2393; x_wconf 70' lang='lat' dir='ltr'><strong>quat</strong></span> 
     </span>
     <span class='ocr_line' id='line_1_24' title="bbox 316 2397 1070 2478; baseline 0.004 -19"><span class='ocrx_word' id='word_1_217' title='bbox 316 2397 456 2461; x_wconf 88' lang='lat' dir='ltr'><strong>hactenus</strong></span> <span class='ocrx_word' id='word_1_218' title='bbox 477 2399 631 2462; x_wconf 85' lang='lat' dir='ltr'><strong>retulimus</strong></span> <span class='ocrx_word' id='word_1_219' title='bbox 654 2407 787 2462; x_wconf 89' lang='lat' dir='ltr'><strong>auctores</strong></span> <span class='ocrx_word' id='word_1_220' title='bbox 811 2419 879 2460; x_wconf 88' lang='lat' dir='ltr'><strong>esse</strong></span> <span class='ocrx_word' id='word_1_221' title='bbox 900 2409 1070 2478; x_wconf 88' lang='lat' dir='ltr'><strong>potuerunt.</strong></span> 
     </span>
    </p>
   </div>
   <div class='ocr_carea' id='block_1_3' title="bbox 808 2561 1110 2621">
    <p class='ocr_par' dir='ltr' id='par_1_4' title="bbox 808 2561 1110 2621">
     <span class='ocr_line' id='line_1_25' title="bbox 808 2561 1110 2621; baseline -0.003 -2"><span class='ocrx_word' id='word_1_222' title='bbox 808 2569 974 2621; x_wconf 75' lang='lat' dir='ltr'><strong>auritulus</strong></span> <span class='ocrx_word' id='word_1_223' title='bbox 985 2569 1029 2619; x_wconf 78' lang='lat' dir='ltr'><strong>ll.</strong></span> <span class='ocrx_word' id='word_1_224' title='bbox 1107 2561 1110 2570; x_wconf 77' lang='lat'>&#39;</span> 
     </span>
    </p>
   </div>
   <div class='ocr_carea' id='block_1_4' title="bbox 314 2666 1500 2935">
    <p class='ocr_par' dir='ltr' id='par_1_5' title="bbox 314 2666 1499 2736">
     <span class='ocr_line' id='line_1_26' title="bbox 314 2666 1499 2736; baseline -0.005 -20"><span class='ocrx_word' id='word_1_225' title='bbox 314 2673 385 2724; x_wconf 82' lang='lat' dir='ltr'><strong>Quam</strong></span> <span class='ocrx_word' id='word_1_226' title='bbox 407 2673 525 2728; x_wconf 89' lang='lat' dir='ltr'><strong>perspicua</strong></span> <span class='ocrx_word' id='word_1_227' title='bbox 544 2673 691 2718; x_wconf 79' lang='lat' dir='ltr'><strong>Tertullianus</strong></span> <span class='ocrx_word' id='word_1_228' title='bbox 714 2674 816 2718; x_wconf 85' lang='lat' dir='ltr'><strong>ostendat</strong></span> <span class='ocrx_word' id='word_1_229' title='bbox 839 2673 978 2729; x_wconf 90' lang='lat' dir='ltr'><strong>publicarum</strong></span> <span class='ocrx_word' id='word_1_230' title='bbox 997 2673 1144 2718; x_wconf 80' lang='lat' dir='ltr'><strong>aelamitarum</strong></span> <span class='ocrx_word' id='word_1_231' title='bbox 1170 2679 1272 2717; x_wconf 78' lang='lat' dir='ltr'><strong>auctores</strong></span> <span class='ocrx_word' id='word_1_232' title='bbox 1291 2686 1336 2736; x_wconf 78' lang='lat' dir='ltr'><strong>non</strong></span> <span class='ocrx_word' id='word_1_233' title='bbox 1354 2685 1403 2723; x_wconf 84' lang='lat' dir='ltr'><strong>asae</strong></span> <span class='ocrx_word' id='word_1_234' title='bbox 1420 2666 1499 2714; x_wconf 78' lang='lat' dir='ltr'><strong>tutam·</strong></span> 
     </span>
    </p>

    <p class='ocr_par' dir='ltr' id='par_1_6' title="bbox 314 2737 1499 2797">
     <span class='ocr_line' id='line_1_27' title="bbox 314 2737 1499 2797; baseline -0.001 -13"><span class='ocrx_word' id='word_1_235' title='bbox 314 2751 364 2794; x_wconf 88' lang='lat' dir='ltr'><strong>nos,</strong></span> <span class='ocrx_word' id='word_1_236' title='bbox 387 2742 424 2796; x_wconf 87' lang='lat' dir='ltr'><strong>qui</strong></span> <span class='ocrx_word' id='word_1_237' title='bbox 441 2741 469 2784; x_wconf 86' lang='lat' dir='ltr'><strong>iis</strong></span> <span class='ocrx_word' id='word_1_238' title='bbox 485 2741 647 2786; x_wconf 86' lang='lat' dir='ltr'><strong>imminentibus</strong></span> <span class='ocrx_word' id='word_1_239' title='bbox 670 2741 716 2785; x_wconf 86' lang='lat' dir='ltr'><strong>reri</strong></span> <span class='ocrx_word' id='word_1_240' title='bbox 742 2741 781 2784; x_wconf 85' lang='lat' dir='ltr'><strong>Dei</strong></span> <span class='ocrx_word' id='word_1_241' title='bbox 797 2741 971 2786; x_wconf 86' lang='lat' dir='ltr'><strong>misericordiam</strong></span> <span class='ocrx_word' id='word_1_242' title='bbox 989 2741 1050 2786; x_wconf 88' lang='lat' dir='ltr'><strong>duris</strong></span> <span class='ocrx_word' id='word_1_243' title='bbox 1068 2742 1215 2797; x_wconf 87' lang='lat' dir='ltr'><strong>poeoteoitiae</strong></span> <span class='ocrx_word' id='word_1_244' title='bbox 1233 2742 1349 2786; x_wconf 86' lang='lat' dir='ltr'><strong>laboribus</strong></span> <span class='ocrx_word' id='word_1_245' title='bbox 1374 2737 1499 2796; x_wconf 75' lang='lat' dir='ltr'><strong>inplorabant</strong></span> 
     </span>
    </p>

    <p class='ocr_par' dir='ltr' id='par_1_7' title="bbox 314 2801 1500 2935">
     <span class='ocr_line' id='line_1_28' title="bbox 314 2801 1500 2866; baseline -0.003 -14"><span class='ocrx_word' id='word_1_246' title='bbox 314 2809 354 2853; x_wconf 87' lang='lat' dir='ltr'><strong>aad</strong></span> <span class='ocrx_word' id='word_1_247' title='bbox 378 2809 480 2864; x_wconf 86' lang='lat' dir='ltr'><strong>gentiles,</strong></span> <span class='ocrx_word' id='word_1_248' title='bbox 510 2809 547 2864; x_wconf 90' lang='lat' dir='ltr'><strong>qui</strong></span> <span class='ocrx_word' id='word_1_249' title='bbox 572 2809 653 2854; x_wconf 88' lang='lat' dir='ltr'><strong>ebriosi</strong></span> <span class='ocrx_word' id='word_1_250' title='bbox 676 2809 771 2862; x_wconf 84' lang='lat' dir='ltr'><strong>balneis,</strong></span> <span class='ocrx_word' id='word_1_251' title='bbox 796 2809 910 2866; x_wconf 89' lang='lat' dir='ltr'><strong>cauponis,</strong></span> <span class='ocrx_word' id='word_1_252' title='bbox 934 2809 1077 2866; x_wconf 82' lang='lat' dir='ltr'><strong>lupanaribus</strong></span> <span class='ocrx_word' id='word_1_253' title='bbox 1095 2809 1236 2866; x_wconf 87' lang='lat' dir='ltr'><strong>operantibus</strong></span> <span class='ocrx_word' id='word_1_254' title='bbox 1260 2801 1365 2866; x_wconf 82' lang='lat' dir='ltr'><strong>aquilicia</strong></span> <span class='ocrx_word' id='word_1_255' title='bbox 1388 2809 1429 2852; x_wconf 85' lang='lat' dir='ltr'><strong>lori</strong></span> <span class='ocrx_word' id='word_1_256' title='bbox 1444 2806 1500 2848; x_wconf 78' lang='lat' dir='ltr'><strong>inno</strong></span> 
     </span>
     <span class='ocr_line' id='line_1_29' title="bbox 407 2877 1428 2935; baseline 0 -15"><span class='ocrx_word' id='word_1_257' title='bbox 407 2877 488 2930; x_wconf 86' lang='lat' dir='ltr'><strong>labant,</strong></span> <span class='ocrx_word' id='word_1_258' title='bbox 507 2877 647 2934; x_wconf 88' lang='lat' dir='ltr'><strong>nudipedalia</strong></span> <span class='ocrx_word' id='word_1_259' title='bbox 664 2877 823 2921; x_wconf 88' lang='lat' dir='ltr'><strong>denuntiabant</strong></span> <span class='ocrx_word' id='word_1_260' title='bbox 839 2879 921 2933; x_wconf 88' lang='lat' dir='ltr'><strong>popula</strong></span> <span class='ocrx_word' id='word_1_261' title='bbox 939 2883 960 2920; x_wconf 91' lang='lat' dir='ltr'><strong>et</strong></span> <span class='ocrx_word' id='word_1_262' title='bbox 978 2877 1052 2921; x_wconf 90' lang='lat' dir='ltr'><strong>nubila</strong></span> <span class='ocrx_word' id='word_1_263' title='bbox 1072 2877 1098 2920; x_wconf 91' lang='lat' dir='ltr'><strong>de</strong></span> <span class='ocrx_word' id='word_1_264' title='bbox 1117 2877 1260 2933; x_wconf 86' lang='lat' dir='ltr'><strong>laquearibus</strong></span> <span class='ocrx_word' id='word_1_265' title='bbox 1278 2877 1428 2935; x_wconf 80' lang='lat' dir='ltr'><strong>expectabant</strong></span> 
     </span>
    </p>
   </div>
   <div class='ocr_carea' id='block_1_5' title="bbox 312 2990 1536 4680">
    <p class='ocr_par' dir='ltr' id='par_1_8' title="bbox 312 2990 1501 3832">
     <span class='ocr_line' id='line_1_30' title="bbox 398 2990 1499 3073; baseline -0.007 -21"><span class='ocrx_word' id='word_1_266' title='bbox 398 2992 529 3055; x_wconf 84' lang='lat' dir='ltr'><strong>Ethnicis</strong></span> <span class='ocrx_word' id='word_1_267' title='bbox 550 2991 773 3071; x_wconf 82' lang='lat' dir='ltr'><strong>inquirentibus·</strong></span> <span class='ocrx_word' id='word_1_268' title='bbox 788 2993 846 3073; x_wconf 90' lang='lat' dir='ltr'><strong>qui,</strong></span> <span class='ocrx_word' id='word_1_269' title='bbox 875 2991 932 3054; x_wconf 86' lang='lat' dir='ltr'><strong>nisi</strong></span> <span class='ocrx_word' id='word_1_270' title='bbox 953 2993 1120 3066; x_wconf 84' lang='lat' dir='ltr'><strong>Christiani,</strong></span> <span class='ocrx_word' id='word_1_271' title='bbox 1148 2994 1272 3056; x_wconf 91' lang='lat' dir='ltr'><strong>deorum</strong></span> <span class='ocrx_word' id='word_1_272' title='bbox 1302 2995 1405 3056; x_wconf 87' lang='lat' dir='ltr'><strong>hostes</strong></span> <span class='ocrx_word' id='word_1_273' title='bbox 1425 2990 1499 3050; x_wconf 87' lang='lat' dir='ltr'><strong>inlan-</strong></span> 
     </span>
     <span class='ocr_line' id='line_1_31' title="bbox 314 3071 1501 3158; baseline -0.002 -20"><span class='ocrx_word' id='word_1_274' title='bbox 314 3077 435 3149; x_wconf 89' lang='lat' dir='ltr'><strong>sissimi,</strong></span> <span class='ocrx_word' id='word_1_275' title='bbox 465 3077 645 3156; x_wconf 86' lang='lat' dir='ltr'><strong>publicarum</strong></span> <span class='ocrx_word' id='word_1_276' title='bbox 668 3077 792 3139; x_wconf 91' lang='lat' dir='ltr'><strong>cladium</strong></span> <span class='ocrx_word' id='word_1_277' title='bbox 815 3097 901 3139; x_wconf 87' lang='lat' dir='ltr'><strong>eausa</strong></span> <span class='ocrx_word' id='word_1_278' title='bbox 923 3096 991 3138; x_wconf 86' lang='lat' dir='ltr'><strong>esse</strong></span> <span class='ocrx_word' id='word_1_279' title='bbox 1012 3085 1156 3156; x_wconf 87' lang='lat' dir='ltr'><strong>poteraut,</strong></span> <span class='ocrx_word' id='word_1_280' title='bbox 1184 3079 1349 3158; x_wconf 89' lang='lat' dir='ltr'><strong>respondet</strong></span> <span class='ocrx_word' id='word_1_281' title='bbox 1370 3071 1501 3138; x_wconf 80' lang='lat' dir='ltr'><strong>Tertulla·</strong></span> 
     </span>
     <span class='ocr_line' id='line_1_32' title="bbox 313 3156 1500 3241; baseline -0.003 -19"><span class='ocrx_word' id='word_1_282' title='bbox 313 3177 369 3222; x_wconf 87' lang='lat' dir='ltr'><strong>nus</strong></span> <span class='ocrx_word' id='word_1_283' title='bbox 398 3179 460 3221; x_wconf 90' lang='lat' dir='ltr'><strong>eam</strong></span> <span class='ocrx_word' id='word_1_284' title='bbox 489 3162 519 3222; x_wconf 90' lang='lat' dir='ltr'><strong>in</strong></span> <span class='ocrx_word' id='word_1_285' title='bbox 546 3161 690 3240; x_wconf 87' lang='lat' dir='ltr'><strong>ipsosmet</strong></span> <span class='ocrx_word' id='word_1_286' title='bbox 718 3169 829 3222; x_wconf 79' lang='lat' dir='ltr'><strong>matum</strong></span> <span class='ocrx_word' id='word_1_287' title='bbox 856 3161 980 3241; x_wconf 88' lang='lat' dir='ltr'><strong>gentiles</strong></span> <span class='ocrx_word' id='word_1_288' title='bbox 1008 3179 1076 3223; x_wconf 89' lang='lat' dir='ltr'><strong>esse</strong></span> <span class='ocrx_word' id='word_1_289' title='bbox 1104 3163 1317 3225; x_wconf 81' lang='lat' dir='ltr'><strong>refundendam</strong></span> <span class='ocrx_word' id='word_1_290' title='bbox 1340 3156 1500 3240; x_wconf 79' lang='lat' dir='ltr'><strong>(Tertullian-</strong></span> 
     </span>
     <span class='ocr_line' id='line_1_33' title="bbox 313 3239 1501 3329; baseline -0.001 -23"><span class='ocrx_word' id='word_1_291' title='bbox 313 3245 466 3324; x_wconf 88' lang='lat' dir='ltr'><strong>Apologet</strong></span> <span class='ocrx_word' id='word_1_292' title='bbox 489 3263 552 3324; x_wconf 90' lang='lat' dir='ltr'><strong>cap.</strong></span> <span class='ocrx_word' id='word_1_293' title='bbox 575 3249 647 3320; x_wconf 71' lang='lat' dir='ltr'><strong>Ab).</strong></span> <span class='ocrx_word' id='word_1_294' title='bbox 691 3245 824 3306; x_wconf 84' lang='lat' dir='ltr'><strong>Etenim:</strong></span> <span class='ocrx_word' id='word_1_295' title='bbox 858 3247 980 3327; x_wconf 88' lang='lat' dir='ltr'><strong>Semper</strong></span> <span class='ocrx_word' id='word_1_296' title='bbox 1003 3247 1141 3319; x_wconf 80' lang='lat' dir='ltr'><strong>lamone,</strong></span> <span class='ocrx_word' id='word_1_297' title='bbox 1164 3247 1268 3325; x_wconf 90' lang='lat' dir='ltr'><strong>iuquit,</strong></span> <span class='ocrx_word' id='word_1_298' title='bbox 1297 3259 1371 3329; x_wconf 69' lang='lat' dir='ltr'><strong>&#39;geas</strong></span> <span class='ocrx_word' id='word_1_299' title='bbox 1392 3239 1501 3308; x_wconf 81' lang='lat' dir='ltr'><strong>molalt</strong></span> 
     </span>
     <span class='ocr_line' id='line_1_34' title="bbox 313 3327 1500 3412; baseline 0.001 -21"><span class='ocrx_word' id='word_1_300' title='bbox 313 3329 387 3401; x_wconf 86' lang='lat' dir='ltr'><strong>lleo,</strong></span> <span class='ocrx_word' id='word_1_301' title='bbox 409 3347 478 3389; x_wconf 84' lang='lat' dir='ltr'><strong>aero</strong></span> <span class='ocrx_word' id='word_1_302' title='bbox 502 3338 531 3390; x_wconf 90' lang='lat' dir='ltr'><strong>et</strong></span> <span class='ocrx_word' id='word_1_303' title='bbox 551 3330 648 3402; x_wconf 87' lang='lat' dir='ltr'><strong>unico,</strong></span> <span class='ocrx_word' id='word_1_304' title='bbox 671 3334 794 3402; x_wconf 78' lang='lat' dir='ltr'><strong>meruit,</strong></span> <span class='ocrx_word' id='word_1_305' title='bbox 813 3330 957 3410; x_wconf 89' lang='lat' dir='ltr'><strong>duplicem</strong></span> <span class='ocrx_word' id='word_1_306' title='bbox 979 3330 1017 3391; x_wconf 90' lang='lat' dir='ltr'><strong>ob</strong></span> <span class='ocrx_word' id='word_1_307' title='bbox 1038 3331 1193 3392; x_wconf 89' lang='lat' dir='ltr'><strong>rationem.</strong></span> <span class='ocrx_word' id='word_1_308' title='bbox 1222 3333 1264 3393; x_wconf 87' lang='lat' dir='ltr'><strong>Ao</strong></span> <span class='ocrx_word' id='word_1_309' title='bbox 1285 3333 1383 3412; x_wconf 84' lang='lat' dir='ltr'><strong>primo</strong></span> <span class='ocrx_word' id='word_1_310' title='bbox 1398 3327 1500 3410; x_wconf 79' lang='lat' dir='ltr'><strong>quaen.</strong></span> 
     </span>
     <span class='ocr_line' id='line_1_35' title="bbox 313 3409 1501 3497; baseline 0.003 -23"><span class='ocrx_word' id='word_1_311' title='bbox 313 3423 349 3475; x_wconf 86' lang='lat' dir='ltr'><strong>art</strong></span> <span class='ocrx_word' id='word_1_312' title='bbox 376 3413 548 3492; x_wconf 75' lang='lat' dir='ltr'><strong>inofficioso</strong></span> <span class='ocrx_word' id='word_1_313' title='bbox 575 3419 653 3484; x_wconf 72' lang='lat' dir='ltr'><strong>aaa,</strong></span> <span class='ocrx_word' id='word_1_314' title='bbox 687 3433 771 3496; x_wconf 88' lang='lat' dir='ltr'><strong>quem</strong></span> <span class='ocrx_word' id='word_1_315' title='bbox 803 3433 868 3477; x_wconf 88' lang='lat' dir='ltr'><strong>eum</strong></span> <span class='ocrx_word' id='word_1_316' title='bbox 896 3415 1077 3495; x_wconf 78' lang='lat' dir='ltr'><strong>a&#39;atella&#39;peret</strong></span> <span class='ocrx_word' id='word_1_317' title='bbox 1099 3435 1137 3479; x_wconf 84' lang='lat' dir='ltr'><strong>aa·</strong></span> <span class='ocrx_word' id='word_1_318' title='bbox 1161 3429 1260 3497; x_wconf 86' lang='lat' dir='ltr'><strong>parte,</strong></span> <span class='ocrx_word' id='word_1_319' title='bbox 1283 3437 1348 3480; x_wconf 81' lang='lat' dir='ltr'><strong>noo</strong></span> <span class='ocrx_word' id='word_1_320' title='bbox 1369 3409 1501 3496; x_wconf 73' lang='lat' dir='ltr'><strong>reqaitlttl</strong></span> 
     </span>
     <span class='ocr_line' id='line_1_36' title="bbox 313 3496 1501 3580; baseline 0.001 -23"><span class='ocrx_word' id='word_1_321' title='bbox 313 3496 423 3576; x_wconf 85' lang='lat' dir='ltr'><strong>(ibid),</strong></span> <span class='ocrx_word' id='word_1_322' title='bbox 453 3497 482 3557; x_wconf 94' lang='lat' dir='ltr'><strong>id</strong></span> <span class='ocrx_word' id='word_1_323' title='bbox 510 3503 556 3558; x_wconf 91' lang='lat' dir='ltr'><strong>est</strong></span> <span class='ocrx_word' id='word_1_324' title='bbox 591 3515 657 3558; x_wconf 89' lang='lat' dir='ltr'><strong>eum</strong></span> <span class='ocrx_word' id='word_1_325' title='bbox 679 3499 743 3559; x_wconf 90' lang='lat' dir='ltr'><strong>solo</strong></span> <span class='ocrx_word' id='word_1_326' title='bbox 765 3498 875 3560; x_wconf 91' lang='lat' dir='ltr'><strong>lumine</strong></span> <span class='ocrx_word' id='word_1_327' title='bbox 896 3501 1019 3562; x_wconf 91' lang='lat' dir='ltr'><strong>naturali</strong></span> <span class='ocrx_word' id='word_1_328' title='bbox 1048 3520 1083 3562; x_wconf 85' lang='lat' dir='ltr'><strong>ex</strong></span> <span class='ocrx_word' id='word_1_329' title='bbox 1104 3509 1187 3580; x_wconf 88' lang='lat' dir='ltr'><strong>parte</strong></span> <span class='ocrx_word' id='word_1_330' title='bbox 1210 3501 1314 3564; x_wconf 88' lang='lat' dir='ltr'><strong>saltem</strong></span> <span class='ocrx_word' id='word_1_331' title='bbox 1338 3496 1501 3579; x_wconf 72' lang='lat' dir='ltr'><strong>cognovisset</strong></span> 
     </span>
     <span class='ocr_line' id='line_1_37' title="bbox 313 3581 1499 3665; baseline -0.002 -23"><span class='ocrx_word' id='word_1_332' title='bbox 313 3581 394 3644; x_wconf 89' lang='lat' dir='ltr'><strong>illum</strong></span> <span class='ocrx_word' id='word_1_333' title='bbox 423 3599 523 3644; x_wconf 88' lang='lat' dir='ltr'><strong>revera</strong></span> <span class='ocrx_word' id='word_1_334' title='bbox 551 3581 677 3644; x_wconf 83' lang='lat' dir='ltr'><strong>existere</strong></span> <span class='ocrx_word' id='word_1_335' title='bbox 709 3601 766 3644; x_wconf 89' lang='lat' dir='ltr'><strong>nee</strong></span> <span class='ocrx_word' id='word_1_336' title='bbox 792 3583 880 3644; x_wconf 91' lang='lat' dir='ltr'><strong>aliurn</strong></span> <span class='ocrx_word' id='word_1_337' title='bbox 901 3601 969 3645; x_wconf 88' lang='lat' dir='ltr'><strong>esse</strong></span> <span class='ocrx_word' id='word_1_338' title='bbox 991 3603 1089 3665; x_wconf 86' lang='lat' dir='ltr'><strong>passe</strong></span> <span class='ocrx_word' id='word_1_339' title='bbox 1104 3585 1213 3659; x_wconf 86' lang='lat' dir='ltr'><strong>Deum,</strong></span> <span class='ocrx_word' id='word_1_340' title='bbox 1243 3604 1305 3647; x_wconf 92' lang='lat' dir='ltr'><strong>non</strong></span> <span class='ocrx_word' id='word_1_341' title='bbox 1327 3585 1436 3648; x_wconf 86' lang='lat' dir='ltr'><strong>curarit</strong></span> <span class='ocrx_word' id='word_1_342' title='bbox 1453 3595 1499 3640; x_wconf 87' lang='lat' dir='ltr'><strong>am·</strong></span> 
     </span>
     <span class='ocr_line' id='line_1_38' title="bbox 312 3666 1499 3748; baseline -0.003 -20"><span class='ocrx_word' id='word_1_343' title='bbox 312 3666 390 3748; x_wconf 87' lang='lat' dir='ltr'><strong>plius</strong></span> <span class='ocrx_word' id='word_1_344' title='bbox 412 3666 588 3746; x_wconf 79' lang='lat' dir='ltr'><strong>investigare</strong></span> <span class='ocrx_word' id='word_1_345' title='bbox 610 3667 677 3746; x_wconf 91' lang='lat' dir='ltr'><strong>quis</strong></span> <span class='ocrx_word' id='word_1_346' title='bbox 699 3667 747 3728; x_wconf 88' lang='lat' dir='ltr'><strong>ille</strong></span> <span class='ocrx_word' id='word_1_347' title='bbox 769 3679 859 3743; x_wconf 88' lang='lat' dir='ltr'><strong>esset,</strong></span> <span class='ocrx_word' id='word_1_348' title='bbox 882 3687 937 3729; x_wconf 91' lang='lat' dir='ltr'><strong>nec</strong></span> <span class='ocrx_word' id='word_1_349' title='bbox 957 3669 1081 3748; x_wconf 88' lang='lat' dir='ltr'><strong>proinde</strong></span> <span class='ocrx_word' id='word_1_350' title='bbox 1103 3670 1199 3732; x_wconf 89' lang='lat' dir='ltr'><strong>debita</strong></span> <span class='ocrx_word' id='word_1_351' title='bbox 1228 3670 1269 3731; x_wconf 92' lang='lat' dir='ltr'><strong>illi</strong></span> <span class='ocrx_word' id='word_1_352' title='bbox 1301 3671 1400 3732; x_wconf 86' lang='lat' dir='ltr'><strong>officia</strong></span> <span class='ocrx_word' id='word_1_353' title='bbox 1423 3670 1499 3728; x_wconf 89' lang='lat' dir='ltr'><strong>hono·</strong></span> 
     </span>
     <span class='ocr_line' id='line_1_39' title="bbox 313 3751 1158 3832; baseline 0.001 -19"><span class='ocrx_word' id='word_1_354' title='bbox 313 3771 421 3832; x_wconf 87' lang='lat' dir='ltr'><strong>reaque</strong></span> <span class='ocrx_word' id='word_1_355' title='bbox 444 3751 559 3813; x_wconf 88' lang='lat' dir='ltr'><strong>debitos</strong></span> <span class='ocrx_word' id='word_1_356' title='bbox 581 3751 759 3831; x_wconf 82' lang='lat' dir='ltr'><strong>persolvere.</strong></span> <span class='ocrx_word' id='word_1_357' title='bbox 1152 3779 1158 3795; x_wconf 63' lang='grc' dir='ltr'>ι</span> 
     </span>
    </p>

    <p class='ocr_par' dir='ltr' id='par_1_9' title="bbox 312 3836 1536 4680">
     <span class='ocr_line' id='line_1_40' title="bbox 398 3836 1536 3920; baseline -0.002 -22"><span class='ocrx_word' id='word_1_358' title='bbox 398 3836 550 3910; x_wconf 87' lang='lat' dir='ltr'><strong>Secundo,</strong></span> <span class='ocrx_word' id='word_1_359' title='bbox 584 3836 685 3898; x_wconf 90' lang='lat' dir='ltr'><strong>eadem</strong></span> <span class='ocrx_word' id='word_1_360' title='bbox 707 3855 779 3916; x_wconf 89' lang='lat' dir='ltr'><strong>gens</strong></span> <span class='ocrx_word' id='word_1_361' title='bbox 805 3839 931 3900; x_wconf 91' lang='lat' dir='ltr'><strong>humana</strong></span> <span class='ocrx_word' id='word_1_362' title='bbox 953 3839 1030 3901; x_wconf 83' lang='lat' dir='ltr'><strong>alios</strong></span> <span class='ocrx_word' id='word_1_363' title='bbox 1052 3838 1126 3900; x_wconf 87' lang='lat' dir='ltr'><strong>deos</strong></span> <span class='ocrx_word' id='word_1_364' title='bbox 1148 3840 1208 3902; x_wconf 85' lang='lat' dir='ltr'><strong>sibi</strong></span> <span class='ocrx_word' id='word_1_365' title='bbox 1228 3842 1356 3920; x_wconf 71' lang='lat' dir='ltr'><strong>absuper</strong></span> <span class='ocrx_word' id='word_1_366' title='bbox 1379 3849 1500 3901; x_wconf 75' lang='lat' dir='ltr'><strong>conmm-</strong></span> <span class='ocrx_word' id='word_1_367' title='bbox 1535 3841 1536 3888; x_wconf 84' lang='lat' dir='ltr'><strong>l</strong></span> 
     </span>
     <span class='ocr_line' id='line_1_41' title="bbox 314 3907 1536 4006; baseline -0.003 -21"><span class='ocrx_word' id='word_1_368' title='bbox 314 3932 378 3985; x_wconf 88' lang='lat' dir='ltr'><strong>tato</strong></span> <span class='ocrx_word' id='word_1_369' title='bbox 400 3933 452 3994; x_wconf 86' lang='lat' dir='ltr'><strong>eat,</strong></span> <span class='ocrx_word' id='word_1_370' title='bbox 476 3939 549 4004; x_wconf 87' lang='lat' dir='ltr'><strong>quoa</strong></span> <span class='ocrx_word' id='word_1_371' title='bbox 571 3922 693 3984; x_wconf 86' lang='lat' dir='ltr'><strong>coleret.</strong></span> <span class='ocrx_word' id='word_1_372' title='bbox 737 3921 802 3984; x_wconf 88' lang='lat' dir='ltr'><strong>Non</strong></span> <span class='ocrx_word' id='word_1_373' title='bbox 825 3923 950 4003; x_wconf 87' lang='lat' dir='ltr'><strong>amplius</strong></span> <span class='ocrx_word' id='word_1_374' title='bbox 972 3923 1069 4003; x_wconf 87' lang='lat' dir='ltr'><strong>itaque</strong></span> <span class='ocrx_word' id='word_1_375' title='bbox 1084 3925 1255 4006; x_wconf 80' lang='lat' dir='ltr'><strong>quaerendo</strong></span> <span class='ocrx_word' id='word_1_376' title='bbox 1275 3927 1449 4002; x_wconf 77' lang='lat' dir='ltr'><strong>magistrum</strong></span> <span class='ocrx_word' id='word_1_377' title='bbox 1466 3921 1500 3976; x_wconf 76' lang='lat' dir='ltr'><strong>ia</strong></span> <span class='ocrx_word' id='word_1_378' title='bbox 1535 3907 1536 3996; x_wconf 79' lang='lat' dir='ltr'><strong>l</strong></span> 
     </span>
     <span class='ocr_line' id='line_1_42' title="bbox 312 4003 1536 4092; baseline -0.002 -24"><span class='ocrx_word' id='word_1_379' title='bbox 312 4011 466 4070; x_wconf 80' lang='lat' dir='ltr'><strong>nocentiae</strong></span> <span class='ocrx_word' id='word_1_380' title='bbox 489 4005 586 4083; x_wconf 82' lang='lat' dir='ltr'><strong>(ibid.)</strong></span> <span class='ocrx_word' id='word_1_381' title='bbox 609 4013 639 4066; x_wconf 85' lang='lat' dir='ltr'><strong>et</strong></span> <span class='ocrx_word' id='word_1_382' title='bbox 660 4007 803 4069; x_wconf 90' lang='lat' dir='ltr'><strong>scelerum</strong></span> <span class='ocrx_word' id='word_1_383' title='bbox 831 4007 974 4069; x_wconf 84' lang='lat' dir='ltr'><strong>vindicem</strong></span> <span class='ocrx_word' id='word_1_384' title='bbox 997 4025 1033 4068; x_wconf 92' lang='lat' dir='ltr'><strong>eo</strong></span> <span class='ocrx_word' id='word_1_385' title='bbox 1063 4007 1202 4070; x_wconf 90' lang='lat' dir='ltr'><strong>derelicto</strong></span> <span class='ocrx_word' id='word_1_386' title='bbox 1225 4007 1255 4069; x_wconf 91' lang='lat' dir='ltr'><strong>in</strong></span> <span class='ocrx_word' id='word_1_387' title='bbox 1277 4003 1501 4092; x_wconf 72' lang='lat' dir='ltr'><strong>idololatriamel</strong></span> <span class='ocrx_word' id='word_1_388' title='bbox 1535 4019 1536 4090; x_wconf 64' lang='lat' dir='ltr'><strong>p</strong></span> 
     </span>
     <span class='ocr_line' id='line_1_43' title="bbox 315 4085 1536 4176; baseline -0.002 -25"><span class='ocrx_word' id='word_1_389' title='bbox 315 4109 403 4152; x_wconf 89' lang='lat' dir='ltr'><strong>omne</strong></span> <span class='ocrx_word' id='word_1_390' title='bbox 431 4091 607 4170; x_wconf 86' lang='lat' dir='ltr'><strong>flagitiorum</strong></span> <span class='ocrx_word' id='word_1_391' title='bbox 635 4109 728 4170; x_wconf 89' lang='lat' dir='ltr'><strong>genus</strong></span> <span class='ocrx_word' id='word_1_392' title='bbox 752 4111 822 4154; x_wconf 86' lang='lat' dir='ltr'><strong>sese</strong></span> <span class='ocrx_word' id='word_1_393' title='bbox 846 4091 1033 4172; x_wconf 89' lang='lat' dir='ltr'><strong>praecipitem</strong></span> <span class='ocrx_word' id='word_1_394' title='bbox 1056 4092 1145 4154; x_wconf 88' lang='lat' dir='ltr'><strong>dedit.</strong></span> <span class='ocrx_word' id='word_1_395' title='bbox 1189 4091 1282 4156; x_wconf 87' lang='lat' dir='ltr'><strong>Deum</strong></span> <span class='ocrx_word' id='word_1_396' title='bbox 1311 4111 1383 4171; x_wconf 90' lang='lat' dir='ltr'><strong>ergo</strong></span> <span class='ocrx_word' id='word_1_397' title='bbox 1404 4085 1499 4152; x_wconf 77' lang='lat' dir='ltr'><strong>euno.</strong></span> <span class='ocrx_word' id='word_1_398' title='bbox 1535 4107 1536 4176; x_wconf 43' lang='lat' dir='ltr'><strong>p</strong></span> 
     </span>
     <span class='ocr_line' id='line_1_44' title="bbox 314 4175 1499 4257; baseline 0.003 -23"><span class='ocrx_word' id='word_1_399' title='bbox 314 4191 401 4252; x_wconf 88' lang='lat' dir='ltr'><strong>quem</strong></span> <span class='ocrx_word' id='word_1_400' title='bbox 421 4176 660 4255; x_wconf 88' lang='lat' dir='ltr'><strong>recognoscendo</strong></span> <span class='ocrx_word' id='word_1_401' title='bbox 682 4195 725 4248; x_wconf 87' lang='lat' dir='ltr'><strong>ac,</strong></span> <span class='ocrx_word' id='word_1_402' title='bbox 749 4177 824 4239; x_wconf 91' lang='lat' dir='ltr'><strong>siout</strong></span> <span class='ocrx_word' id='word_1_403' title='bbox 844 4197 897 4257; x_wconf 91' lang='lat' dir='ltr'><strong>par</strong></span> <span class='ocrx_word' id='word_1_404' title='bbox 919 4185 991 4250; x_wconf 89' lang='lat' dir='ltr'><strong>crat,</strong></span> <span class='ocrx_word' id='word_1_405' title='bbox 1013 4177 1137 4238; x_wconf 88' lang='lat' dir='ltr'><strong>colendo</strong></span> <span class='ocrx_word' id='word_1_406' title='bbox 1159 4177 1321 4257; x_wconf 88' lang='lat' dir='ltr'><strong>propitium</strong></span> <span class='ocrx_word' id='word_1_407' title='bbox 1343 4175 1499 4249; x_wconf 74' lang='lat' dir='ltr'><strong>hammu-</strong></span> 
     </span>
     <span class='ocr_line' id='line_1_45' title="bbox 313 4256 1536 4346; baseline 0.003 -29"><span class='ocrx_word' id='word_1_408' title='bbox 313 4265 424 4331; x_wconf 89' lang='lat' dir='ltr'><strong>terant,</strong></span> <span class='ocrx_word' id='word_1_409' title='bbox 458 4279 511 4322; x_wconf 88' lang='lat' dir='ltr'><strong>sua</strong></span> <span class='ocrx_word' id='word_1_410' title='bbox 541 4263 578 4323; x_wconf 93' lang='lat' dir='ltr'><strong>ob</strong></span> <span class='ocrx_word' id='word_1_411' title='bbox 607 4261 727 4323; x_wconf 88' lang='lat' dir='ltr'><strong>erimina</strong></span> <span class='ocrx_word' id='word_1_412' title='bbox 754 4262 861 4323; x_wconf 90' lang='lat' dir='ltr'><strong>iratum</strong></span> <span class='ocrx_word' id='word_1_413' title='bbox 889 4261 1000 4341; x_wconf 83' lang='lat' dir='ltr'><strong>asperti</strong></span> <span class='ocrx_word' id='word_1_414' title='bbox 1029 4269 1108 4324; x_wconf 89' lang='lat' dir='ltr'><strong>sunt.</strong></span> <span class='ocrx_word' id='word_1_415' title='bbox 1150 4262 1217 4323; x_wconf 90' lang='lat' dir='ltr'><strong>Non</strong></span> <span class='ocrx_word' id='word_1_416' title='bbox 1241 4261 1398 4324; x_wconf 81' lang='lat' dir='ltr'><strong>Christiani</strong></span> <span class='ocrx_word' id='word_1_417' title='bbox 1423 4256 1499 4346; x_wconf 65' lang='lat' dir='ltr'><strong>igitur,</strong></span> <span class='ocrx_word' id='word_1_418' title='bbox 1535 4337 1536 4340; x_wconf 8' lang='grc' dir='ltr'><strong>Ἴ</strong></span> 
     </span>
     <span class='ocr_line' id='line_1_46' title="bbox 313 4336 1499 4428; baseline 0 -27"><span class='ocrx_word' id='word_1_419' title='bbox 313 4341 364 4420; x_wconf 90' lang='lat' dir='ltr'><strong>qui</strong></span> <span class='ocrx_word' id='word_1_420' title='bbox 385 4340 475 4405; x_wconf 84' lang='lat' dir='ltr'><strong>baum</strong></span> <span class='ocrx_word' id='word_1_421' title='bbox 496 4363 597 4407; x_wconf 86' lang='lat' dir='ltr'><strong>aarum</strong></span> <span class='ocrx_word' id='word_1_422' title='bbox 619 4347 697 4408; x_wconf 83' lang='lat' dir='ltr'><strong>carltu</strong></span> <span class='ocrx_word' id='word_1_423' title='bbox 720 4346 818 4408; x_wconf 86' lang='lat' dir='ltr'><strong>debito</strong></span> <span class='ocrx_word' id='word_1_424' title='bbox 840 4355 870 4408; x_wconf 91' lang='lat' dir='ltr'><strong>et</strong></span> <span class='ocrx_word' id='word_1_425' title='bbox 891 4346 948 4428; x_wconf 90' lang='lat' dir='ltr'><strong>piis</strong></span> <span class='ocrx_word' id='word_1_426' title='bbox 971 4346 1110 4425; x_wconf 88' lang='lat' dir='ltr'><strong>operibus</strong></span> <span class='ocrx_word' id='word_1_427' title='bbox 1134 4365 1252 4426; x_wconf 85' lang='lat' dir='ltr'><strong>semper</strong></span> <span class='ocrx_word' id='word_1_428' title='bbox 1272 4347 1401 4418; x_wconf 85' lang='lat' dir='ltr'><strong>coluere,</strong></span> <span class='ocrx_word' id='word_1_429' title='bbox 1422 4336 1499 4422; x_wconf 85' lang='lat' dir='ltr'><strong>pobl-</strong></span> 
     </span>
     <span class='ocr_line' id='line_1_47' title="bbox 313 4427 1500 4512; baseline -0.001 -27"><span class='ocrx_word' id='word_1_430' title='bbox 313 4439 413 4486; x_wconf 88' lang='lat' dir='ltr'><strong>carum</strong></span> <span class='ocrx_word' id='word_1_431' title='bbox 434 4427 625 4492; x_wconf 89' lang='lat' dir='ltr'><strong>calamitatum</strong></span> <span class='ocrx_word' id='word_1_432' title='bbox 649 4439 858 4504; x_wconf 80' lang='lat' dir='ltr'><strong>caussarum,</strong></span> <span class='ocrx_word' id='word_1_433' title='bbox 894 4431 946 4492; x_wconf 91' lang='lat' dir='ltr'><strong>sed</strong></span> <span class='ocrx_word' id='word_1_434' title='bbox 973 4431 1085 4510; x_wconf 90' lang='lat' dir='ltr'><strong>ingrata</strong></span> <span class='ocrx_word' id='word_1_435' title='bbox 1115 4432 1309 4512; x_wconf 84' lang='lat' dir='ltr'><strong>ipscmmmet</strong></span> <span class='ocrx_word' id='word_1_436' title='bbox 1337 4429 1500 4492; x_wconf 80' lang='lat' dir='ltr'><strong>ethnicorum</strong></span> 
     </span>
     <span class='ocr_line' id='line_1_48' title="bbox 313 4513 1499 4596; baseline 0.002 -26"><span class='ocrx_word' id='word_1_437' title='bbox 313 4529 400 4590; x_wconf 86' lang='lat' dir='ltr'><strong>gens,</strong></span> <span class='ocrx_word' id='word_1_438' title='bbox 428 4529 502 4591; x_wconf 88' lang='lat' dir='ltr'><strong>quac</strong></span> <span class='ocrx_word' id='word_1_439' title='bbox 524 4513 604 4574; x_wconf 92' lang='lat' dir='ltr'><strong>illurn</strong></span> <span class='ocrx_word' id='word_1_440' title='bbox 625 4515 799 4595; x_wconf 87' lang='lat' dir='ltr'><strong>adspernata</strong></span> <span class='ocrx_word' id='word_1_441' title='bbox 822 4525 868 4578; x_wconf 86' lang='lat' dir='ltr'><strong>est</strong></span> <span class='ocrx_word' id='word_1_442' title='bbox 889 4525 919 4578; x_wconf 88' lang='lat' dir='ltr'><strong>et</strong></span> <span class='ocrx_word' id='word_1_443' title='bbox 938 4515 1102 4577; x_wconf 89' lang='lat' dir='ltr'><strong>idololatria</strong></span> <span class='ocrx_word' id='word_1_444' title='bbox 1123 4516 1247 4596; x_wconf 89' lang='lat' dir='ltr'><strong>aliisque</strong></span> <span class='ocrx_word' id='word_1_445' title='bbox 1268 4514 1428 4576; x_wconf 89' lang='lat' dir='ltr'><strong>sceleribus</strong></span> <span class='ocrx_word' id='word_1_446' title='bbox 1448 4521 1499 4586; x_wconf 73' lang='lat' dir='ltr'><strong>grt-</strong></span> 
     </span>
     <span class='ocr_line' id='line_1_49' title="bbox 312 4594 1500 4680; baseline 0.008 -25"><span class='ocrx_word' id='word_1_447' title='bbox 312 4594 433 4658; x_wconf 81' lang='lat' dir='ltr'><strong>sissima</strong></span> <span class='ocrx_word' id='word_1_448' title='bbox 455 4595 585 4658; x_wconf 79' lang='lat' dir='ltr'><strong>offendit.</strong></span> <span class='ocrx_word' id='word_1_449' title='bbox 629 4599 734 4661; x_wconf 83' lang='lat' dir='ltr'><strong>Totam</strong></span> <span class='ocrx_word' id='word_1_450' title='bbox 756 4609 853 4663; x_wconf 89' lang='lat' dir='ltr'><strong>autem</strong></span> <span class='ocrx_word' id='word_1_451' title='bbox 874 4602 950 4663; x_wconf 89' lang='lat' dir='ltr'><strong>banc</strong></span> <span class='ocrx_word' id='word_1_452' title='bbox 970 4601 1253 4680; x_wconf 84' lang='lat' dir='ltr'><strong>argumentationem</strong></span> <span class='ocrx_word' id='word_1_453' title='bbox 1274 4601 1320 4662; x_wconf 87' lang='lat' dir='ltr'><strong>bia</strong></span> <span class='ocrx_word' id='word_1_454' title='bbox 1336 4595 1500 4664; x_wconf 77' lang='lat' dir='ltr'><strong>corroboral</strong></span> 
     </span>
    </p>
   </div>
   <div class='ocr_carea' id='block_1_6' title="bbox 0 0 1602 5250">
    <p class='ocr_par' dir='ltr' id='par_1_10' title="bbox 0 0 1602 5250">
     <span class='ocr_line' id='line_1_50' title="bbox 0 0 1602 5250; baseline 0 0"><span class='ocrx_word' id='word_1_455' title='bbox 0 0 1602 5250; x_wconf 95' lang='lat' dir='ltr'><strong> </strong></span> 
     </span>
    </p>
   </div>
  </div>
 </body>
</html>
