3122 5250
198 339 261 403 342
296 354 487 398 DlSBEltTtho
502 353 534 396 tn
549 353 602 404 ou.
612 351 696 396 SEPT.
713 351 798 396 rton.
815 351 1009 396 Taurunum
1023 351 1253 399 nouonnntctl!
1267 353 1356 400 (ΖΕΗ.

198 525 272 578 cert,
300 505 379 567 alius
408 505 447 567 od
475 501 590 566 coelom
610 501 761 585 supplices
782 520 890 566 mones
913 503 1023 574 tendet.
1053 503 1134 568 alies
1155 504 1196 566 od
1216 523 1304 568 cram
1324 504 1417 580 tutet

198 591 288 662 clius,
316 594 347 652 si
371 589 426 651 hoc
450 590 577 670 potatis,
606 587 701 650 eudes
729 599 867 650 numeret
896 606 999 658 orans,
1028 587 1109 651 clius
1137 588 1305 663 documenti,
1335 587 1417 656 aliea

198 679 329 738 summm
355 692 442 735 soom
469 674 523 736 deo
551 690 607 734 suo
629 681 744 743 voveat,
773 671 853 734 clius
875 671 955 734 birci
981 671 1090 748 (lhid.).
1132 672 1239 736 Nonne
1259 674 1290 736 hi
1313 693 1415 739 omnes

198 777 292 839 aequo
314 758 379 820 iure
399 766 450 819 aut
470 755 589 820 tolerari
610 764 661 818 aut
682 755 871 818 condemnari
892 755 1048 831 dehebant,
1071 775 1127 820 nec
1148 758 1199 822 uni
1212 758 1314 839 potius
1329 777 1416 840 quam

198 843 282 906 alteri
303 842 484 922 eripiendam
506 859 592 921 mem
613 840 741 903 voluerit
764 840 879 904 colendi
900 839 1091 903 libertatem?

283 927 341 988 Sed
370 945 432 988 non
457 925 534 988 clara
562 925 682 987 omnino
710 943 745 987 ac
770 925 929 1004 perspicua
950 933 1020 988 sunt
1040 927 1114 988 haec
1135 925 1306 990 Tertulliani
1327 927 1417 992 verba

198 1031 232 1076 ac
258 1012 382 1074 forsitan
411 1010 563 1073 dubitandi
590 1010 674 1072 locus
702 1017 747 1071 est
775 1017 874 1071 utrum
894 1009 1032 1089 loquatur
1053 1018 1167 1072 tantum
1188 1011 1226 1072 de
1247 1012 1415 1091 gentilibus,

197 1105 248 1160 aut
277 1097 314 1158 de
342 1096 379 1157 iis
401 1095 487 1158 simul
510 1093 745 1168 ettlhristianis,
772 1102 805 1156 ut
824 1093 957 1173 pluribus
978 1095 1074 1157 visum
1095 1103 1153 1158 est.
1197 1095 1275 1169 Quid
1296 1116 1366 1158 vero
1389 1097 1417 1160 si

197 1190 341 1261 utrosque
367 1189 454 1260 atque
481 1179 602 1259 insuper
629 1178 754 1240 ludaeos
788 1178 962 1258 designasse
989 1178 1127 1242 dicatur?
1169 1179 1212 1242 lle
1240 1180 1415 1244 Christianis

198 1267 344 1347 siquidem
366 1273 396 1327 et
417 1264 533 1327 ludaeis
556 1263 686 1326 scribere
707 1263 819 1343 potuit:
849 1263 937 1327 Colat
957 1263 1036 1327 atahe
1058 1264 1162 1338 Decem,
1192 1265 1312 1328 unicum
1331 1267 1416 1330 vide-

196 1351 266 1414 licet
287 1359 373 1430 atque
395 1349 644 1430 omnipotentem,
667 1347 704 1410 de
725 1347 850 1410 ethnicis
865 1367 951 1412 vero:
973 1349 1060 1412 Alius
1074 1349 1185 1420 lover,
1208 1350 1285 1412 sicut
1298 1349 1415 1414 incom-

197 1445 315 1517 pertum
337 1435 449 1497 nemini
470 1442 526 1496 est
569 1433 612 1495 De
634 1433 739 1494 iisdem
762 1432 849 1494 etiam
871 1431 1046 1495 Christianis
1068 1433 1166 1496 dicere
1189 1435 1285 1497 adhuc
1305 1435 1416 1516 potuit:

197 1521 284 1584 uteo
307 1521 346 1584 cd
368 1519 484 1582 caelum
504 1517 654 1599 supplices
674 1536 783 1580 maus
806 1518 918 1580 tersdct.
946 1516 1019 1578 Nam
1040 1517 1082 1592 hi,
1105 1518 1147 1580 uti
1168 1518 1293 1582 uelimus
1309 1519 1418 1600 (Supra

197 1623 262 1686 cap.
287 1609 337 1670 14.
364 1605 426 1666 Art
449 1606 503 1681 3.),
535 1602 673 1683 expansis
705 1601 842 1664 manibus
875 1601 968 1664 Deum
999 1602 1132 1664 orabant.
1176 1603 1304 1666 Tametsi
1337 1605 1417 1668 enim

198 1691 333 1752 ethnicus
356 1688 446 1751 simili
467 1687 556 1750 modo
579 1687 652 1750 deos
675 1705 747 1750 suos
761 1695 941 1765 precaretur,
964 1686 990 1749 is
1005 1686 1173 1750 Christiano
1190 1697 1286 1750 tamen
1304 1690 1418 1770 opponi

197 1793 214 1836 a
236 1773 416 1836 Termlliano
437 1772 562 1846 videtin,
584 1771 634 1851 qui
656 1771 765 1834 ibidem
786 1770 875 1834 dixit:
912 1771 998 1834 Alius
1020 1790 1101 1846 vero,
1124 1773 1264 1834 nimirum
1286 1774 1416 1853 gentilis,

196 1877 303 1921 manus
335 1857 472 1920 similiter
504 1857 607 1918 tendat
635 1856 672 1917 ad
704 1874 784 1918 aram
806 1855 905 1919 Fidei:
937 1856 968 1916 in
1001 1856 1152 1919 codicibus
1174 1857 1285 1920 nostris
1308 1877 1416 1922 manu·

198 1943 317 2024 scriptis
338 1943 444 2023 legitur
466 1941 577 2013 Fidiae,
609 1941 662 2003 sed
681 1940 868 2002 librariorum
888 1940 1082 2020 proculdubio
1104 1961 1216 2004 errore
1260 1941 1417 2006 Tolerabi-

196 2028 254 2091 lius
274 2027 399 2090 forsitan
421 2026 564 2106 scriptum
585 2033 667 2088 esset
688 2025 774 2097 Fidii,
796 2043 882 2104 quem
904 2025 1038 2104 gentiles,
1061 2034 1094 2088 ut
1115 2026 1193 2088 canit
1208 2026 1341 2102 Ovidius,
1363 2025 1416 2090 lo·
1545 2084 1550 2108 ,

196 2113 241 2175 ris
270 2112 362 2176 hlium
390 2119 420 2174 et
440 2111 527 2173 deum
548 2129 618 2173 esse
640 2109 846 2190 opinabantur.
889 2109 979 2171 Recte
1001 2117 1099 2174 autem
1121 2111 1211 2184 Fidei,
1240 2111 1324 2174 cuius
1345 2119 1417 2174 tan-

197 2215 284 2277 quam
306 2196 378 2260 deae
400 2195 542 2276 templum
564 2202 628 2257 erat
648 2195 679 2256 in
701 2193 854 2275 Capitolio,
883 2195 1129 2273 quemadmodum
1151 2195 1218 2260 alibi
1241 2195 1417 2260 observari-

197 2300 264 2345 mus
287 2282 386 2357 (Tom.
409 2281 432 2342 l.
453 2281 590 2360 apparat
611 2298 641 2359 p.
665 2281 762 2356 866).

280 2366 325 2428 dd
351 2366 477 2428 ludaeos
505 2383 575 2426 vero
604 2373 738 2443 spectare
765 2363 900 2425 videntur
929 2361 1138 2444 subsequentia
1159 2364 1295 2428 ductoris
1317 2367 1417 2430 nostri

196 2451 300 2514 verba:
328 2451 425 2526 Alios,
454 2454 485 2512 ee·
510 2451 565 2513 ltoc
583 2453 710 2529 putatis,
733 2450 828 2512 nudes
849 2445 1110 2512 numeret'orons.
1153 2449 1227 2512 Nam
1249 2449 1286 2513 de
1307 2449 1418 2516 iisdem

196 2535 314 2599 ludaeis
335 2533 480 2598 Iuvenalis
502 2533 621 2596 cecinit:

352 2620 482 2694 Quidum
503 2622 610 2683 sortiti
627 2628 805 2681 metuentem
826 2617 951 2682 salicto
968 2627 1090 2697 petrem

348 2705 403 2768 Nil
419 2718 547 2788 praeter
568 2705 661 2768 nudes
683 2716 713 2768 et
735 2702 811 2766 coeii
830 2702 1103 2765 concenderent.

244 2829 247 2836 ·
303 2853 306 2858 ,
848 2785 986 2859 (luvenal.
1009 2785 1098 2848 Satir.
1120 2785 1194 2849 XVI.
1215 2806 1242 2850 r.
1264 2789 1351 2867 316.)

197 2875 257 2939 Cur
285 2883 383 2937 autem
412 2873 518 2936 adiecit
544 2872 756 2935 Tertullianus:
793 2869 829 2933 Si
854 2871 908 2934 hoc
932 2869 1074 2952 putetis?
1116 2870 1221 2935 Nonne
1248 2871 1295 2934 bis
1318 2873 1419 2936 verbis

197 2961 320 3024 eosdem
334 2960 460 3022 ludaeos
482 2959 623 3020 denotare
643 2957 746 3030 voluit,
767 2973 842 3036 quos
864 2955 973 3017 ethnici
995 2963 1025 3017 et
1045 2954 1140 3018 nubes
1162 2965 1192 3019 et
1213 2956 1324 3020 caelum
1338 2958 1416 3020 ado-

196 3063 263 3108 rare
284 3044 358 3108 falso
380 3041 546 3125 putabant?
589 3043 665 3105 Huic
685 3050 783 3104 autem
805 3061 822 3102 a
843 3039 1023 3102 Tertulliano
1046 3040 1207 3119 opponitur
1228 3041 1316 3114 alaim
1339 3061 1418 3122 gen-

196 3129 268 3200 tilis,
289 3129 339 3209 qui
362 3128 477 3190 colebat
498 3127 658 3191 bonnaria
678 3145 802 3189 suorum
825 3125 936 3186 scilicet
957 3124 1143 3205 templomm,
1165 3134 1200 3187 ut
1219 3126 1293 3190 inlra
1308 3136 1418 3190 osten-

171 3213 310 3288 demus.
353 3211 453 3291 Pergit
482 3211 531 3273 ille
559 3218 589 3274 et
609 3211 699 3284 olins,
727 3210 829 3290 inquit,
857 3217 928 3288 puta
950 3208 1145 3285 Christianus,
1174 3231 1261 3274 enom
1282 3216 1420 3278 camon

197 3297 260 3362 Deo
283 3315 339 3358 eno
360 3304 512 3360 conectet
526 3304 688 3368 consecret,
710 3303 812 3356 contra
827 3313 897 3356 vero
912 3293 1001 3365 cithr,
1024 3294 1169 3370 ethnicus,
1193 3295 1274 3360 birci
1286 3297 1420 3362 animam

197 3378 271 3442 salso
293 3379 349 3442 deo
371 3387 484 3442 voveat.
527 3380 612 3442 canit
632 3379 712 3440 enim
733 3377 887 3457 Virgilius:
1004 3394 1006 3405 ·

349 3463 431 3544 quo
453 3468 512 3526 rite
533 3483 621 3526 susem
643 3463 758 3526 docebo
781 3464 909 3525 dicemus
932 3464 1076 3526 honorem

350 3548 539 3612 dominibus
557 3552 670 3630 patriis
692 3547 829 3609 loncestre
850 3557 879 3610 et
901 3547 961 3612 libo
980 3549 1129 3628 fuemus,

348 3633 389 3694 lit
410 3634 518 3696 ductes
541 3652 637 3697 cornu
659 3633 752 3696 stabit
771 3650 858 3694 socer
880 3632 983 3695 hircus
1004 3635 1044 3696 od
1065 3651 1162 3695 oram.

818 3716 930 3799 (virgil.
951 3717 1002 3797 lib.
1024 3717 1060 3780 ll.
1084 3717 1190 3798 Georg.
1212 3736 1238 3778 r.
1262 3719 1349 3798 393.)

196 3802 336 3868 Martialis
357 3820 444 3865 vero:
804 3802 806 3810 '
1339 3865 1343 3874 ,

353 3887 415 3952 Vite
435 3903 545 3950 moena
567 3903 658 3949 roseo
678 3887 779 3950 stabat
798 3889 969 3949 moriturus
990 3886 1031 3948 ad
1051 3905 1125 3949 oros

414 3971 538 4047 utrm,
558 3971 681 4044 bacche,
704 3975 765 4035 tetis
787 3975 907 4034 victima
927 3981 1018 4049 proto
1037 3974 1145 4034 secus.

816 4054 948 4131 (Martial.
970 4055 1026 4122 lib.¹
1043 4055 1093 4118 Ill.
1115 4055 1262 4137 Epigram.
1284 4058 1350 4135 tt.)

197 4139 307 4203 Verum
333 4141 403 4222 quid
424 4141 523 4205 obstet
543 4140 701 4222 quominus
722 4139 918 4202 Tertullianus
938 4139 1012 4202 haec
1027 4140 1135 4208 ‘omnia
1153 4159 1214 4202 non
1235 4140 1416 4208 Christianis

125 4251 131 4268 ·
198 4231 230 4287 ct
249 4223 374 4299 ludaeis,
397 4227 452 4288 sed
473 4226 546 4289 solis
567 4225 726 4305 gentilibus
749 4222 880 4287 tribuat?
921 4223 1026 4288 Nonne
1040 4225 1224 4302 hleuecaeus,
1246 4225 1362 4295 Codms
1383 4235 1418 4294 et

197 4308 313 4383 liures,
352 4311 388 4372 do
419 4311 527 4390 quibus
556 4329 613 4373 nos
646 4310 677 4384 in
707 4309 855 4390 superiori
884 4309 1093 4372 dissertatione
1124 4319 1195 4390 post
1230 4309 1419 4376 Lactantium

198 4393 343 4472 stabunt.
362 4393 413 4456 lib.
434 4395 485 4458 lll.
508 4415 571 4477 cap.
597 4399 646 4460 tn.
669 4415 698 4476 p.
715 4397 799 4472 370.)
821 4393 1034 4476 disputavimus
1054 4394 1218 4472 (Dissertat
1235 4395 1266 4457 in
1280 4395 1418 4463 Lactant-

198 4480 335 4559 cap-10.
362 4477 425 4540 Art.
447 4483 501 4557 4.),
530 4480 656 4543 animam
684 4497 768 4541 suam
795 4478 851 4540 diis
879 4486 1031 4548 voverunt.
1074 4479 1286 4560 Aristophanes
1315 4490 1421 4546 autem

198 4563 353 4628 Socratem
373 4561 486 4639 inducit
505 4565 600 4630 nubes
621 4573 755 4630 orantem
776 4571 807 4632 et
824 4564 1010 4632 invocantem
1031 4563 1192 4651 (Aristoph.
1214 4563 1292 4637 liuh.
1314 4575 1370 4634 act.
1390 4566 1419 4630 1.
