3144 5236
249 309 309 373 162
341 323 534 369 ursssnrarro
550 321 580 364 m
597 321 645 372 ou.
661 319 746 362 sarr.
762 317 847 360 scos.
865 315 1060 360 asennaeum
1074 313 1302 358 sroxocsmcon
1317 313 1407 358 cerr.

245 473 276 536 id
298 480 353 545 εει,
375 471 548 550 religionem
568 474 699 530 vestram
719 467 920 545 falsorumque
941 464 1067 526 deorum
1091 464 1202 526 culm
1216 463 1280 526 eius
1294 463 1470 542 antiquitate

246 573 434 637 propugnare
456 552 644 616 contenditis.

301 639 419 718 ,htqni
441 639 466 699 si
487 636 631 698 momenti
653 633 775 698 alieuius
797 634 838 695 sit
857 633 931 695 haee
951 632 1038 706 ratio,
1065 651 1126 706 non
1152 631 1281 712 potestis
1303 631 1468 711 Scripturis
1557 699 1558 716 .

247 723 361 787 uostris
394 723 537 802 derogare
565 721 664 782 fldem.
707 719 781 780 Nam
809 723 909 789 anms,
937 717 1031 796 inquit
1059 716 1267 798 Tertsdliapus‚
1298 715 1469 796 prophetae

247 812 396 872 samniam
423 806 493 882 (boc
519 813 566 866 εει
591 804 658 866 libri
680 803 800 883 Moysis)
828 801 957 864 saeculis
991 804 1085 864 vincit
1105 819 1208 863 omnes
1229 801 1419 862 snbstantias
1441 811 1471 862 et

246 896 393 954 materias
417 935 475 950 ...
500 893 642 970 caiusque
662 892 802 950 veterani
819 886 895 965 styli
906 889 1005 947 nestri
1024 884 1133 962 (ibid),
1156 902 1212 946 seu
1226 901 1330 946 omnes
1346 885 1469 946 omnino

197 981 199 986 ’
248 973 511 1038 commentationes
544 979 656 1034 vestras
689 988 848 1050 earumque
877 973 1081 1050 argumenta.-
1114 967 1194 1041 Quin
1227 967 1315 1029 etlam
1347 975 1469 1046 superat

249 1063 389 1138 arumna,
412 1057 517 1136 inquit,
546 1056 609 1118 sive
630 1055 712 1116 initia
733 1063 764 1116 et
784 1073 897 1128 causas,
926 1054 1049 1116 ordines
1078 1064 1107 1116 et
1133 1071 1233 1123 aenas,
1261 1052 1324 1114 sive
1353 1060 1468 1115 meatus

249 1149 278 1204 et
299 1142 424 1214 caudes,
446 1141 554 1220 quibus
577 1139 614 1200 ad
636 1159 690 1202 ros
712 1157 808 1218 usque
829 1145 1038 1217 pervenerunt.

333 1225 489 1288 Praeterea
515 1231 658 1286 vetustate
687 1242 740 1284 sua
760 1221 937 1284 antecedunt
957 1229 1059 1300 gentes
1081 1220 1245 1299 pleresque,
1268 1237 1345 1297 quae
1366 1229 1469 1300 postea

248 1319 331 1372 ortae
353 1317 423 1370 sunt
450 1319 481 1371 et
501 1309 593 1370 orbes
615 1301 748 1388 insignes
771 1307 972 1368 historiarum
993 1315 1022 1367 et
1044 1323 1134 1367 canas
1156 1308 1381 1366 memoriarum.
1425 1305 1470 1366 Ita

248 1395 279 1456 in
302 1394 413 1456 nostris
437 1391 587 1454 codicibus
603 1391 811 1470 manuscriptis
827 1398 857 1451 et
870 1388 1086 1467 antiquioribus
1100 1387 1292 1460 editionibus,
1314 1388 1373 1450 nisi
1390 1390 1471 1467 quod

247 1496 303 1558 pro
327 1496 419 1540 conos
440 1477 471 1538 iu
494 1476 538 1538 sis
561 1476 704 1554 scriptum
726 1483 773 1536 est
795 1493 911 1536 causas.
943 1473 1087 1551 Rigaltius
1108 1490 1191 1545 vero,
1214 1489 1302 1551 quern
1317 1472 1366 1534 alii
1381 1472 1488 1534 dein--

249 1581 318 1642 ceps
341 1561 435 1625 secati
457 1567 536 1634 sunt,
559 1560 680 1622 retinuit
701 1559 819 1637 quidem
841 1575 951 1619 nomeu
974 1575 1075 1628 canos,
1097 1556 1150 1618 sed
1171 1556 1349 1618 antecedens
1371 1557 1471 1620 iamto-

248 1651 370 1708 riarum
390 1645 522 1724 propria,
545 1643 588 1705 uti
609 1643 732 1715 ridetur,
756 1641 862 1704 delerit
883 1640 1064 1702 auctoritate.
1107 1640 1221 1702 Nullam
1244 1640 1322 1702 enim
1344 1659 1399 1702 uec
1420 1641 1471 1703 ille

247 1749 305 1792 nea
333 1729 381 1790 alii
409 1728 555 1789 dederuut
581 1727 669 1788 huius
698 1725 870 1788 omissionis
897 1725 1052 1786 rationem.
1097 1724 1155 1785 Sed
1186 1725 1217 1786 iu
1238 1724 1367 1785 animum
1388 1725 1472 1787 haud

246 1813 338 1876 dubie
366 1812 545 1873 induxerunt
576 1809 617 1871 ihi
646 1810 851 1889 gravissimum
874 1827 943 1870 essa
964 1808 1104 1870 adversus
1125 1809 1332 1887 grammaticae
1352 1809 1471 1888 regulas

245 1889 434 1979 ἁμάρτημα,
464 1894 514 1955 ubi
543 1893 758 1956 substantivum
787 1912 896 1956 nomen
922 1911 976 1971 pro
1003 1892 1144 1954 adiectiro
1167 1900 1198 1952 et
1217 1891 1392 1954 adiectirum
1414 1913 1470 1972 pro

250 1979 434 2043 substantivo
455 1977 586 2058 ponitur.
630 1977 690 2039 Sed
711 1995 813 2038 nonne
833 1978 1014 2055 graecismus
1037 1983 1082 2038 εει
1104 1994 1163 2040 non
1186 1976 1277 2038 semel
1299 1995 1316 2038 a
1337 1978 1471 2040 melioris

249 2064 400 2126 latinitatis
427 2061 597 2124 auctoribus
625 2059 807 2141 usurpatus?
849 2060 955 2122 Nonne
982 2060 1060 2122 enim
1082 2060 1221 2122 Horatius
1243 2059 1326 2122 dixit:
1350 2061 1472 2141 Integer

250 2152 331 2210 or'tae
353 2147 534 2225 scelerisque
552 2163 663 2225 paras.
709 2144 823 2206 Sensus
845 2145 943 2223 itaque
963 2145 1100 2206 hectoris
1121 2143 1216 2205 nostri
1237 2153 1294 2217 εει,
1317 2143 1472 2210 hebraeos

248 2249 320 2294 esse
340 2229 519 2304 vetustiores
542 2229 674 2304 urbibus,
698 2247 772 2308 quae
793 2228 925 2306 insignes
949 2237 1033 2290 erant
1054 2230 1254 2291 historiarum
1270 2231 1472 2292 monumentis

249 2314 383 2377 atcania
405 2313 568 2386 memoriis,
591 2313 621 2373 id
643 2321 698 2386 est,
722 2312 951 2386 commentariis,
974 2331 1049 2391 quae
1069 2313 1175 2374 canitie
1197 2331 1251 2374 sua
1273 2321 1303 2374 et
1324 2323 1474 2376 vetustate

249 2398 397 2478 originem
428 2397 535 2458 ceteris
564 2397 702 2459 oumibus
731 2397 927 2476 antiquiorem
955 2414 1027 2474 prae
1055 2416 1089 2457 se
1115 2395 1256 2458 serebant.
1300 2397 1350 2458 Sia
1381 2399 1474 2460 edam

250 2481 436 2561 Theophilus
458 2480 657 2542 hutiocbeuus
679 2481 792 2542 dixerat
813 2480 933 2542 eosdem
947 2480 1099 2542 Hebraeos
1120 2481 1304 2559 antiquiores
1326 2501 1396 2543 esse
1417 2501 1472 2544 ur-

250 2559 359 2638 bibus(
377 2583 452 2645 quaa
479 2573 564 2626 eraut
584 2564 660 2644 apud
682 2565 839 2644 Aegyptios
861 2563 1075 2626 famosissimae
1102 2564 1249 2644 (Theoph.
1271 2565 1337 2627 libr.
1358 2566 1411 2628 lll.
1435 2568 1474 2630 ad

251 2649 382 2729 hatolye
404 2668 434 2729 p.
459 2651 553 2725 130.).
596 2648 663 2710 Νοιι
684 2648 935 2710 dissimulabimus
957 2655 1055 2710 ιιειεε
1077 2648 1107 2709 in
1129 2649 1186 2709 alio
1202 2649 1372 2710 Tertulliani
1395 2651 1474 2714 libro

252 2734 409 2812 scriptum:
436 2733 500 2807 Qui
519 2737 733 2812 antiquitatum
755 2751 847 2795 conos
869 2732 1056 2811 collegerant
1074 2732 1210 2808 (Tertull.
1233 2733 1283 2796 lib.
1299 2734 1334 2794 ll.
1358 2735 1475 2797 adllat.

252 2837 315 2898 cap.
341 2821 414 2895 tn).
457 2816 516 2879 Sed
538 2817 626 2878 huius
648 2817 715 2878 libri
737 2816 842 2878 unicus
866 2817 1068 2879 antummodo
1090 2825 1228 2895 superest
1248 2817 1341 2880 codex
1362 2837 1475 2880 manu-

252 2902 391 2981 scriptus,
413 2901 595 2985 hpologetici
616 2919 687 2962 vero
708 2900 906 2979 quamplures.
951 2900 1100 2979 Qttidquid
1121 2910 1218 2964 autom
1240 2910 1362 2976 statuas,
1392 2903 1477 2966 idem

252 3003 371 3065 semper
398 2985 455 3046 erit
480 3003 597 3046 sensus.
640 2985 737 3046 Porro
765 2993 863 3046 autem
891 2984 1075 3047 abductare
1101 2995 1207 3046 nostro
1226 3003 1339 3048 nomen
1358 3005 1477 3051 memo-

252 3074 647 3229 tdltdldtldt
667 3073 943 3232 diriditis·
956 3069 1475 3236 ah⁰nl¹⁰lltt¹.}{.l⁰t²lt⁰

249 3237 325 3298 ata.
347 3241 421 3294 tom.
443 3234 514 3311 vt).
558 3234 668 3296 Eadem
696 3255 800 3298 rursus
829 3237 1042 3315 significatione
1069 3236 1133 3315 ipse
1166 3237 1365 3300 Tertullianus
1392 3239 1474 3302 libro

251 3335 322 3380 mox
343 3317 432 3379 citato
454 3317 543 3378 dixit:
575 3319 730 3382 Saturnus
752 3325 785 3382 in
808 3326 900 3382 terris
923 3320 1070 3383 humanae
1087 3321 1243 3402 qualitatis
1258 3324 1340 3403 apud
1353 3335 1482 3388 veteres·

252 3405 413 3464 menariae
436 3411 612 3464 recensetur
634 3403 768 3478 (Tertull.
789 3403 841 3464 lib.
863 3404 899 3465 ll.
923 3403 959 3466 ad
980 3404 1044 3466 Nat.
1066 3405 1123 3466 loc.
1146 3407 1217 3483 cit).

337 3484 414 3545 Turn
436 3484 542 3546 deinde
564 3486 594 3546 in
609 3487 799 3565 Apologetico
821 3487 927 3550 adiecit
947 3487 1041 3549 libros
1062 3489 1172 3569 Moysis
1194 3499 1289 3552 aetate
1305 3491 1402 3553 adbuc
1417 3509 1475 3556 sua

252 3567 364 3629 anteire
385 3573 469 3649 ipsos
490 3569 606 3650 effigies
621 3571 795 3633 litterarum
818 3573 928 3634 indices
951 3573 1087 3635 ascatades
1107 3592 1264 3636 cererem
1284 3574 1474 3655 (ldemhpo-

251 3651 516 3731 logetcap.19.),
539 3653 672 3728 horest,
695 3655 823 3734 scriptos
847 3673 915 3718 csse
936 3593 1153 3720 characteribus
1175 3666 1204 3718 ει
1224 3657 1329 3720 litteris
1352 3667 1473 3722 cetero-

251 3753 319 3796 rum
340 3737 472 3798 omuium
492 3735 579 3815 plauc
600 3737 826 3817 antiquissimis.
867 3739 941 3801 Nam
961 3741 1048 3820 paulo
1070 3748 1138 3821 ante
1159 3742 1319 3820 scripserat
1340 3761 1393 3804 eos
1417 3763 1473 3806 ex-

252 3827 351 3882 aratos
374 3820 467 3882 luisse
487 3819 595 3881 limeris
607 3821 772 3895 hebraicis,
794 3841 867 3902 quas
889 3824 1007 3902 quidem
1022 3824 1086 3888 aliis
1102 3825 1284 3904 quibuslibet
1295 3827 1475 3892 seduliores

252 3919 322 3963 essa
349 3919 405 3981 pro
434 3911 514 3965 certo
542 3903 678 3966 habebat.
720 3906 808 3968 hddit
835 3915 933 3970 autam
958 3908 1071 3972 litteras
1100 3928 1169 3972 esse
1196 3913 1333 3975 custodes
1356 3931 1473 3984 rerum

162 4059 165 4066 Ι
250 3993 355 4062 utpote
375 4003 450 4063 quaa
469 4005 519 4050 ros
540 3986 621 4066 ipsas
643 4007 802 4070 earumque
823 3991 976 4054 historiam
997 3992 1034 4054 sb
1066 3992 1187 4056 interitu
1212 3994 1369 4058 audiant
1410 3997 1474 4060 Sed

252 4064 442 4161 bacalusias
462 4071 644 4150 explicantur
664 4091 681 4134 a
701 4073 839 4153 maspha,
873 4076 956 4138 cuius
977 4077 1066 4139 verba
1093 4078 1180 4158 paulo
1201 4077 1362 4157 prolixiora
1383 4098 1475 4161 quam

252 4154 287 4242 ut
312 4147 361 4210 hrc
387 4152 562 4229 referantur,
594 4154 626 4216 in
653 4156 731 4218 illius
759 4157 834 4221 libro
855 4167 885 4221 te
906 4159 1015 4240 legisse
1037 4179 1099 4223 nou
1119 4161 1218 4243 pigeat
1249 4163 1382 4243 (loseph.
1406 4165 1471 4228 init.

251 4227 303 4290 hh.
325 4230 348 4292 1.
372 4251 397 4294 c.
418 4235 492 4314 hpp.
514 4255 544 4317 p.
569 4241 651 4304 1034
674 4249 703 4302 ει
724 4247 830 4322 seqq).

336 4314 492 4380 Postremo
515 4321 666 4386 subiunxit
687 4324 902 4390 Tertullianus:
930 4327 969 4390 lit
986 4340 1073 4408 poto,
1096 4331 1194 4394 addua
1213 4335 1313 4396 meires
1337 4334 1473 4406 damas.

249 4399 347 4492 fimi».
365 4402 496 4480 ittam.
519 4407 590 4468 deos
611 4418 740 4484 vestras,
762 4414 831 4491 ipsa
852 4411 963 4491 teorpla
984 4424 1013 4475 et
1035 4415 1163 4478 oraculo
1183 4427 1313 4480 etsacra
1335 4417 1472 4494 (Tertull.

249 4477 308 4543 loo.
323 4486 395 4559 ort),
418 4483 448 4544 id
470 4492 516 4546 est
536 4487 628 4552 libros
642 4491 752 4572 ldoysis
777 4494 929 4572 gentilium
943 4494 1013 4572 diis,
1036 4499 1164 4577 templis,
1186 4501 1314 4564 oraculis
1330 4510 1362 4566 et
1376 4502 1472 4566 sacris
