3114 5240
259 319 324 384 toa
340 334 530 378 nrsssnrarto
547 333 577 375 uc
592 333 639 383 ou.
657 333 741 408 supr.
757 333 842 376 stoa.
858 331 1052 390 amanuensi
1066 329 1293 376 arocoonrrcou
1308 331 1396 375 carr.

256 505 342 568 quam
363 487 486 548 llorente
508 503 542 546 ac
562 483 656 546 vivida
675 483 777 546 enoris
799 489 903 544 aetate.
948 481 1272 562 Quantobrenrputant
1291 481 1323 546 in
1337 481 1376 544 iis
1391 499 1469 544 con·

257 571 332 634 ditas
360 571 437 632 ihius
465 569 549 648 quasi
579 567 744 630 testamenti
772 567 896 630 tabctlm.
940 567 999 630 Sed
1026 586 1085 629 non
1113 566 1192 628 aliud
1221 565 1371 646 opinionis
1387 585 1468 628 suas

256 663 458 736 argumentum
479 654 647 734 proterunt,
670 652 727 714 nisi
750 653 822 713 haec
842 651 1013 714 Tertulliani
1036 651 1140 726 verba,
1170 671 1243 732 quae
1265 651 1375 732 prioris
1399 649 1467 714 libri

257 741 340 806 initio
372 741 411 801 ita
441 739 593 816 leguntur:
625 737 701 800 Nam
722 735 930 800 saecularibus
953 748 1121 818 satagentes
1143 755 1262 808 snmus,
1295 748 1325 798 et
1345 739 1469 818 aerique

257 835 396 890 nostnam
419 823 588 886 consultum
609 823 757 886 votnmss.
801 821 836 884 Si
856 823 967 885 tatibus
991 823 1182 894 ordinemne,
1212 839 1268 882 cnr
1289 839 1352 884 non
1372 826 1468 900 magis

256 913 291 974 de
317 911 425 972 diurnis
455 921 542 990 atque
571 906 743 970 caelestibus
762 911 940 987 posteritati
958 918 1083 969 nostrae
1101 911 1279 988 prospicere
1300 905 1468 980 debeamus,

257 1006 285 1060 et
308 995 436 1074 boatum
457 993 670 1074 quodammodo
688 991 866 1072 praelegare
887 993 1118 1054 admonitionem
1139 1002 1168 1053 et
1184 991 1469 1071 demonstrationem

256 1098 374 1152 eornm,
426 1097 482 1140 noe
509 1096 548 1139 ea
570 1078 655 1140 bonis
678 1076 897 1140 immortalibus
927 1077 1011 1140 etde
1033 1077 1216 1140 haereditate
1239 1073 1393 1138 caelorum
1416 1077 1469 1138 dc-

251 1167 414 1244 pntatur(
450 1161 488 1223 id.
511 1181 574 1242 cap.
593 1160 657 1238 l.)?
700 1161 759 1224 Sed
780 1161 847 1240 quia
869 1161 899 1222 in
922 1159 1021 1222 codice
1043 1159 1198 1240 hgohardi,
1220 1159 1263 1222 uti
1285 1179 1342 1222 nos
1364 1170 1468 1221 monet

255 1248 405 1327 Rigaltius,
428 1247 474 1307 his
495 1246 601 1326 legitur
623 1246 743 1324 talibus,
766 1245 794 1306 id
809 1252 972 1308 correctum
987 1245 1088 1318 voluit,
1110 1263 1144 1306 ac
1157 1243 1329 1324 legendum:
1354 1231 1468 1308 talibus

257 1333 374 1398 tabulas
397 1333 587 1404 additionum
611 1339 641 1391 ct
662 1329 730 1391 inde
752 1329 861 1408 colligit
882 1330 938 1390 hos
961 1329 1052 1391 libros
1075 1329 1243 1390 testamenti
1255 1329 1467 1390 iustaraTer-

256 1417 377 1480 tulliano
408 1423 501 1477 aetate
534 1415 590 1478 iam
612 1415 769 1496 plurimum
791 1424 930 1496 provecto
954 1414 1136 1495 compositos
1159 1414 1275 1492 (Rigalt.
1297 1413 1366 1474 Not.
1386 1419 1414 1477 l.
1438 1414 1468 1475 in

256 1502 334 1563 hunc
354 1500 441 1577 hbe).

339 1585 397 1648 Sed
419 1585 536 1646 tametsi
556 1604 607 1646 ros
629 1585 668 1646 ita
690 1594 781 1656 esset,
803 1583 944 1664 numquid
966 1591 1138 1646 testamenta
1153 1601 1311 1662 nunquam,
1334 1583 1391 1644 nisi
1413 1583 1462 1644 in·
1550 1611 1551 1626 κ

255 1677 442 1748 gravescente
466 1669 522 1730 iam
544 1677 648 1740 aetate,
671 1669 707 1729 ab
729 1669 898 1730 hominibus
921 1669 994 1729 lacta
1017 1669 1228 1748 obsignatoque
1244 1665 1338 1730 sunt?
1368 1667 1462 1730 Num·

256 1754 325 1833 quid
347 1773 433 1814 nemo
455 1753 586 1832 prudens
598 1753 698 1826 homo,
721 1772 755 1814 ac
769 1753 944 1833 praesertim
957 1754 1144 1826 christianus,
1168 1752 1224 1814 eni
1236 1751 1465 1814 borenteadhuc

256 1847 350 1899 aetate
378 1839 414 1898 de
447 1846 542 1898 morte
571 1856 689 1917 semper
711 1837 821 1898 incerta
844 1847 874 1898 et
894 1846 1071 1899 testamento
1095 1856 1150 1898 suo
1173 1837 1388 1898 conscribendo
1411 1855 1465 1898 co-

256 1920 376 2001 gitavit?
419 1922 455 1983 ht
483 1931 561 1984 certe
585 1921 781 1982 Tertullianus
805 1941 841 1982 eo
863 1922 973 2002 potiori
994 1923 1058 1984 iure
1081 1923 1117 1984 de
1139 1922 1188 1984 illo
1212 1922 1367 1983 condendo
1390 1940 1466 2002 qua·

256 2007 326 2092 libet
345 2015 440 2069 aetate
462 2026 515 2068 sua
537 2007 664 2086 cogitare
687 2005 797 2078 debuit,
820 2007 899 2085 quod
923 2015 991 2066 tunc
1013 2006 1211 2068 saevientibus
1234 2007 1264 2066 in
1279 2006 1466 2068 Christianos

256 2092 380 2152 ethnicis
408 2092 523 2152 nescire
556 2111 615 2152 uon
643 2099 759 2170 poterat
780 2091 867 2152 vitam
890 2109 973 2152 suam
995 2092 1126 2170 quotidie
1148 2090 1316 2172 periclitari.
1360 2091 1468 2156 Nonne

256 2176 342 2238 etiam
363 2177 421 2249 ille,
444 2183 524 2238 tanto
547 2185 663 2256 tamque
686 2175 835 2254 singulari,
860 2176 902 2236 uti
925 2175 1060 2250 diximus,
1083 2175 1279 2241 continentiae
1302 2175 1467 2238 castitatis-

256 2279 313 2341 que
334 2279 434 2322 amore
457 2278 575 2340 semper
596 2261 736 2322 incensus
757 2260 855 2340 potuit
877 2260 1008 2340 quolibet
1040 2261 1114 2324 vitae
1138 2261 1208 2324 suae
1231 2269 1366 2341 tempore
1390 2279 1468 2322 uxo-

256 2364 318 2408 rem
347 2365 430 2407 suam
459 2345 495 2406 ad
517 2365 597 2420 eam,
628 2344 653 2406 si
675 2363 802 2424 unquam
824 2345 908 2406 vidua
930 2347 1017 2418 foret,
1040 2345 1270 2408 conservandam
1292 2344 1468 2408 adhortari?

254 2430 298 2491 hd
318 2431 391 2492 haec
410 2449 481 2516 vero
505 2431 531 2490 si
552 2430 610 2502 illa,
633 2448 699 2491 oum
715 2428 911 2492 Tertullianus
934 2431 1057 2492 edendis
1080 2430 1220 2492 hislihris
1233 2448 1354 2510 operam
1369 2430 1467 2504 dabat,

256 2515 350 2576 adhuc
371 2523 443 2588 erat,
467 2515 617 2588 malunt,
651 2513 759 2588 vivida,
782 2515 922 2594 nutuquid
946 2534 982 2576 ex
1003 2517 1069 2576 licta
1091 2515 1274 2594 quorundam
1296 2513 1374 2578 illius
1398 2534 1467 2576 rer-

256 2599 360 2661 borum
382 2599 593 2678 significatione
615 2599 747 2662 concludi
763 2607 864 2678 potest
878 2599 958 2660 illurn
974 2603 1075 2661 senem
1090 2600 1184 2661 luisse
1196 2608 1247 2661 aut
1257 2599 1468 2680 decrepitum?

255 2684 355 2764 Neque
378 2683 514 2745 audiendi
536 2693 614 2759 sunt,
637 2683 686 2763 qui
709 2683 851 2744 obiiciunt
870 2685 953 2764 plura
976 2685 1005 2746 in
1027 2684 1074 2745 his
1096 2684 1179 2746 libris
1202 2702 1374 2758 occurrere,
1399 2685 1466 2764 qui-

256 2768 313 2830 bus
336 2769 533 2831 Tertullianus
562 2787 650 2830 suum
678 2768 708 2830 in
729 2763 922 2830 blontanistas
945 2769 1001 2832 iam
1025 2787 1208 2850 propensum
1228 2768 1357 2830 anirnum
1379 2779 1467 2850 pate·

255 2853 331 2916 lacit.
375 2853 521 2933 Numquid
543 2853 620 2914 enirn
643 2852 710 2933 quia
731 2871 854 2916 uxorem
876 2873 959 2914 suam
982 2854 1017 2914 ad
1039 2854 1248 2916 continentiam
1268 2851 1468 2918 adhortatur?

255 2939 291 3000 nt
311 2957 409 3000 noune
432 2938 496 3017 ipse
518 2938 605 2999 etiam
627 2937 734 2998 Paulus
750 2938 903 3018 apostolus
927 2939 1110 3000 Christianos
1133 2939 1168 2998 ad
1192 2937 1314 3000 eandem
1327 2937 1467 3002 virtutem

256 3023 425 3086 cohortatus
448 3021 519 3084 est?
562 3022 620 3084 Sed
642 3022 729 3084 nobis
752 3023 860 3084 sufficit
881 3025 960 3103 quod
982 3024 1143 3084 concedant
1154 3021 1372 3094 Tertullianum,
1395 3041 1466 3086 cum

256 3107 312 3170 hos
342 3107 379 3168 ael
405 3125 528 3167 uxorem
556 3107 703 3168 scribebat
730 3107 838 3180 libros,
873 3108 1004 3168 nondum
1032 3108 1062 3168 in
1084 3107 1326 3170 Montauistartun
1348 3105 1467 3186 lapsum

257 3189 350 3250 luisse
372 3209 514 3258 errorem.
558 3192 600 3251 dd
622 3191 747 3252 mediam
770 3191 847 3252 eninr
870 3210 964 3270 usque
987 3201 1130 3266 aetatem,
1164 3192 1205 3252 nti
1228 3191 1426 3271 Hieronymus
1450 3213 1467 3254 a

256 3274 342 3335 nobis
364 3273 467 3336 citatus
483 3267 665 3348 testificatur}
687 3274 841 3354 presbyter
855 3276 1012 3338 cathohcae
1027 3276 1174 3342 Ecclesiae
1190 3277 1254 3339 luit.
1283 3276 1361 3354 Ergo
1377 3277 1468 3357 louge

256 3365 322 3418 ante
345 3365 526 3418 senectutem
549 3377 632 3418 suam
653 3359 745 3419 libros
767 3359 833 3420 illos
856 3369 1073 3440 composuerat.
1153 3359 1158 3370 “

339 3441 375 3502 tlt
395 3442 639 3521 quemadmodum
661 3443 698 3504 dc
720 3442 890 3506 Tertulliani
913 3445 1048 3524 coniugio
1072 3455 1203 3518 constat,
1227 3445 1266 3506 ita
1289 3465 1360 3508 sane
1383 3455 1468 3508 extra

257 3527 376 3590 dubium
398 3546 466 3588 esse
489 3526 603 3588 videtur
623 3527 704 3588 illum
726 3547 810 3589 sacro
832 3530 1053 3610 presbyteratus
1076 3531 1179 3593 ordine
1195 3530 1288 3592 luisse
1305 3530 1465 3610 inaugura-

257 3621 328 3674 tum.
373 3611 488 3674 Etenim
506 3611 701 3692 hieronymus
724 3620 754 3674 et
775 3613 840 3675 libri
863 3613 899 3674 dc
914 3615 1203 3678 praedestinatorum
1229 3616 1346 3676 haeresi
1361 3625 1467 3679 atrotor

256 3697 337 3760 illum
347 3697 494 3758 Ecclesiae
514 3696 717 3776 presbyterum
737 3698 815 3759 haud
837 3699 1003 3763 dubitanter
1024 3700 1360 3781 appellanttliioronym.
1374 3702 1466 3764 Catal.

257 3783 360 3862 Soript.
384 3782 459 3844 Ecol.
482 3799 543 3862 cap.
560 3783 610 3846 53.
626 3800 691 3861 pag.
710 3787 779 3847 115.
802 3783 984 3846 Praedhstin.
998 3783 1060 3865 ea'p.
1076 3788 1127 3850 26.
1150 3803 1214 3864 pag.
1231 3787 1304 3862 Tib).
1350 3785 1464 3860 Quam-

258 3867 360 3928 obrem
381 3867 499 3930 hlinius,
519 3875 696 3930 memoratae
718 3866 833 3947 Rigaltii
861 3868 897 3930 de
926 3869 1008 3931 libris
1042 3889 1057 3931 a
1081 3869 1259 3932 Tertulliano
1287 3870 1346 3934 iam
1368 3881 1465 3934 aetate

258 3953 390 4012 conlecto
422 3951 458 4014 ad
486 3969 608 4014 uxorem
630 3951 747 4030 scriptis
777 3953 908 4033 opinioni
931 3973 967 4014 eo
989 3955 1137 4017 lubentius
1160 3954 1353 4035 subscripsit,
1383 3957 1465 4037 quod

258 4035 326 4096 indo
347 4035 450 4096 conlisi
470 4055 561 4116 posse
583 4035 703 4114 putabat
724 4038 849 4100 eundem
872 4036 1099 4112 Tertullianum,
1129 4047 1286 4120 postquam
1306 4039 1465 4120 presbyter

258 4120 351 4180 iactam
383 4129 445 4193 est,
480 4140 545 4184 eum
571 4139 663 4182 uxore
692 4137 745 4183 sua
773 4122 859 4184 solito
887 4123 995 4184 vixisse
1025 4143 1108 4186 more
1130 4124 1265 4186 maritali.
1309 4123 1367 4186 Sed
1390 4125 1465 4190 haec

259 4202 403 4264 sententia
425 4212 454 4264 et
475 4206 597 4267 ruinoso
619 4223 759 4284 prorsus,
792 4207 835 4267 uti
857 4208 1077 4280 annotavimus,
1106 4209 1295 4271 fundamento
1324 4227 1358 4270 ac
1378 4209 1462 4274 salsis

259 4287 439 4350 Calviuiauae
465 4289 624 4352 haereseos
652 4290 837 4369 praeiudiciis
866 4292 963 4354 innixa
991 4302 1047 4356 est.
1100 4293 1137 4354 Et
1163 4301 1244 4356 certe
1275 4312 1334 4374 quo
1356 4295 1461 4356 maiori

258 4371 451 4434 couhneutiae
474 4373 570 4436 sardio
593 4374 797 4450 Tertullianus,
820 4384 852 4440 ut
873 4377 991 4456 saepius
1003 4378 1139 4452 diximus,
1162 4378 1291 4454 ardebat,
1314 4379 1461 4442 eominus

257 4456 406 4540 probabile
429 4464 475 4518 est
488 4457 584 4532 illum,
606 4469 762 4541 postquam
784 4461 1003 4542 presbyteratus
1026 4462 1123 4524 ordini
1134 4463 1300 4542 adscriptus
1311 4463 1375 4536 luit,
1399 4483 1460 4526 nou

259 4542 376 4606 stetisse
398 4541 427 4604 in
449 4541 571 4604 aliorum
585 4543 705 4610 Latinae
719 4545 865 4608 Ecclesiae
887 4546 1073 4610 sacerdotum
1090 4545 1236 4630 ¹vestigiis,
1259 4547 1309 4628 qui
1332 4567 1401 4612 seso
1423 4547 1459 4612 ab
