3126 5250
278 379 341 444 268
377 393 568 438 nrssanrsrro
582 394 613 437 m
628 395 677 445 on.
692 393 776 439 sarr.
792 395 878 440 raon.
895 393 1090 438 ranrummru
1102 393 1327 440 monocsrrcos
1338 393 1415 436 csrr.

280 554 505 626 occupaverunt
535 543 634 624 lttpsse
663 547 763 626 compe·
792 543 974 618 (Tertrdlian.
996 543 1148 624 Apologet.
1170 562 1235 624 cap.
1257 547 1330 622 ti),
1355 543 1401 606 ubi
1424 543 1469 606 de·

278 631 448 694 limatorum
476 628 588 690 animus
616 627 728 691 deliciis
754 629 811 690 frui
838 629 1062 692 arbitrabantur.
1106 631 1215 692 Verum
1247 629 1389 691 enimvero
1416 647 1470 692 mm

280 716 353 778 haec
366 713 510 776 sententia
525 713 564 787 ei,
586 731 672 792 quam
686 712 836 794 proponit,
858 732 917 775 non
941 714 981 776 sit
1001 713 1163 788 dissimilis,
1185 714 1260 776 haec
1273 731 1362 786 suam,
1383 711 1467 792 inquit

280 818 316 861 ex
336 798 384 860 illa
405 799 488 860 duxit
507 798 701 877 proculdubio
724 797 878 877 originem.
906 799 980 861 Nam
1000 797 1070 860 iilud
1093 807 1123 860 et
1144 799 1198 860 alia
1221 799 1387 862 dommenta
1399 797 1469 860 tm·
1534 799 1535 812 ³

280 883 457 955 suanorum,
485 883 563 945 siem
582 891 667 944 antea
687 881 844 962 probatum
866 891 913 946 est
934 884 1036 964 (Supr.
1058 901 1121 963 cap.
1143 887 1173 947 4.
1196 883 1260 947 tra
1281 887 1334 959 4.),
1356 882 1468 946 ethnico·

278 987 345 1031 rum
372 967 486 1047 placitis
514 967 602 1046 longe
628 967 787 1029 testatiora
818 979 896 1030 sunt
939 967 1053 1030 Ethnici
1076 986 1146 1048 ergo
1164 987 1185 1029 a
1207 967 1394 1041 Christianis,
1421 983 1469 1027 non

278 1071 348 1114 vero
371 1051 530 1115 Christiani
550 1052 586 1112 ab
609 1051 733 1114 ethnicis
755 1050 859 1130 piacita
879 1071 933 1114 sua
953 1053 1112 1116 hauserant
1137 1052 1257 1133 illisque
1284 1051 1402 1132 proinde
1422 1067 1477 1112 non'

278 1137 423 1199 minorem
445 1155 533 1216 quam
555 1135 617 1198 suis
639 1137 727 1198 fidem
742 1136 857 1198 babere
878 1137 1032 1199 debebant.

363 1221 501 1284 Ceterum
527 1219 644 1283 tametsi
671 1220 742 1282 illud
764 1229 793 1284 et
813 1221 870 1284 alia
897 1222 996 1284 omnia
1016 1239 1091 1301 quae
1116 1222 1259 1284 hactenus
1280 1220 1468 1291 recensuimus,

278 1305 454 1368 christianae
474 1305 627 1385 religionis
648 1305 752 1385 piacita
780 1305 967 1385 opinionibus
990 1305 1140 1386 gentilium
1161 1306 1400 1386 philosophorum
1417 1321 1468 1364 om·
1534 1375 1535 1378 Ἴ

278 1391 351 1452 nino
374 1389 527 1453 dissimilia
549 1398 579 1453 et
599 1389 745 1453 contraria
767 1390 845 1458 sint.
880 1391 911 1452 in
932 1391 979 1454 his
1000 1390 1192 1453 nihilominus
1219 1389 1413 1470 pbilosophis,
1439 1386 1469 1448 ait
1534 1419 1535 1468 1

279 1475 493 1548 Tertullianus,
526 1474 706 1538 vocabantur
732 1493 864 1540 summe
890 1478 1032 1538 scientiae
1060 1482 1091 1536 et
1112 1479 1244 1556 mugnis
1264 1479 1381 1556 iugenio
1399 1472 1468 1547 (Ter-
1534 1489 1535 1552 p

277 1559 390 1622 tullian.
412 1559 563 1639 Apologet.
587 1577 649 1639 cap.
672 1561 753 1634 49.):
785 1577 884 1622 noune
904 1558 1004 1639 potius
1031 1564 1164 1640 insignio
1183 1564 1313 1642 ingenii,
1337 1559 1393 1620 sire
1410 1573 1466 1618 con·

279 1645 380 1723 spicue
400 1643 511 1723 ingenii
538 1643 621 1722 signa
644 1649 674 1704 et
703 1643 834 1706 indicia?
869 1645 922 1706 sed
953 1644 1030 1706 idern
1058 1643 1144 1722 plane
1171 1663 1278 1708 eorum
1299 1643 1354 1706 erit
1372 1657 1468 1703 sensus.

280 1727 354 1800 Quis
377 1746 446 1808 ergo
468 1746 530 1790 non
550 1727 703 1790 mirabitur
730 1727 803 1790 hacc
823 1728 978 1791 verissima
999 1728 1237 1792 Christianorum
1263 1730 1424 1791 dommeuta
1440 1721 1466 1784 sb

279 1811 413 1886 ethnicis,
441 1831 497 1874 nec
517 1811 630 1874 ratione
650 1811 843 1892 nesingenio
866 1813 1042 1886 carentibus,
1070 1812 1143 1875 ialsa
1165 1813 1224 1876 dici
1247 1821 1278 1876 et
1297 1814 1412 1892 ineptas,
1434 1805 1466 1869 uti

278 1898 374 1961 adbuc
392 1897 501 1959 Auctor
521 1905 625 1959 noster
644 1896 789 1975 loquitur,
820 1902 1085 1980 praesumptiones
1108 1897 1171 1974 (lib.
1194 1899 1233 1960 de
1254 1898 1373 1961 Testim.
1393 1893 1465 1956 min
1534 1889 1535 1972 i

279 2001 341 2062 cap.
364 1985 418 2060 4.),
444 1982 502 2044 hoo
521 1989 567 2044 est
586 1999 677 2043 vanas
698 1998 823 2060 prorsus
846 1990 876 2045 et
896 1983 1039 2045 absurdas
1065 1982 1098 2052 ‚in
1127 2000 1162 2044 re
1188 1983 1280 2045 dubia
1300 1979 1463 2044 dimanare
1534 1991 1535 2002 ¹

277 2074 364 2147 atque
385 2065 593 2128 coniecturas?
1010 2069 1013 2078 ’
1534 2127 1535 2156 ,

362 2151 420 2213 Fac
441 2161 554 2224 mmen,
577 2150 657 2229 quod
677 2149 869 2213 falsissimum
890 2159 953 2224 est,
976 2169 1026 2212 eas
1048 2151 1166 2230 penitus
1189 2151 1280 2214 ialsas
1302 2151 1399 2222 inisse,
1420 2139 1457 2204 κά
1534 2159 1535 2172 ’

278 2236 351 2300 nulli
372 2237 505 2315 prolecto
526 2233 631 2297 noxiae
654 2242 753 2309 erant,
774 2235 865 2298 immo
886 2254 956 2297 vero
978 2236 1116 2298 omnibus
1139 2235 1228 2298 utiles
1251 2245 1282 2298 et
1302 2229 1454 2298 necusfflt·

278 2320 382 2384 Cuncti
411 2321 560 2384 enimvero
591 2329 672 2382 stetu
702 2325 821 2382 osterna·
846 2320 990 2401 supplicii
1015 2331 1044 2383 et
1069 2339 1122 2402 sps
1151 2324 1232 2383 citas
1261 2332 1390 2385 osseum
1409 2309 1457 2408 filli

183 2455 188 2466 .
277 2406 418 2469 oseliores
440 2415 591 2485 οοροοταν
612 2403 705 2477 (idem
726 2405 879 2484 Apologet.
901 2423 964 2485 cap.
979 2408 1055 2484 dih).
1100 2405 1243 2485 Quisquis
1264 2421 1392 2484 namque.
1406 2400 1460 2459 timi

277 2499 358 2554 recte
378 2490 465 2552 docet
484 2490 693 2567 Athenagoras,
714 2506 886 2568 persuasum
909 2489 996 2551 habet
1016 2495 1147 2552 οαὶοιοοο
1167 2509 1237 2552 cum
1259 2507 1382 2572 corpore
1397 2473 1462 2547 sisti

277 2579 482 2646 interiturum,
510 2568 786 2638 συναπόλλυσθαι
805 2573 852 2658 τῷ
874 2569 1004 2655 σώματι
1023 2574 1078 2638 καὶ
1098 2569 1157 2659 τὴν
1178 2571 1298 2660 ψυχὴν,
1328 2579 1353 2636 t's
1372 2565 1463 2633 suisti

277 2677 340 2724 οοο
360 2661 482 2740 sudeus
504 2659 608 2729 audet,
639 2653 778 2742 μηδενὸς
799 2649 840 2723 ἂν
868 2649 1056 2738 ἀπέχεσθαι
1075 2654 1287 2744 τολμήματος
1308 2657 1463 2748 (Athenagtt

276 2745 378 2824 Legat
400 2763 455 2824 pro
478 2743 637 2805 Christian.
658 2761 724 2822 pag.
747 2745 821 2820 39.).
866 2743 924 2816 Qui
951 2763 1022 2806 vcro
1051 2745 1144 2806 credit
1169 2745 1252 2818 iore,
1285 2752 1318 2807 ut
1342 2741 1375 2803 ad
1398 2744 1465 2797 uum

277 2830 419 2892 excitatus
442 2827 574 2890 omnium
595 2836 781 2907 peccatorum
803 2828 835 2890 in
856 2837 987 2890 extremo
1009 2829 1062 2890 ilci
1083 2828 1190 2891 iudicio
1214 2829 1319 2890 reddat
1337 2824 1466 2888 radonem

276 2915 325 2977 iiie
346 2913 393 2976 vel
414 2913 446 2976 in
466 2913 597 2975 minimis
618 2912 789 2992 delinquere
809 2920 936 2974 veretur.
1534 2925 1535 2930 ’

361 2997 544 3077 iniquissimi
565 2997 655 3076 igitm
677 3006 760 3059 erant
774 2997 909 3077 gentiles,
932 2997 981 3077 qui
1000 2996 1192 3070 Christianos,
1215 2998 1355 3060 horumce
1368 2992 1466 3084 dogm·
1534 3051 1535 3056 ,

276 3093 339 3146 tum
360 3083 544 3154 defensores,
566 3099 627 3143 non
648 3100 734 3144 secus
756 3101 791 3144 ac
812 3081 1054 3144 sceleratissimos
1076 3090 1105 3143 et
1126 3081 1368 3160 gravissimorum
1387 3089 1466 3138 crimi-
1534 3147 1535 3154 ρ

277 3186 349 3230 num
369 3185 439 3228 reos
461 3165 704 3228 condemnabant
749 3165 948 3238 Quamobrem
961 3166 1071 3228 Auctor
1092 3174 1196 3228 noster
1218 3167 1264 3230 sic
1285 3185 1337 3228 eos
1356 3157 1469 3252 urgelli
1534 3173 1535 3176 ’

277 3251 453 3314 insectatur:
490 3249 548 3312 Sed
574 3255 607 3312 irs
634 3251 780 3313 οἰααοοάι·
805 3256 883 3313 ensis
911 3251 954 3325 (in
981 3250 1157 3331 quibusdam
1179 3249 1357 3314 editionibus
1376 3243 1469 3308 alum

277 3352 380 3406 error,
401 3334 507 3396 melius
529 3334 654 3396 forsitan
675 3339 807 3412 errore),
830 3339 859 3397 si
877 3340 989 3417 utique,
1012 3339 1119 3407 irrisu,
1142 3353 1196 3397 eeu
1219 3335 1356 3398 irrisione
1371 3329 1469 3422 dignati

277 3418 394 3498 aliquid,
428 3419 620 3482 iudicandum
641 3429 694 3490 sst,
726 3436 789 3481 οοο
809 3419 917 3498 gladiis
940 3421 1106 3500 stipitibus
1130 3430 1158 3481 et
1181 3421 1320 3483 crucibus
1342 3427 1368 3479 et
1388 3415 1469 3476 taso

278 3502 462 3580 (Tertrdlian.
483 3503 539 3564 loc.
562 3503 632 3579 cit),
660 3502 770 3565 idcirco
793 3503 949 3566 Christiani
976 3504 1178 3568 crudelissime
1206 3500 1368 3567 trucidandi
1393 3497 1469 3586 erasti

277 3588 314 3651 lt
335 3595 414 3651 certe
435 3593 548 3648 tantum
569 3587 652 3649 abest
672 3597 705 3650 ut
725 3587 757 3650 in
777 3586 894 3650 iliorum
917 3589 1049 3651 doctrina
1071 3588 1170 3650 subsit
1189 3589 1256 3652 falsi
1278 3584 1390 3667 aliquid,
1415 3589 1470 3658 quii

277 3673 410 3738 miranda
429 3689 554 3752 prorsus
575 3671 692 3735 illorum
719 3672 750 3733 in
771 3679 817 3734 tot
837 3673 982 3754 mnusque
1003 3673 1158 3737 tormentis
1179 3673 1319 3752 patientia
1339 3667 1470 3731 veritatem
1534 3689 1535 3702 ο

278 3759 409 3824 eiusdem
431 3757 582 3819 doctrinae
603 3765 634 3818 et
652 3757 742 3820 totius
764 3757 940 3820 christianae
962 3757 1124 3838 religionis,
1156 3758 1200 3820 uti
1222 3756 1302 3820 haud
1322 3750 1407 3816 semei
1425 3743 1469 3837 οὓς
1534 3791 1535 3808 .

278 3852 425 3909 servatum
447 3849 507 3916 est,
539 3841 732 3904 invictissime
754 3843 977 3906 demonstraret.
1020 3843 1079 3906 Sed
1106 3842 1176 3906 illud
1194 3843 1284 3924 plane
1305 3837 1470 3902 conlimttiir
1534 3897 1535 3902 ,

278 3951 313 3994 ex
336 3927 443 3991 emon
466 3927 627 3990 eorundem
647 3927 882 3991 Christianorum
902 3928 1052 4004 moribus,
1080 3927 1192 4008 legibus
1215 3936 1246 3990 et
1265 3921 1417 3993 institutis,
1440 3912 1469 3974 dt
1534 3921 1535 3996 ζ

277 4012 383 4096 quibus
404 4031 483 4076 nunc
502 4012 647 4093 agendum
669 4019 724 4076 est.
1534 4023 1535 4030 ’
