<?xml version="1.0" encoding="UTF-8"?>
<!DOCTYPE html PUBLIC "-//W3C//DTD XHTML 1.0 Transitional//EN"
    "http://www.w3.org/TR/xhtml1/DTD/xhtml1-transitional.dtd">
<html xmlns="http://www.w3.org/1999/xhtml" xml:lang="en" lang="en">
 <head>
  <title>
</title>
<meta http-equiv="Content-Type" content="text/html;charset=utf-8" />
  <meta name='ocr-system' content='tesseract 3.04.00' />
  <meta name='ocr-capabilities' content='ocr_page ocr_carea ocr_par ocr_line ocrx_word'/>
</head>
<body>
  <div class='ocr_page' id='page_1' title='image "./quaesupersuntom01oehlgoog_0098.png"; bbox 0 0 3114 5240; ppageno 0'>
   <div class='ocr_carea' id='block_1_1' title="bbox 488 370 1308 436">
    <p class='ocr_par' dir='ltr' id='par_1_1' title="bbox 488 370 1308 436">
     <span class='ocr_line' id='line_1_1' title="bbox 488 370 1308 436; baseline 0.01 -10"><span class='ocrx_word' id='word_1_1' title='bbox 488 381 622 426; x_wconf 82' lang='lat' dir='ltr'><strong>ancaoan</strong></span> <span class='ocrx_word' id='word_1_2' title='bbox 643 381 703 426; x_wconf 79' lang='lat' dir='ltr'><strong>nuc.</strong></span> <span class='ocrx_word' id='word_1_3' title='bbox 725 383 762 426; x_wconf 82' lang='lat' dir='ltr'><strong>ur</strong></span> <span class='ocrx_word' id='word_1_4' title='bbox 784 381 910 428; x_wconf 76' lang='lat' dir='ltr'><strong>nonnas.</strong></span> <span class='ocrx_word' id='word_1_5' title='bbox 1266 370 1308 436; x_wconf 79' lang='grc'><strong>89</strong></span> 
     </span>
    </p>
   </div>
   <div class='ocr_carea' id='block_1_2' title="bbox 87 531 1367 2144">
    <p class='ocr_par' dir='ltr' id='par_1_2' title="bbox 90 531 1304 1294">
     <span class='ocr_line' id='line_1_2' title="bbox 173 531 1304 616; baseline 0.004 -22"><span class='ocrx_word' id='word_1_6' title='bbox 173 531 289 594; x_wconf 81' lang='lat' dir='ltr'><strong>lieinde</strong></span> <span class='ocrx_word' id='word_1_7' title='bbox 310 550 382 594; x_wconf 80' lang='lat' dir='ltr'><strong>vero</strong></span> <span class='ocrx_word' id='word_1_8' title='bbox 405 531 506 612; x_wconf 83' lang='lat' dir='ltr'><strong>plures</strong></span> <span class='ocrx_word' id='word_1_9' title='bbox 527 531 646 594; x_wconf 89' lang='lat' dir='ltr'><strong>illorum</strong></span> <span class='ocrx_word' id='word_1_10' title='bbox 667 531 717 606; x_wconf 78' lang='lat' dir='ltr'><strong>tbi,</strong></span> <span class='ocrx_word' id='word_1_11' title='bbox 741 532 828 596; x_wconf 87' lang='lat' dir='ltr'><strong>sicuti</strong></span> <span class='ocrx_word' id='word_1_12' title='bbox 843 531 987 596; x_wconf 84' lang='lat' dir='ltr'><strong>Sathmus</strong></span> <span class='ocrx_word' id='word_1_13' title='bbox 1010 542 1040 596; x_wconf 90' lang='lat' dir='ltr'><strong>et</strong></span> <span class='ocrx_word' id='word_1_14' title='bbox 1053 533 1174 616; x_wconf 85' lang='lat' dir='ltr'><strong>lupiter,</strong></span> <span class='ocrx_word' id='word_1_15' title='bbox 1196 555 1304 616; x_wconf 85' lang='lat' dir='ltr'><strong>regna-</strong></span> 
     </span>
     <span class='ocr_line' id='line_1_3' title="bbox 98 617 1304 699; baseline 0.003 -19"><span class='ocrx_word' id='word_1_16' title='bbox 98 627 199 680; x_wconf 81' lang='lat' dir='ltr'><strong>rcrant.</strong></span> <span class='ocrx_word' id='word_1_17' title='bbox 245 617 351 697; x_wconf 75' lang='lat' dir='ltr'><strong>Aque</strong></span> <span class='ocrx_word' id='word_1_18' title='bbox 373 636 443 696; x_wconf 86' lang='lat' dir='ltr'><strong>erga</strong></span> <span class='ocrx_word' id='word_1_19' title='bbox 464 617 665 678; x_wconf 86' lang='lat' dir='ltr'><strong>Romanorum</strong></span> <span class='ocrx_word' id='word_1_20' title='bbox 688 617 744 679; x_wconf 92' lang='lat' dir='ltr'><strong>deo</strong></span> <span class='ocrx_word' id='word_1_21' title='bbox 768 637 855 680; x_wconf 90' lang='lat' dir='ltr'><strong>suum</strong></span> <span class='ocrx_word' id='word_1_22' title='bbox 876 637 1015 699; x_wconf 87' lang='lat' dir='ltr'><strong>accepere</strong></span> <span class='ocrx_word' id='word_1_23' title='bbox 1030 619 1178 697; x_wconf 73' lang='lat' dir='ltr'><strong>regnum?</strong></span> <span class='ocrx_word' id='word_1_24' title='bbox 1209 622 1304 684; x_wconf 89' lang='lat' dir='ltr'><strong>Num·</strong></span> 
     </span>
     <span class='ocr_line' id='line_1_4' title="bbox 97 700 1304 782; baseline 0.006 -20"><span class='ocrx_word' id='word_1_25' title='bbox 97 703 158 782; x_wconf 83' lang='lat' dir='ltr'><strong>quid</strong></span> <span class='ocrx_word' id='word_1_26' title='bbox 180 722 197 764; x_wconf 98' lang='lat' dir='ltr'><strong>a</strong></span> <span class='ocrx_word' id='word_1_27' title='bbox 220 703 350 782; x_wconf 86' lang='lat' dir='ltr'><strong>quodam</strong></span> <span class='ocrx_word' id='word_1_28' title='bbox 373 700 531 764; x_wconf 80' lang='lat' dir='ltr'><strong>Sterculol</strong></span> <span class='ocrx_word' id='word_1_29' title='bbox 576 701 650 774; x_wconf 85' lang='lat' dir='ltr'><strong>Quis</strong></span> <span class='ocrx_word' id='word_1_30' title='bbox 679 701 738 766; x_wconf 88' lang='lat' dir='ltr'><strong>nisi</strong></span> <span class='ocrx_word' id='word_1_31' title='bbox 759 704 857 764; x_wconf 83' lang='lat' dir='ltr'><strong>lamus</strong></span> <span class='ocrx_word' id='word_1_32' title='bbox 880 703 910 765; x_wconf 90' lang='lat' dir='ltr'><strong>id</strong></span> <span class='ocrx_word' id='word_1_33' title='bbox 931 703 1029 766; x_wconf 82' lang='lat' dir='ltr'><strong>dicere</strong></span> <span class='ocrx_word' id='word_1_34' title='bbox 1052 704 1180 768; x_wconf 80' lang='lat' dir='ltr'><strong>audeat?</strong></span> <span class='ocrx_word' id='word_1_35' title='bbox 1222 707 1304 770; x_wconf 86' lang='lat' dir='ltr'><strong>Multi</strong></span> 
     </span>
     <span class='ocr_line' id='line_1_5' title="bbox 96 786 1304 872; baseline 0.005 -24"><span class='ocrx_word' id='word_1_36' title='bbox 96 807 209 868; x_wconf 80' lang='lat' dir='ltr'><strong>guoque</strong></span> <span class='ocrx_word' id='word_1_37' title='bbox 237 789 359 848; x_wconf 88' lang='lat' dir='ltr'><strong>lncnmt</strong></span> <span class='ocrx_word' id='word_1_38' title='bbox 379 805 484 866; x_wconf 88' lang='lat' dir='ltr'><strong>reges,</strong></span> <span class='ocrx_word' id='word_1_39' title='bbox 518 786 567 865; x_wconf 90' lang='lat' dir='ltr'><strong>qui</strong></span> <span class='ocrx_word' id='word_1_40' title='bbox 588 805 644 848; x_wconf 91' lang='lat' dir='ltr'><strong>nec</strong></span> <span class='ocrx_word' id='word_1_41' title='bbox 665 787 866 850; x_wconf 87' lang='lat' dir='ltr'><strong>llomanorum</strong></span> <span class='ocrx_word' id='word_1_42' title='bbox 884 788 960 850; x_wconf 89' lang='lat' dir='ltr'><strong>deos</strong></span> <span class='ocrx_word' id='word_1_43' title='bbox 982 807 1039 850; x_wconf 90' lang='lat' dir='ltr'><strong>nec</strong></span> <span class='ocrx_word' id='word_1_44' title='bbox 1059 788 1133 850; x_wconf 88' lang='lat' dir='ltr'><strong>alios</strong></span> <span class='ocrx_word' id='word_1_45' title='bbox 1155 809 1304 872; x_wconf 73' lang='lat' dir='ltr'><strong>nmquam</strong></span> 
     </span>
     <span class='ocr_line' id='line_1_6' title="bbox 94 870 1303 952; baseline 0.006 -20"><span class='ocrx_word' id='word_1_46' title='bbox 94 873 250 934; x_wconf 85' lang='lat' dir='ltr'><strong>coluerant.</strong></span> <span class='ocrx_word' id='word_1_47' title='bbox 293 870 426 950; x_wconf 85' lang='lat' dir='ltr'><strong>lienique</strong></span> <span class='ocrx_word' id='word_1_48' title='bbox 441 871 604 941; x_wconf 82' lang='lat' dir='ltr'><strong>Romanum</strong></span> <span class='ocrx_word' id='word_1_49' title='bbox 626 890 749 950; x_wconf 89' lang='lat' dir='ltr'><strong>regnum</strong></span> <span class='ocrx_word' id='word_1_50' title='bbox 763 879 830 934; x_wconf 90' lang='lat' dir='ltr'><strong>ante</strong></span> <span class='ocrx_word' id='word_1_51' title='bbox 844 871 1017 952; x_wconf 80' lang='lat' dir='ltr'>religionem</span> <span class='ocrx_word' id='word_1_52' title='bbox 1031 875 1165 936; x_wconf 78' lang='lat' dir='ltr'><strong>accrevit.</strong></span> <span class='ocrx_word' id='word_1_53' title='bbox 1197 877 1303 939; x_wconf 87' lang='lat' dir='ltr'><strong>Prius-</strong></span> 
     </span>
     <span class='ocr_line' id='line_1_7' title="bbox 93 954 1302 1038; baseline 0.004 -20"><span class='ocrx_word' id='word_1_54' title='bbox 93 976 174 1035; x_wconf 80' lang='lat' dir='ltr'><strong>quam</strong></span> <span class='ocrx_word' id='word_1_55' title='bbox 205 957 287 1018; x_wconf 86' lang='lat' dir='ltr'><strong>enim</strong></span> <span class='ocrx_word' id='word_1_56' title='bbox 308 955 403 1018; x_wconf 82' lang='lat' dir='ltr'><strong>Numa</strong></span> <span class='ocrx_word' id='word_1_57' title='bbox 424 954 587 1036; x_wconf 84' lang='lat' dir='ltr'>Pompilius</span> <span class='ocrx_word' id='word_1_58' title='bbox 616 975 705 1018; x_wconf 90' lang='lat' dir='ltr'><strong>vanas</strong></span> <span class='ocrx_word' id='word_1_59' title='bbox 728 956 956 1038; x_wconf 89' lang='lat' dir='ltr'><strong>superstitiones</strong></span> <span class='ocrx_word' id='word_1_60' title='bbox 978 958 1090 1020; x_wconf 85' lang='lat' dir='ltr'><strong>Romae</strong></span> <span class='ocrx_word' id='word_1_61' title='bbox 1112 959 1302 1034; x_wconf 71' lang='lat' dir='ltr'><strong>instituisset,</strong></span> 
     </span>
     <span class='ocr_line' id='line_1_8' title="bbox 94 1039 1303 1124; baseline 0.006 -22"><span class='ocrx_word' id='word_1_62' title='bbox 94 1051 121 1104; x_wconf 82' lang='lat' dir='ltr'><strong>et</strong></span> <span class='ocrx_word' id='word_1_63' title='bbox 138 1049 298 1121; x_wconf 76' lang='lat' dir='ltr'><strong>antequam</strong></span> <span class='ocrx_word' id='word_1_64' title='bbox 319 1041 378 1102; x_wconf 88' lang='lat' dir='ltr'><strong>ulla</strong></span> <span class='ocrx_word' id='word_1_65' title='bbox 400 1040 477 1120; x_wconf 91' lang='lat' dir='ltr'><strong>apud</strong></span> <span class='ocrx_word' id='word_1_66' title='bbox 498 1039 566 1102; x_wconf 89' lang='lat' dir='ltr'><strong>illos</strong></span> <span class='ocrx_word' id='word_1_67' title='bbox 588 1040 716 1102; x_wconf 87' lang='lat' dir='ltr'><strong>luissent</strong></span> <span class='ocrx_word' id='word_1_68' title='bbox 736 1040 861 1104; x_wconf 89' lang='lat' dir='ltr'><strong>deorum</strong></span> <span class='ocrx_word' id='word_1_69' title='bbox 882 1042 1052 1116; x_wconf 89' lang='lat' dir='ltr'><strong>simulacra,</strong></span> <span class='ocrx_word' id='word_1_70' title='bbox 1084 1044 1185 1124; x_wconf 88' lang='lat' dir='ltr'><strong>plures</strong></span> <span class='ocrx_word' id='word_1_71' title='bbox 1207 1045 1303 1108; x_wconf 79' lang='lat' dir='ltr'><strong>batim</strong></span> 
     </span>
     <span class='ocr_line' id='line_1_9' title="bbox 91 1125 1301 1212; baseline 0.005 -24"><span class='ocrx_word' id='word_1_72' title='bbox 91 1127 256 1188; x_wconf 83' lang='lat' dir='ltr'><strong>hahuerunt</strong></span> <span class='ocrx_word' id='word_1_73' title='bbox 276 1145 375 1205; x_wconf 90' lang='lat' dir='ltr'><strong>reges.</strong></span> <span class='ocrx_word' id='word_1_74' title='bbox 418 1125 548 1188; x_wconf 80' lang='lat' dir='ltr'><strong>llomoar&#39;</strong></span> <span class='ocrx_word' id='word_1_75' title='bbox 567 1144 648 1204; x_wconf 79' lang='lat' dir='ltr'><strong>erpo,</strong></span> <span class='ocrx_word' id='word_1_76' title='bbox 670 1125 764 1204; x_wconf 89' lang='lat' dir='ltr'><strong>inquit</strong></span> <span class='ocrx_word' id='word_1_77' title='bbox 774 1126 981 1199; x_wconf 69' lang='lat' dir='ltr'><strong>Tertullianus,</strong></span> <span class='ocrx_word' id='word_1_78' title='bbox 1004 1130 1301 1212; x_wconf 81' lang='lat' dir='ltr'><strong>aoaoatcreb&#39;gr&#39;ou‘,</strong></span> 
     </span>
     <span class='ocr_line' id='line_1_10' title="bbox 90 1211 1068 1294; baseline 0 -20"><span class='ocrx_word' id='word_1_79' title='bbox 90 1231 178 1294; x_wconf 71' lang='lat' dir='ltr'><strong>pacm</strong></span> <span class='ocrx_word' id='word_1_80' title='bbox 197 1215 316 1291; x_wconf 69' lang='lat' dir='ltr'><strong>magni,</strong></span> <span class='ocrx_word' id='word_1_81' title='bbox 339 1211 463 1292; x_wconf 75' lang='lat' dir='ltr'><strong>ideoque</strong></span> <span class='ocrx_word' id='word_1_82' title='bbox 483 1228 546 1272; x_wconf 82' lang='lat' dir='ltr'><strong>cora</strong></span> <span class='ocrx_word' id='word_1_83' title='bbox 569 1211 604 1273; x_wconf 89' lang='lat' dir='ltr'><strong>ob</strong></span> <span class='ocrx_word' id='word_1_84' title='bbox 628 1211 681 1274; x_wconf 88' lang='lat' dir='ltr'><strong>boc</strong></span> <span class='ocrx_word' id='word_1_85' title='bbox 701 1215 809 1291; x_wconf 78' lang='lat' dir='ltr'><strong>magni,</strong></span> <span class='ocrx_word' id='word_1_86' title='bbox 833 1216 903 1293; x_wconf 80' lang='lat' dir='ltr'><strong>puio</strong></span> <span class='ocrx_word' id='word_1_87' title='bbox 923 1213 1068 1290; x_wconf 77' lang='lat' dir='ltr'><strong>rclr&#39;pr‘oar&#39;.</strong></span> 
     </span>
    </p>

    <p class='ocr_par' dir='ltr' id='par_1_3' title="bbox 87 1295 1367 2144">
     <span class='ocr_line' id='line_1_11' title="bbox 171 1295 1302 1378; baseline 0.004 -22"><span class='ocrx_word' id='word_1_88' title='bbox 171 1295 233 1356; x_wconf 85' lang='lat' dir='ltr'><strong>Sed</strong></span> <span class='ocrx_word' id='word_1_89' title='bbox 255 1295 353 1356; x_wconf 87' lang='lat' dir='ltr'><strong>acrius</strong></span> <span class='ocrx_word' id='word_1_90' title='bbox 375 1295 471 1356; x_wconf 91' lang='lat' dir='ltr'><strong>adhuc</strong></span> <span class='ocrx_word' id='word_1_91' title='bbox 490 1301 585 1372; x_wconf 83' lang='lat' dir='ltr'><strong>urget</strong></span> <span class='ocrx_word' id='word_1_92' title='bbox 614 1295 789 1370; x_wconf 85' lang='lat' dir='ltr'><strong>Quomodo,</strong></span> <span class='ocrx_word' id='word_1_93' title='bbox 812 1295 920 1374; x_wconf 87' lang='lat' dir='ltr'><strong>inquit,</strong></span> <span class='ocrx_word' id='word_1_94' title='bbox 942 1295 992 1357; x_wconf 91' lang='lat' dir='ltr'><strong>isti</strong></span> <span class='ocrx_word' id='word_1_95' title='bbox 1014 1296 1045 1357; x_wconf 90' lang='lat' dir='ltr'><strong>in</strong></span> <span class='ocrx_word' id='word_1_96' title='bbox 1066 1296 1191 1361; x_wconf 91' lang='lat' dir='ltr'><strong>aliorum</strong></span> <span class='ocrx_word' id='word_1_97' title='bbox 1212 1316 1302 1378; x_wconf 90' lang='lat' dir='ltr'><strong>regna</strong></span> 
     </span>
     <span class='ocr_line' id='line_1_12' title="bbox 90 1378 1301 1459; baseline 0.002 -17"><span class='ocrx_word' id='word_1_98' title='bbox 90 1379 285 1442; x_wconf 73' lang='lat' dir='ltr'><strong>invaserunt?</strong></span> <span class='ocrx_word' id='word_1_99' title='bbox 327 1379 394 1440; x_wconf 87' lang='lat' dir='ltr'><strong>Non</strong></span> <span class='ocrx_word' id='word_1_100' title='bbox 413 1378 523 1458; x_wconf 81' lang='lat' dir='ltr'><strong>pietate</strong></span> <span class='ocrx_word' id='word_1_101' title='bbox 545 1380 689 1458; x_wconf 86' lang='lat' dir='ltr'><strong>prolecto,</strong></span> <span class='ocrx_word' id='word_1_102' title='bbox 720 1399 776 1440; x_wconf 91' lang='lat' dir='ltr'><strong>nec</strong></span> <span class='ocrx_word' id='word_1_103' title='bbox 796 1380 948 1459; x_wconf 87' lang='lat' dir='ltr'><strong>religione,</strong></span> <span class='ocrx_word' id='word_1_104' title='bbox 972 1381 1027 1442; x_wconf 88' lang='lat' dir='ltr'><strong>sed</strong></span> <span class='ocrx_word' id='word_1_105' title='bbox 1047 1381 1132 1443; x_wconf 89' lang='lat' dir='ltr'><strong>bellis</strong></span> <span class='ocrx_word' id='word_1_106' title='bbox 1155 1391 1186 1443; x_wconf 89' lang='lat' dir='ltr'><strong>ct</strong></span> <span class='ocrx_word' id='word_1_107' title='bbox 1206 1383 1301 1444; x_wconf 79' lang='lat' dir='ltr'><strong>victo-</strong></span> 
     </span>
     <span class='ocr_line' id='line_1_13' title="bbox 89 1463 1301 1545; baseline 0.002 -18"><span class='ocrx_word' id='word_1_108' title='bbox 89 1467 154 1540; x_wconf 83' lang='lat' dir='ltr'><strong>riis,</strong></span> <span class='ocrx_word' id='word_1_109' title='bbox 178 1485 214 1527; x_wconf 91' lang='lat' dir='ltr'><strong>ac</strong></span> <span class='ocrx_word' id='word_1_110' title='bbox 234 1463 361 1545; x_wconf 76' lang='lat' dir='ltr'><strong>proinde</strong></span> <span class='ocrx_word' id='word_1_111' title='bbox 383 1463 530 1525; x_wconf 90' lang='lat' dir='ltr'><strong>communi</strong></span> <span class='ocrx_word' id='word_1_112' title='bbox 553 1464 702 1526; x_wconf 90' lang='lat' dir='ltr'><strong>moenium</strong></span> <span class='ocrx_word' id='word_1_113' title='bbox 724 1473 756 1525; x_wconf 92' lang='lat' dir='ltr'><strong>et</strong></span> <span class='ocrx_word' id='word_1_114' title='bbox 775 1463 968 1545; x_wconf 82' lang='lat' dir='ltr'><strong>templorum,</strong></span> <span class='ocrx_word' id='word_1_115' title='bbox 998 1465 1185 1528; x_wconf 86' lang='lat' dir='ltr'><strong>sacerdotum</strong></span> <span class='ocrx_word' id='word_1_116' title='bbox 1206 1475 1236 1528; x_wconf 89' lang='lat' dir='ltr'><strong>et</strong></span> <span class='ocrx_word' id='word_1_117' title='bbox 1257 1468 1301 1529; x_wconf 91' lang='lat' dir='ltr'><strong>ci-</strong></span> 
     </span>
     <span class='ocr_line' id='line_1_14' title="bbox 89 1549 1301 1632; baseline 0.005 -24"><span class='ocrx_word' id='word_1_118' title='bbox 89 1551 173 1624; x_wconf 78' lang='lat' dir='ltr'><strong>sium,</strong></span> <span class='ocrx_word' id='word_1_119' title='bbox 197 1569 298 1611; x_wconf 90' lang='lat' dir='ltr'><strong>rerum</strong></span> <span class='ocrx_word' id='word_1_120' title='bbox 322 1567 471 1610; x_wconf 90' lang='lat' dir='ltr'><strong>sacrarum</strong></span> <span class='ocrx_word' id='word_1_121' title='bbox 492 1555 523 1628; x_wconf 88' lang='lat' dir='ltr'><strong>et</strong></span> <span class='ocrx_word' id='word_1_122' title='bbox 543 1549 732 1628; x_wconf 82' lang='lat' dir='ltr'><strong>profanarum</strong></span> <span class='ocrx_word' id='word_1_123' title='bbox 754 1557 852 1628; x_wconf 86' lang='lat' dir='ltr'><strong>strage</strong></span> <span class='ocrx_word' id='word_1_124' title='bbox 872 1568 906 1612; x_wconf 90' lang='lat' dir='ltr'><strong>ac</strong></span> <span class='ocrx_word' id='word_1_125' title='bbox 926 1549 1020 1610; x_wconf 91' lang='lat' dir='ltr'><strong>ruina.</strong></span> <span class='ocrx_word' id='word_1_126' title='bbox 1064 1549 1208 1612; x_wconf 86' lang='lat' dir='ltr'><strong>Haeccine</strong></span> <span class='ocrx_word' id='word_1_127' title='bbox 1230 1571 1301 1632; x_wconf 89' lang='lat' dir='ltr'><strong>ergo</strong></span> 
     </span>
     <span class='ocr_line' id='line_1_15' title="bbox 89 1632 1367 1716; baseline 0.003 -20"><span class='ocrx_word' id='word_1_128' title='bbox 89 1645 133 1696; x_wconf 86' lang='lat' dir='ltr'><strong>est</strong></span> <span class='ocrx_word' id='word_1_129' title='bbox 154 1635 262 1716; x_wconf 86' lang='lat' dir='ltr'><strong>pietas,</strong></span> <span class='ocrx_word' id='word_1_130' title='bbox 283 1641 408 1714; x_wconf 85' lang='lat' dir='ltr'><strong>propter</strong></span> <span class='ocrx_word' id='word_1_131' title='bbox 429 1651 516 1711; x_wconf 89' lang='lat' dir='ltr'><strong>quarn</strong></span> <span class='ocrx_word' id='word_1_132' title='bbox 537 1632 577 1694; x_wconf 91' lang='lat' dir='ltr'><strong>dii</strong></span> <span class='ocrx_word' id='word_1_133' title='bbox 600 1641 630 1694; x_wconf 91' lang='lat' dir='ltr'><strong>ct</strong></span> <span class='ocrx_word' id='word_1_134' title='bbox 650 1633 833 1694; x_wconf 79' lang='lat' dir='ltr'><strong>laedentibus</strong></span> <span class='ocrx_word' id='word_1_135' title='bbox 849 1653 882 1695; x_wconf 90' lang='lat' dir='ltr'><strong>se</strong></span> <span class='ocrx_word' id='word_1_136' title='bbox 893 1633 1034 1694; x_wconf 82' lang='lat' dir='ltr'><strong>Romanis</strong></span> <span class='ocrx_word' id='word_1_137' title='bbox 1051 1634 1133 1696; x_wconf 89' lang='lat' dir='ltr'><strong>orbis</strong></span> <span class='ocrx_word' id='word_1_138' title='bbox 1144 1635 1309 1716; x_wconf 89' lang='lat' dir='ltr'><strong>imperium.</strong></span> <span class='ocrx_word' id='word_1_139' title='bbox 1362 1667 1367 1675; x_wconf 50' lang='lat'><strong>⁴</strong></span> 
     </span>
     <span class='ocr_line' id='line_1_16' title="bbox 89 1717 1300 1799; baseline 0.002 -18"><span class='ocrx_word' id='word_1_140' title='bbox 89 1720 241 1792; x_wconf 88' lang='lat' dir='ltr'><strong>dederunt,</strong></span> <span class='ocrx_word' id='word_1_141' title='bbox 266 1727 297 1780; x_wconf 89' lang='lat' dir='ltr'><strong>et</strong></span> <span class='ocrx_word' id='word_1_142' title='bbox 318 1717 383 1778; x_wconf 87' lang='lat' dir='ltr'><strong>aliis</strong></span> <span class='ocrx_word' id='word_1_143' title='bbox 406 1717 587 1791; x_wconf 85' lang='lat' dir='ltr'><strong>ademerunt,</strong></span> <span class='ocrx_word' id='word_1_144' title='bbox 610 1717 660 1796; x_wconf 89' lang='lat' dir='ltr'><strong>qui</strong></span> <span class='ocrx_word' id='word_1_145' title='bbox 683 1735 756 1778; x_wconf 89' lang='lat' dir='ltr'><strong>suos</strong></span> <span class='ocrx_word' id='word_1_146' title='bbox 778 1736 895 1798; x_wconf 86' lang='lat' dir='ltr'><strong>quoquc</strong></span> <span class='ocrx_word' id='word_1_147' title='bbox 917 1737 973 1780; x_wconf 88' lang='lat' dir='ltr'><strong>nec</strong></span> <span class='ocrx_word' id='word_1_148' title='bbox 994 1718 1101 1780; x_wconf 90' lang='lat' dir='ltr'><strong>minori</strong></span> <span class='ocrx_word' id='word_1_149' title='bbox 1123 1720 1231 1799; x_wconf 86' lang='lat' dir='ltr'><strong>pietate</strong></span> <span class='ocrx_word' id='word_1_150' title='bbox 1246 1741 1300 1784; x_wconf 93' lang='lat' dir='ltr'><strong>co·</strong></span> 
     </span>
     <span class='ocr_line' id='line_1_17' title="bbox 87 1801 1300 1882; baseline 0.002 -17"><span class='ocrx_word' id='word_1_151' title='bbox 87 1804 187 1866; x_wconf 84' lang='lat' dir='ltr'><strong>lebant</strong></span> <span class='ocrx_word' id='word_1_152' title='bbox 213 1804 297 1864; x_wconf 86' lang='lat' dir='ltr'><strong>deos.</strong></span> <span class='ocrx_word' id='word_1_153' title='bbox 341 1801 473 1880; x_wconf 84' lang='lat' dir='ltr'><strong>Denique</strong></span> <span class='ocrx_word' id='word_1_154' title='bbox 500 1809 568 1863; x_wconf 88' lang='lat' dir='ltr'><strong>ante</strong></span> <span class='ocrx_word' id='word_1_155' title='bbox 595 1801 669 1863; x_wconf 90' lang='lat' dir='ltr'><strong>iacta</strong></span> <span class='ocrx_word' id='word_1_156' title='bbox 696 1802 806 1864; x_wconf 86' lang='lat' dir='ltr'><strong>Romae</strong></span> <span class='ocrx_word' id='word_1_157' title='bbox 833 1803 1021 1864; x_wconf 79' lang='lat' dir='ltr'><strong>fundamenta</strong></span> <span class='ocrx_word' id='word_1_158' title='bbox 1048 1805 1209 1882; x_wconf 80' lang='lat' dir='ltr'><strong>regnabant</strong></span> <span class='ocrx_word' id='word_1_159' title='bbox 1238 1825 1300 1868; x_wconf 93' lang='lat' dir='ltr'><strong>non</strong></span> 
     </span>
     <span class='ocr_line' id='line_1_18' title="bbox 89 1886 1298 1968; baseline 0.005 -20"><span class='ocrx_word' id='word_1_160' title='bbox 89 1889 188 1950; x_wconf 87' lang='lat' dir='ltr'><strong>solum</strong></span> <span class='ocrx_word' id='word_1_161' title='bbox 197 1887 356 1968; x_wconf 75' lang='lat' dir='ltr'><strong>babylonii,</strong></span> <span class='ocrx_word' id='word_1_162' title='bbox 379 1886 465 1958; x_wconf 85' lang='lat' dir='ltr'><strong>Medi,</strong></span> <span class='ocrx_word' id='word_1_163' title='bbox 487 1886 628 1966; x_wconf 77' lang='lat' dir='ltr'><strong>Aegyptii,</strong></span> <span class='ocrx_word' id='word_1_164' title='bbox 650 1886 762 1966; x_wconf 77' lang='lat' dir='ltr'><strong>Assyrii</strong></span> <span class='ocrx_word' id='word_1_165' title='bbox 778 1894 808 1950; x_wconf 85' lang='lat' dir='ltr'><strong>et</strong></span> <span class='ocrx_word' id='word_1_166' title='bbox 821 1887 994 1963; x_wconf 78' lang='lat' dir='ltr'><strong>Amazones,</strong></span> <span class='ocrx_word' id='word_1_167' title='bbox 1018 1889 1071 1950; x_wconf 88' lang='lat' dir='ltr'><strong>scd</strong></span> <span class='ocrx_word' id='word_1_168' title='bbox 1086 1889 1185 1952; x_wconf 88' lang='lat' dir='ltr'><strong>ludaei</strong></span> <span class='ocrx_word' id='word_1_169' title='bbox 1201 1891 1298 1966; x_wconf 87' lang='lat' dir='ltr'><strong>etiam,</strong></span> 
     </span>
     <span class='ocr_line' id='line_1_19' title="bbox 90 1971 1300 2056; baseline 0.003 -23"><span class='ocrx_word' id='word_1_170' title='bbox 90 1973 141 2054; x_wconf 79' lang='lat' dir='ltr'><strong>qui</strong></span> <span class='ocrx_word' id='word_1_171' title='bbox 164 1991 265 2034; x_wconf 88' lang='lat' dir='ltr'><strong>omnes</strong></span> <span class='ocrx_word' id='word_1_172' title='bbox 277 1973 478 2034; x_wconf 83' lang='lat' dir='ltr'><strong>Romanorum</strong></span> <span class='ocrx_word' id='word_1_173' title='bbox 499 1971 680 2050; x_wconf 87' lang='lat' dir='ltr'><strong>aliorumque</strong></span> <span class='ocrx_word' id='word_1_174' title='bbox 695 1971 845 2050; x_wconf 88' lang='lat' dir='ltr'><strong>gentilimn</strong></span> <span class='ocrx_word' id='word_1_175' title='bbox 867 1972 940 2034; x_wconf 87' lang='lat' dir='ltr'><strong>deos</strong></span> <span class='ocrx_word' id='word_1_176' title='bbox 950 1973 1132 2053; x_wconf 87' lang='lat' dir='ltr'><strong>respuebant</strong></span> <span class='ocrx_word' id='word_1_177' title='bbox 1152 1983 1183 2036; x_wconf 92' lang='lat' dir='ltr'><strong>et</strong></span> <span class='ocrx_word' id='word_1_178' title='bbox 1194 1995 1300 2056; x_wconf 89' lang='lat' dir='ltr'><strong>asper-</strong></span> 
     </span>
     <span class='ocr_line' id='line_1_20' title="bbox 87 2056 1299 2144; baseline 0.002 -25"><span class='ocrx_word' id='word_1_179' title='bbox 87 2058 240 2120; x_wconf 89' lang='lat' dir='ltr'><strong>nabantur.</strong></span> <span class='ocrx_word' id='word_1_180' title='bbox 284 2057 351 2118; x_wconf 87' lang='lat' dir='ltr'><strong>Non</strong></span> <span class='ocrx_word' id='word_1_181' title='bbox 382 2075 453 2134; x_wconf 89' lang='lat' dir='ltr'><strong>ergo</strong></span> <span class='ocrx_word' id='word_1_182' title='bbox 475 2056 675 2118; x_wconf 90' lang='lat' dir='ltr'><strong>llomanorum</strong></span> <span class='ocrx_word' id='word_1_183' title='bbox 696 2065 747 2119; x_wconf 92' lang='lat' dir='ltr'><strong>aut</strong></span> <span class='ocrx_word' id='word_1_184' title='bbox 767 2057 888 2118; x_wconf 84' lang='lat' dir='ltr'><strong>abarum</strong></span> <span class='ocrx_word' id='word_1_185' title='bbox 909 2059 1040 2144; x_wconf 76' lang='lat' dir='ltr'><strong>gentium</strong></span> <span class='ocrx_word' id='word_1_186' title='bbox 1062 2057 1101 2119; x_wconf 91' lang='lat' dir='ltr'><strong>dii</strong></span> <span class='ocrx_word' id='word_1_187' title='bbox 1123 2077 1212 2138; x_wconf 89' lang='lat' dir='ltr'><strong>regna</strong></span> <span class='ocrx_word' id='word_1_188' title='bbox 1234 2061 1299 2122; x_wconf 91' lang='lat' dir='ltr'><strong>dis-</strong></span> 
     </span>
    </p>
   </div>
   <div class='ocr_carea' id='block_1_3' title="bbox 87 2139 1411 2222">
    <p class='ocr_par' dir='ltr' id='par_1_4' title="bbox 87 2139 1411 2222">
     <span class='ocr_line' id='line_1_21' title="bbox 87 2139 1411 2222; baseline 0.002 -18"><span class='ocrx_word' id='word_1_189' title='bbox 87 2151 222 2222; x_wconf 85' lang='lat' dir='ltr'><strong>pensant,</strong></span> <span class='ocrx_word' id='word_1_190' title='bbox 246 2143 300 2203; x_wconf 83' lang='lat' dir='ltr'><strong>aed</strong></span> <span class='ocrx_word' id='word_1_191' title='bbox 323 2141 407 2201; x_wconf 90' lang='lat' dir='ltr'><strong>solus</strong></span> <span class='ocrx_word' id='word_1_192' title='bbox 429 2139 477 2202; x_wconf 86' lang='lat' dir='ltr'><strong>ille</strong></span> <span class='ocrx_word' id='word_1_193' title='bbox 500 2141 688 2221; x_wconf 88' lang='lat' dir='ltr'><strong>omnipotens</strong></span> <span class='ocrx_word' id='word_1_194' title='bbox 711 2141 801 2215; x_wconf 88' lang='lat' dir='ltr'><strong>Deus,</strong></span> <span class='ocrx_word' id='word_1_195' title='bbox 825 2147 920 2214; x_wconf 78' lang='lat' dir='ltr'><strong>cuius,</strong></span> <span class='ocrx_word' id='word_1_196' title='bbox 943 2142 1161 2222; x_wconf 78' lang='lat' dir='ltr'><strong>inquithuctor</strong></span> <span class='ocrx_word' id='word_1_197' title='bbox 1184 2152 1298 2220; x_wconf 90' lang='lat' dir='ltr'><strong>noster,</strong></span> <span class='ocrx_word' id='word_1_198' title='bbox 1404 2163 1411 2182; x_wconf 83' lang='lat'><em>⁰</em></span> 
     </span>
    </p>
   </div>
   <div class='ocr_carea' id='block_1_4' title="bbox 85 2227 1299 3997">
    <p class='ocr_par' dir='ltr' id='par_1_5' title="bbox 87 2227 1299 2645">
     <span class='ocr_line' id='line_1_22' title="bbox 88 2227 1299 2308; baseline 0.001 -18"><span class='ocrx_word' id='word_1_199' title='bbox 88 2238 130 2290; x_wconf 80' lang='lat' dir='ltr'><strong>est</strong></span> <span class='ocrx_word' id='word_1_200' title='bbox 151 2229 253 2299; x_wconf 78' lang='lat' dir='ltr'><strong>orbis,</strong></span> <span class='ocrx_word' id='word_1_201' title='bbox 283 2230 335 2308; x_wconf 79' lang='lat' dir='ltr'><strong>qni</strong></span> <span class='ocrx_word' id='word_1_202' title='bbox 356 2236 519 2304; x_wconf 82' lang='lat' dir='ltr'><strong>reguntur,</strong></span> <span class='ocrx_word' id='word_1_203' title='bbox 549 2236 578 2288; x_wconf 84' lang='lat' dir='ltr'><strong>et</strong></span> <span class='ocrx_word' id='word_1_204' title='bbox 607 2227 691 2288; x_wconf 84' lang='lat' dir='ltr'><strong>homo</strong></span> <span class='ocrx_word' id='word_1_205' title='bbox 713 2230 791 2306; x_wconf 79' lang='lat' dir='ltr'><strong>ipse,</strong></span> <span class='ocrx_word' id='word_1_206' title='bbox 821 2230 874 2308; x_wconf 80' lang='lat' dir='ltr'><strong>poi</strong></span> <span class='ocrx_word' id='word_1_207' title='bbox 893 2239 1010 2306; x_wconf 81' lang='lat' dir='ltr'><strong>regant.</strong></span> <span class='ocrx_word' id='word_1_208' title='bbox 1054 2227 1120 2288; x_wconf 89' lang='lat' dir='ltr'><strong>Non</strong></span> <span class='ocrx_word' id='word_1_209' title='bbox 1142 2228 1299 2291; x_wconf 87' lang='lat' dir='ltr'><strong>Christiani</strong></span> 
     </span>
     <span class='ocr_line' id='line_1_23' title="bbox 87 2308 1298 2391; baseline 0.002 -17"><span class='ocrx_word' id='word_1_210' title='bbox 87 2313 182 2390; x_wconf 87' lang='lat' dir='ltr'><strong>igitur,</strong></span> <span class='ocrx_word' id='word_1_211' title='bbox 207 2312 259 2391; x_wconf 91' lang='lat' dir='ltr'><strong>qui</strong></span> <span class='ocrx_word' id='word_1_212' title='bbox 280 2311 362 2372; x_wconf 92' lang='lat' dir='ltr'><strong>illum</strong></span> <span class='ocrx_word' id='word_1_213' title='bbox 384 2308 528 2383; x_wconf 88' lang='lat' dir='ltr'><strong>colebant,</strong></span> <span class='ocrx_word' id='word_1_214' title='bbox 551 2310 605 2370; x_wconf 89' lang='lat' dir='ltr'><strong>sed</strong></span> <span class='ocrx_word' id='word_1_215' title='bbox 619 2310 744 2372; x_wconf 83' lang='lat' dir='ltr'><strong>Romani</strong></span> <span class='ocrx_word' id='word_1_216' title='bbox 767 2310 872 2390; x_wconf 88' lang='lat' dir='ltr'><strong>aliique</strong></span> <span class='ocrx_word' id='word_1_217' title='bbox 894 2311 1018 2389; x_wconf 82' lang='lat' dir='ltr'><strong>gentiles</strong></span> <span class='ocrx_word' id='word_1_218' title='bbox 1039 2312 1135 2374; x_wconf 88' lang='lat' dir='ltr'><strong>laesae</strong></span> <span class='ocrx_word' id='word_1_219' title='bbox 1158 2314 1298 2376; x_wconf 90' lang='lat' dir='ltr'><strong>maiesta-</strong></span> 
     </span>
     <span class='ocr_line' id='line_1_24' title="bbox 89 2394 1297 2473; baseline 0.002 -16"><span class='ocrx_word' id='word_1_220' title='bbox 89 2397 122 2457; x_wconf 87' lang='lat' dir='ltr'><strong>tis</strong></span> <span class='ocrx_word' id='word_1_221' title='bbox 143 2396 262 2458; x_wconf 80' lang='lat' dir='ltr'><strong>divinae</strong></span> <span class='ocrx_word' id='word_1_222' title='bbox 284 2395 406 2456; x_wconf 89' lang='lat' dir='ltr'><strong>crimine</strong></span> <span class='ocrx_word' id='word_1_223' title='bbox 428 2394 683 2467; x_wconf 82' lang='lat' dir='ltr'><strong>convincebantur,</strong></span> <span class='ocrx_word' id='word_1_224' title='bbox 705 2394 755 2473; x_wconf 90' lang='lat' dir='ltr'><strong>qui</strong></span> <span class='ocrx_word' id='word_1_225' title='bbox 776 2413 836 2456; x_wconf 91' lang='lat' dir='ltr'><strong>non</strong></span> <span class='ocrx_word' id='word_1_226' title='bbox 853 2395 949 2456; x_wconf 86' lang='lat' dir='ltr'><strong>solum</strong></span> <span class='ocrx_word' id='word_1_227' title='bbox 964 2396 1055 2458; x_wconf 83' lang='lat' dir='ltr'><strong>salsos</strong></span> <span class='ocrx_word' id='word_1_228' title='bbox 1068 2397 1297 2472; x_wconf 88' lang='lat' dir='ltr'><strong>deoscolebant,</strong></span> 
     </span>
     <span class='ocr_line' id='line_1_25' title="bbox 88 2478 1297 2562; baseline 0.002 -21"><span class='ocrx_word' id='word_1_229' title='bbox 88 2482 136 2542; x_wconf 86' lang='lat' dir='ltr'><strong>sed</strong></span> <span class='ocrx_word' id='word_1_230' title='bbox 164 2481 291 2542; x_wconf 86' lang='lat' dir='ltr'><strong>eosdem</strong></span> <span class='ocrx_word' id='word_1_231' title='bbox 314 2478 498 2542; x_wconf 82' lang='lat' dir='ltr'><strong>Christianos</strong></span> <span class='ocrx_word' id='word_1_232' title='bbox 526 2478 562 2539; x_wconf 88' lang='lat' dir='ltr'><strong>ad</strong></span> <span class='ocrx_word' id='word_1_233' title='bbox 584 2497 687 2540; x_wconf 88' lang='lat' dir='ltr'><strong>corum</strong></span> <span class='ocrx_word' id='word_1_234' title='bbox 709 2479 818 2540; x_wconf 92' lang='lat' dir='ltr'><strong>cultum</strong></span> <span class='ocrx_word' id='word_1_235' title='bbox 839 2479 1020 2558; x_wconf 74' lang='lat' dir='ltr'><strong>quibuslibet</strong></span> <span class='ocrx_word' id='word_1_236' title='bbox 1040 2481 1191 2562; x_wconf 88' lang='lat' dir='ltr'><strong>suppliciis</strong></span> <span class='ocrx_word' id='word_1_237' title='bbox 1214 2501 1297 2544; x_wconf 85' lang='lat' dir='ltr'><strong>corn-</strong></span> 
     </span>
     <span class='ocr_line' id='line_1_26' title="bbox 88 2565 960 2645; baseline 0 -18"><span class='ocrx_word' id='word_1_238' title='bbox 88 2565 193 2645; x_wconf 82' lang='lat' dir='ltr'><strong>pellere</strong></span> <span class='ocrx_word' id='word_1_239' title='bbox 215 2565 400 2626; x_wconf 86' lang='lat' dir='ltr'><strong>conabantur</strong></span> <span class='ocrx_word' id='word_1_240' title='bbox 421 2565 496 2642; x_wconf 86' lang='lat' dir='ltr'><strong>(cap.</strong></span> <span class='ocrx_word' id='word_1_241' title='bbox 520 2567 570 2628; x_wconf 83' lang='lat'><strong>25.</strong></span> <span class='ocrx_word' id='word_1_242' title='bbox 593 2566 669 2639; x_wconf 69' lang='lat' dir='ltr'><strong>iti.)-</strong></span> <span class='ocrx_word' id='word_1_243' title='bbox 956 2629 960 2638; x_wconf 73' lang='grc'><em>,</em></span> 
     </span>
    </p>

    <p class='ocr_par' dir='ltr' id='par_1_6' title="bbox 85 2647 1296 3578">
     <span class='ocr_line' id='line_1_27' title="bbox 167 2647 1295 2727; baseline 0.002 -16"><span class='ocrx_word' id='word_1_244' title='bbox 167 2651 304 2723; x_wconf 89' lang='lat' dir='ltr'><strong>Quorum</strong></span> <span class='ocrx_word' id='word_1_245' title='bbox 325 2667 396 2710; x_wconf 86' lang='lat' dir='ltr'><strong>rero</strong></span> <span class='ocrx_word' id='word_1_246' title='bbox 418 2648 512 2708; x_wconf 87' lang='lat' dir='ltr'><strong>maior</strong></span> <span class='ocrx_word' id='word_1_247' title='bbox 533 2656 596 2709; x_wconf 89' lang='lat' dir='ltr'><strong>erat</strong></span> <span class='ocrx_word' id='word_1_248' title='bbox 618 2647 780 2720; x_wconf 89' lang='lat' dir='ltr'><strong>clementia,</strong></span> <span class='ocrx_word' id='word_1_249' title='bbox 802 2647 833 2709; x_wconf 93' lang='lat' dir='ltr'><strong>hi</strong></span> <span class='ocrx_word' id='word_1_250' title='bbox 854 2649 1033 2727; x_wconf 87' lang='lat' dir='ltr'><strong>persuadere</strong></span> <span class='ocrx_word' id='word_1_251' title='bbox 1056 2649 1113 2711; x_wconf 91' lang='lat' dir='ltr'><strong>illis</strong></span> <span class='ocrx_word' id='word_1_252' title='bbox 1135 2650 1295 2724; x_wconf 91' lang='lat' dir='ltr'><strong>tentabant,</strong></span> 
     </span>
     <span class='ocr_line' id='line_1_28' title="bbox 85 2730 1296 2814; baseline 0.002 -20"><span class='ocrx_word' id='word_1_253' title='bbox 85 2743 116 2795; x_wconf 90' lang='lat' dir='ltr'><strong>nt</strong></span> <span class='ocrx_word' id='word_1_254' title='bbox 135 2736 241 2798; x_wconf 88' lang='lat' dir='ltr'><strong>saltem</strong></span> <span class='ocrx_word' id='word_1_255' title='bbox 263 2745 400 2798; x_wconf 77' lang='lat' dir='ltr'><strong>moreau</strong></span> <span class='ocrx_word' id='word_1_256' title='bbox 422 2733 503 2812; x_wconf 82' lang='lat' dir='ltr'><strong>opud</strong></span> <span class='ocrx_word' id='word_1_257' title='bbox 523 2737 655 2794; x_wconf 81' lang='lat' dir='ltr'><strong>actorum</strong></span> <span class='ocrx_word' id='word_1_258' title='bbox 675 2732 736 2794; x_wconf 82' lang='lat' dir='ltr'><strong>veri</strong></span> <span class='ocrx_word' id='word_1_259' title='bbox 749 2730 805 2794; x_wconf 88' lang='lat' dir='ltr'><strong>Dei</strong></span> <span class='ocrx_word' id='word_1_260' title='bbox 825 2731 940 2794; x_wconf 90' lang='lat' dir='ltr'><strong>colendi</strong></span> <span class='ocrx_word' id='word_1_261' title='bbox 959 2741 1129 2813; x_wconf 78' lang='lat' dir='ltr'><strong>proposito,</strong></span> <span class='ocrx_word' id='word_1_262' title='bbox 1151 2743 1210 2796; x_wconf 92' lang='lat' dir='ltr'><strong>tam</strong></span> <span class='ocrx_word' id='word_1_263' title='bbox 1225 2754 1296 2814; x_wconf 90' lang='lat' dir='ltr'><strong>per-</strong></span> 
     </span>
     <span class='ocr_line' id='line_1_29' title="bbox 86 2815 1296 2897; baseline -0.002 -15"><span class='ocrx_word' id='word_1_264' title='bbox 86 2821 217 2882; x_wconf 86' lang='lat' dir='ltr'><strong>tinaciter</strong></span> <span class='ocrx_word' id='word_1_265' title='bbox 238 2827 355 2897; x_wconf 89' lang='lat' dir='ltr'><strong>tamque</strong></span> <span class='ocrx_word' id='word_1_266' title='bbox 378 2825 459 2878; x_wconf 87' lang='lat' dir='ltr'><strong>certo</strong></span> <span class='ocrx_word' id='word_1_267' title='bbox 482 2816 585 2895; x_wconf 88' lang='lat' dir='ltr'><strong>capitis</strong></span> <span class='ocrx_word' id='word_1_268' title='bbox 607 2815 739 2897; x_wconf 89' lang='lat' dir='ltr'><strong>periculo</strong></span> <span class='ocrx_word' id='word_1_269' title='bbox 761 2815 818 2876; x_wconf 89' lang='lat' dir='ltr'><strong>diis</strong></span> <span class='ocrx_word' id='word_1_270' title='bbox 841 2815 1004 2878; x_wconf 83' lang='lat' dir='ltr'><strong>sacrificare</strong></span> <span class='ocrx_word' id='word_1_271' title='bbox 1026 2835 1085 2878; x_wconf 90' lang='lat' dir='ltr'><strong>non</strong></span> <span class='ocrx_word' id='word_1_272' title='bbox 1104 2827 1296 2880; x_wconf 77' lang='lat' dir='ltr'><strong>&#39;recusarent</strong></span> 
     </span>
     <span class='ocr_line' id='line_1_30' title="bbox 87 2897 1296 2979; baseline -0.004 -12"><span class='ocrx_word' id='word_1_273' title='bbox 87 2905 138 2966; x_wconf 89' lang='lat' dir='ltr'><strong>Sed</strong></span> <span class='ocrx_word' id='word_1_274' title='bbox 160 2907 222 2966; x_wconf 94' lang='lat' dir='ltr'><strong>hoc</strong></span> <span class='ocrx_word' id='word_1_275' title='bbox 244 2903 335 2964; x_wconf 84' lang='lat' dir='ltr'><strong>salsae</strong></span> <span class='ocrx_word' id='word_1_276' title='bbox 355 2897 576 2964; x_wconf 87' lang='lat' dir='ltr'><strong>misericordiae</strong></span> <span class='ocrx_word' id='word_1_277' title='bbox 599 2899 756 2962; x_wconf 90' lang='lat' dir='ltr'><strong>consilium</strong></span> <span class='ocrx_word' id='word_1_278' title='bbox 776 2899 814 2960; x_wconf 91' lang='lat' dir='ltr'><strong>iis</strong></span> <span class='ocrx_word' id='word_1_279' title='bbox 835 2899 1034 2979; x_wconf 84' lang='lat' dir='ltr'><strong>inspirabatur</strong></span> <span class='ocrx_word' id='word_1_280' title='bbox 1051 2901 1152 2962; x_wconf 89' lang='lat' dir='ltr'><strong>lrande</strong></span> <span class='ocrx_word' id='word_1_281' title='bbox 1168 2910 1198 2963; x_wconf 91' lang='lat' dir='ltr'><strong>et</strong></span> <span class='ocrx_word' id='word_1_282' title='bbox 1212 2909 1296 2963; x_wconf 88' lang='lat' dir='ltr'><strong>astu-</strong></span> 
     </span>
     <span class='ocr_line' id='line_1_31' title="bbox 87 2983 1296 3066; baseline 0 -18"><span class='ocrx_word' id='word_1_283' title='bbox 87 2989 120 3050; x_wconf 87' lang='lat' dir='ltr'><strong>tia</strong></span> <span class='ocrx_word' id='word_1_284' title='bbox 149 2991 346 3058; x_wconf 89' lang='lat' dir='ltr'><strong>daemonum,</strong></span> <span class='ocrx_word' id='word_1_285' title='bbox 381 2987 431 3066; x_wconf 89' lang='lat' dir='ltr'><strong>qui</strong></span> <span class='ocrx_word' id='word_1_286' title='bbox 455 2985 688 3047; x_wconf 89' lang='lat' dir='ltr'><strong>Christianorum</strong></span> <span class='ocrx_word' id='word_1_287' title='bbox 710 2991 888 3062; x_wconf 88' lang='lat' dir='ltr'><strong>potestatem</strong></span> <span class='ocrx_word' id='word_1_288' title='bbox 911 2983 1048 3046; x_wconf 68' lang='lat' dir='ltr'><strong>timentem</strong></span> <span class='ocrx_word' id='word_1_289' title='bbox 1077 2985 1219 3047; x_wconf 84' lang='lat' dir='ltr'><strong>adversus</strong></span> <span class='ocrx_word' id='word_1_290' title='bbox 1242 3005 1296 3048; x_wconf 88' lang='lat' dir='ltr'><strong>cos</strong></span> 
     </span>
     <span class='ocr_line' id='line_1_32' title="bbox 86 3067 1295 3154; baseline -0.002 -20"><span class='ocrx_word' id='word_1_291' title='bbox 86 3073 257 3154; x_wconf 84' lang='lat' dir='ltr'><strong>implacabili</strong></span> <span class='ocrx_word' id='word_1_292' title='bbox 280 3072 348 3133; x_wconf 90' lang='lat' dir='ltr'><strong>odio</strong></span> <span class='ocrx_word' id='word_1_293' title='bbox 371 3070 560 3153; x_wconf 87' lang='lat' dir='ltr'><strong>praeliantur.</strong></span> <span class='ocrx_word' id='word_1_294' title='bbox 604 3068 665 3130; x_wconf 91' lang='lat' dir='ltr'><strong>Nec</strong></span> <span class='ocrx_word' id='word_1_295' title='bbox 686 3067 838 3134; x_wconf 90' lang='lat' dir='ltr'><strong>minimum</strong></span> <span class='ocrx_word' id='word_1_296' title='bbox 860 3067 977 3147; x_wconf 88' lang='lat' dir='ltr'><strong>quidem</strong></span> <span class='ocrx_word' id='word_1_297' title='bbox 999 3077 1104 3149; x_wconf 88' lang='lat' dir='ltr'><strong>putant</strong></span> <span class='ocrx_word' id='word_1_298' title='bbox 1123 3089 1192 3132; x_wconf 90' lang='lat' dir='ltr'><strong>esse</strong></span> <span class='ocrx_word' id='word_1_299' title='bbox 1207 3089 1295 3150; x_wconf 87' lang='lat' dir='ltr'><strong>prae·</strong></span> 
     </span>
     <span class='ocr_line' id='line_1_33' title="bbox 87 3152 1296 3236; baseline -0.001 -18"><span class='ocrx_word' id='word_1_300' title='bbox 87 3158 279 3220; x_wconf 87' lang='lat' dir='ltr'><strong>damnationis</strong></span> <span class='ocrx_word' id='word_1_301' title='bbox 303 3175 374 3218; x_wconf 91' lang='lat' dir='ltr'><strong>suae</strong></span> <span class='ocrx_word' id='word_1_302' title='bbox 398 3155 551 3228; x_wconf 91' lang='lat' dir='ltr'><strong>solatium,</strong></span> <span class='ocrx_word' id='word_1_303' title='bbox 584 3153 610 3214; x_wconf 92' lang='lat' dir='ltr'><strong>si</strong></span> <span class='ocrx_word' id='word_1_304' title='bbox 633 3153 827 3216; x_wconf 87' lang='lat' dir='ltr'><strong>constantiam</strong></span> <span class='ocrx_word' id='word_1_305' title='bbox 849 3152 966 3214; x_wconf 88' lang='lat' dir='ltr'><strong>illorum</strong></span> <span class='ocrx_word' id='word_1_306' title='bbox 986 3153 1160 3216; x_wconf 79' lang='lat' dir='ltr'><strong>labefactare</strong></span> <span class='ocrx_word' id='word_1_307' title='bbox 1183 3173 1296 3236; x_wconf 83' lang='lat' dir='ltr'><strong>eosque</strong></span> 
     </span>
     <span class='ocr_line' id='line_1_34' title="bbox 88 3236 1295 3321; baseline -0.001 -19"><span class='ocrx_word' id='word_1_308' title='bbox 88 3241 199 3304; x_wconf 84' lang='lat' dir='ltr'><strong>laedere</strong></span> <span class='ocrx_word' id='word_1_309' title='bbox 225 3241 384 3321; x_wconf 82' lang='lat' dir='ltr'><strong>aliquando</strong></span> <span class='ocrx_word' id='word_1_310' title='bbox 406 3239 533 3320; x_wconf 90' lang='lat' dir='ltr'><strong>possint.</strong></span> <span class='ocrx_word' id='word_1_311' title='bbox 579 3236 777 3312; x_wconf 86' lang='lat' dir='ltr'><strong>Quamobrem</strong></span> <span class='ocrx_word' id='word_1_312' title='bbox 800 3236 957 3299; x_wconf 89' lang='lat' dir='ltr'><strong>Christiani</strong></span> <span class='ocrx_word' id='word_1_313' title='bbox 979 3238 1036 3300; x_wconf 90' lang='lat' dir='ltr'><strong>illis</strong></span> <span class='ocrx_word' id='word_1_314' title='bbox 1058 3239 1203 3301; x_wconf 88' lang='lat' dir='ltr'><strong>resistunt</strong></span> <span class='ocrx_word' id='word_1_315' title='bbox 1223 3258 1295 3320; x_wconf 89' lang='lat' dir='ltr'><strong>per·</strong></span> 
     </span>
     <span class='ocr_line' id='line_1_35' title="bbox 90 3321 1294 3408; baseline 0.001 -22"><span class='ocrx_word' id='word_1_316' title='bbox 90 3345 263 3408; x_wconf 89' lang='lat' dir='ltr'><strong>suasmnque</strong></span> <span class='ocrx_word' id='word_1_317' title='bbox 286 3325 410 3398; x_wconf 88' lang='lat' dir='ltr'><strong>habent,</strong></span> <span class='ocrx_word' id='word_1_318' title='bbox 434 3344 467 3386; x_wconf 87' lang='lat' dir='ltr'><strong>se</strong></span> <span class='ocrx_word' id='word_1_319' title='bbox 488 3343 637 3402; x_wconf 89' lang='lat' dir='ltr'><strong>nunquam</strong></span> <span class='ocrx_word' id='word_1_320' title='bbox 659 3322 695 3384; x_wconf 91' lang='lat' dir='ltr'><strong>de</strong></span> <span class='ocrx_word' id='word_1_321' title='bbox 718 3321 852 3402; x_wconf 91' lang='lat' dir='ltr'><strong>ipsorum</strong></span> <span class='ocrx_word' id='word_1_322' title='bbox 873 3322 982 3384; x_wconf 87' lang='lat' dir='ltr'><strong>malitia</strong></span> <span class='ocrx_word' id='word_1_323' title='bbox 1004 3324 1164 3402; x_wconf 81' lang='lat' dir='ltr'><strong>gloriosius</strong></span> <span class='ocrx_word' id='word_1_324' title='bbox 1186 3325 1294 3387; x_wconf 89' lang='lat' dir='ltr'><strong>trium·</strong></span> 
     </span>
     <span class='ocr_line' id='line_1_36' title="bbox 87 3407 1296 3492; baseline -0.001 -19"><span class='ocrx_word' id='word_1_325' title='bbox 87 3411 188 3490; x_wconf 86' lang='lat' dir='ltr'><strong>phare,</strong></span> <span class='ocrx_word' id='word_1_326' title='bbox 222 3429 310 3492; x_wconf 64' lang='lat' dir='ltr'><strong>mam</strong></span> <span class='ocrx_word' id='word_1_327' title='bbox 343 3427 409 3472; x_wconf 90' lang='lat' dir='ltr'><strong>cum</strong></span> <span class='ocrx_word' id='word_1_328' title='bbox 437 3428 492 3490; x_wconf 91' lang='lat' dir='ltr'><strong>pro</strong></span> <span class='ocrx_word' id='word_1_329' title='bbox 521 3407 673 3486; x_wconf 40' lang='lat' dir='ltr'><strong>constanti,</strong></span> <span class='ocrx_word' id='word_1_330' title='bbox 696 3407 764 3468; x_wconf 90' lang='lat' dir='ltr'><strong>lldei</strong></span> <span class='ocrx_word' id='word_1_331' title='bbox 797 3425 868 3469; x_wconf 86' lang='lat' dir='ltr'><strong>suae</strong></span> <span class='ocrx_word' id='word_1_332' title='bbox 900 3409 1089 3488; x_wconf 81' lang='lat' dir='ltr'><strong>professione</strong></span> <span class='ocrx_word' id='word_1_333' title='bbox 1121 3410 1296 3472; x_wconf 89' lang='lat' dir='ltr'><strong>damnantur</strong></span> 
     </span>
     <span class='ocr_line' id='line_1_37' title="bbox 86 3500 255 3578; baseline 0.006 -21"><span class='ocrx_word' id='word_1_334' title='bbox 86 3503 154 3578; x_wconf 82' lang='lat' dir='ltr'><strong>(cap.</strong></span> <span class='ocrx_word' id='word_1_335' title='bbox 177 3500 255 3572; x_wconf 58' lang='lat'><strong>22).</strong></span> 
     </span>
    </p>

    <p class='ocr_par' dir='ltr' id='par_1_7' title="bbox 86 3576 1295 3997">
     <span class='ocr_line' id='line_1_38' title="bbox 161 3576 1293 3656; baseline -0.004 -13"><span class='ocrx_word' id='word_1_336' title='bbox 161 3582 260 3643; x_wconf 89' lang='lat' dir='ltr'><strong>Porro</strong></span> <span class='ocrx_word' id='word_1_337' title='bbox 283 3587 383 3642; x_wconf 89' lang='lat' dir='ltr'><strong>autem</strong></span> <span class='ocrx_word' id='word_1_338' title='bbox 404 3576 512 3640; x_wconf 89' lang='lat' dir='ltr'><strong>ethnici</strong></span> <span class='ocrx_word' id='word_1_339' title='bbox 534 3577 632 3656; x_wconf 91' lang='lat' dir='ltr'><strong>impiis</strong></span> <span class='ocrx_word' id='word_1_340' title='bbox 654 3577 830 3639; x_wconf 81' lang='lat' dir='ltr'><strong>daemonum</strong></span> <span class='ocrx_word' id='word_1_341' title='bbox 845 3577 921 3638; x_wconf 85' lang='lat' dir='ltr'><strong>debs</strong></span> <span class='ocrx_word' id='word_1_342' title='bbox 938 3587 968 3638; x_wconf 89' lang='lat' dir='ltr'><strong>et</strong></span> <span class='ocrx_word' id='word_1_343' title='bbox 981 3577 1094 3639; x_wconf 87' lang='lat' dir='ltr'><strong>artibus</strong></span> <span class='ocrx_word' id='word_1_344' title='bbox 1110 3577 1293 3640; x_wconf 81' lang='lat' dir='ltr'><strong>Christianos</strong></span> 
     </span>
     <span class='ocr_line' id='line_1_39' title="bbox 87 3661 1295 3741; baseline -0.002 -16"><span class='ocrx_word' id='word_1_345' title='bbox 87 3684 139 3728; x_wconf 89' lang='lat' dir='ltr'><strong>non</strong></span> <span class='ocrx_word' id='word_1_346' title='bbox 168 3665 261 3728; x_wconf 90' lang='lat' dir='ltr'><strong>modo</strong></span> <span class='ocrx_word' id='word_1_347' title='bbox 289 3664 326 3726; x_wconf 88' lang='lat' dir='ltr'><strong>ad</strong></span> <span class='ocrx_word' id='word_1_348' title='bbox 355 3663 479 3724; x_wconf 89' lang='lat' dir='ltr'><strong>deorum</strong></span> <span class='ocrx_word' id='word_1_349' title='bbox 502 3662 626 3735; x_wconf 87' lang='lat' dir='ltr'><strong>cultum,</strong></span> <span class='ocrx_word' id='word_1_350' title='bbox 656 3661 706 3741; x_wconf 89' lang='lat' dir='ltr'><strong>qui</strong></span> <span class='ocrx_word' id='word_1_351' title='bbox 729 3663 850 3724; x_wconf 91' lang='lat' dir='ltr'><strong>omnino</strong></span> <span class='ocrx_word' id='word_1_352' title='bbox 871 3661 946 3723; x_wconf 90' lang='lat' dir='ltr'><strong>liber</strong></span> <span class='ocrx_word' id='word_1_353' title='bbox 968 3670 998 3722; x_wconf 92' lang='lat' dir='ltr'><strong>et</strong></span> <span class='ocrx_word' id='word_1_354' title='bbox 1018 3661 1216 3734; x_wconf 83' lang='lat' dir='ltr'><strong>voluntarius,</strong></span> <span class='ocrx_word' id='word_1_355' title='bbox 1244 3671 1295 3722; x_wconf 91' lang='lat' dir='ltr'><strong>aut</strong></span> 
     </span>
     <span class='ocr_line' id='line_1_40' title="bbox 86 3743 1293 3826; baseline -0.005 -16"><span class='ocrx_word' id='word_1_356' title='bbox 86 3751 179 3812; x_wconf 88' lang='lat' dir='ltr'><strong>nullus</strong></span> <span class='ocrx_word' id='word_1_357' title='bbox 202 3769 272 3812; x_wconf 87' lang='lat' dir='ltr'><strong>esse</strong></span> <span class='ocrx_word' id='word_1_358' title='bbox 294 3748 398 3821; x_wconf 89' lang='lat' dir='ltr'><strong>debet,</strong></span> <span class='ocrx_word' id='word_1_359' title='bbox 427 3746 535 3808; x_wconf 82' lang='lat' dir='ltr'><strong>invitos</strong></span> <span class='ocrx_word' id='word_1_360' title='bbox 562 3746 712 3826; x_wconf 85' lang='lat' dir='ltr'><strong>impellere</strong></span> <span class='ocrx_word' id='word_1_361' title='bbox 733 3746 884 3820; x_wconf 82' lang='lat' dir='ltr'><strong>volebant,</strong></span> <span class='ocrx_word' id='word_1_362' title='bbox 915 3746 968 3808; x_wconf 90' lang='lat' dir='ltr'><strong>sed</strong></span> <span class='ocrx_word' id='word_1_363' title='bbox 990 3747 1026 3807; x_wconf 91' lang='lat' dir='ltr'><strong>ad</strong></span> <span class='ocrx_word' id='word_1_364' title='bbox 1049 3743 1154 3808; x_wconf 90' lang='lat' dir='ltr'><strong>iisdem</strong></span> <span class='ocrx_word' id='word_1_365' title='bbox 1175 3763 1293 3822; x_wconf 86' lang='lat' dir='ltr'><strong>quoque</strong></span> 
     </span>
     <span class='ocr_line' id='line_1_41' title="bbox 87 3827 1293 3916; baseline -0.006 -20"><span class='ocrx_word' id='word_1_366' title='bbox 87 3834 137 3896; x_wconf 87' lang='lat' dir='ltr'><strong>diis</strong></span> <span class='ocrx_word' id='word_1_367' title='bbox 164 3855 223 3916; x_wconf 91' lang='lat' dir='ltr'><strong>pro</strong></span> <span class='ocrx_word' id='word_1_368' title='bbox 247 3833 341 3896; x_wconf 87' lang='lat' dir='ltr'><strong>salute</strong></span> <span class='ocrx_word' id='word_1_369' title='bbox 364 3831 551 3912; x_wconf 89' lang='lat' dir='ltr'><strong>imperatoris</strong></span> <span class='ocrx_word' id='word_1_370' title='bbox 574 3831 805 3892; x_wconf 85' lang='lat' dir='ltr'><strong>sacrificandum.</strong></span> <span class='ocrx_word' id='word_1_371' title='bbox 850 3831 1038 3911; x_wconf 86' lang='lat' dir='ltr'><strong>Quapropter</strong></span> <span class='ocrx_word' id='word_1_372' title='bbox 1058 3831 1131 3890; x_wconf 87' lang='lat' dir='ltr'><strong>haec</strong></span> <span class='ocrx_word' id='word_1_373' title='bbox 1152 3827 1293 3889; x_wconf 81' lang='lat' dir='ltr'><strong>sacrificia</strong></span> 
     </span>
     <span class='ocr_line' id='line_1_42' title="bbox 88 3911 1291 3997; baseline -0.006 -19"><span class='ocrx_word' id='word_1_374' title='bbox 88 3919 177 3982; x_wconf 86' lang='lat' dir='ltr'><strong>iacere</strong></span> <span class='ocrx_word' id='word_1_375' title='bbox 198 3919 384 3997; x_wconf 75' lang='lat' dir='ltr'><strong>defugientes</strong></span> <span class='ocrx_word' id='word_1_376' title='bbox 405 3916 527 3978; x_wconf 90' lang='lat' dir='ltr'><strong>maioris</strong></span> <span class='ocrx_word' id='word_1_377' title='bbox 549 3934 635 3994; x_wconf 87' lang='lat' dir='ltr'><strong>quam</strong></span> <span class='ocrx_word' id='word_1_378' title='bbox 657 3914 754 3977; x_wconf 90' lang='lat' dir='ltr'><strong>laesae</strong></span> <span class='ocrx_word' id='word_1_379' title='bbox 775 3915 937 3976; x_wconf 87' lang='lat' dir='ltr'><strong>maiestatis</strong></span> <span class='ocrx_word' id='word_1_380' title='bbox 965 3914 1078 3976; x_wconf 80' lang='lat' dir='ltr'><strong>divinae</strong></span> <span class='ocrx_word' id='word_1_381' title='bbox 1104 3911 1225 3973; x_wconf 86' lang='lat' dir='ltr'><strong>sceleris</strong></span> <span class='ocrx_word' id='word_1_382' title='bbox 1241 3929 1291 3973; x_wconf 89' lang='lat' dir='ltr'><strong>ar-</strong></span> 
     </span>
    </p>
   </div>
   <div class='ocr_carea' id='block_1_5' title="bbox 87 3996 1396 4080">
    <p class='ocr_par' dir='ltr' id='par_1_8' title="bbox 87 3996 1396 4080">
     <span class='ocr_line' id='line_1_43' title="bbox 87 3996 1396 4080; baseline -0.005 -16"><span class='ocrx_word' id='word_1_383' title='bbox 87 4005 215 4080; x_wconf 81' lang='lat' dir='ltr'><strong>guebant.</strong></span> <span class='ocrx_word' id='word_1_384' title='bbox 260 4002 382 4076; x_wconf 93' lang='lat' dir='ltr'><strong>Quidni,</strong></span> <span class='ocrx_word' id='word_1_385' title='bbox 405 4021 470 4064; x_wconf 92' lang='lat' dir='ltr'><strong>cum</strong></span> <span class='ocrx_word' id='word_1_386' title='bbox 492 4001 636 4062; x_wconf 80' lang='lat' dir='ltr'><strong>viventem</strong></span> <span class='ocrx_word' id='word_1_387' title='bbox 659 3999 865 4079; x_wconf 87' lang='lat' dir='ltr'><strong>imperatorem</strong></span> <span class='ocrx_word' id='word_1_388' title='bbox 885 3999 973 4078; x_wconf 91' lang='lat' dir='ltr'><strong>longe</strong></span> <span class='ocrx_word' id='word_1_389' title='bbox 1000 3997 1092 4076; x_wconf 88' lang='lat' dir='ltr'><strong>magis</strong></span> <span class='ocrx_word' id='word_1_390' title='bbox 1115 4015 1201 4076; x_wconf 88' lang='lat' dir='ltr'><strong>quam</strong></span> <span class='ocrx_word' id='word_1_391' title='bbox 1217 3996 1291 4060; x_wconf 90' lang='lat' dir='ltr'><strong>deos</strong></span> <span class='ocrx_word' id='word_1_392' title='bbox 1394 4049 1396 4057; x_wconf 84' lang='lat'>.</span> 
     </span>
    </p>
   </div>
   <div class='ocr_carea' id='block_1_6' title="bbox 86 4081 1293 4675">
    <p class='ocr_par' dir='ltr' id='par_1_9' title="bbox 86 4081 1293 4675">
     <span class='ocr_line' id='line_1_44' title="bbox 90 4081 1290 4166; baseline -0.002 -20"><span class='ocrx_word' id='word_1_393' title='bbox 90 4103 157 4148; x_wconf 84' lang='lat' dir='ltr'><strong>suos</strong></span> <span class='ocrx_word' id='word_1_394' title='bbox 177 4098 311 4152; x_wconf 72' lang='lat' dir='ltr'><strong>monum</strong></span> <span class='ocrx_word' id='word_1_395' title='bbox 333 4087 481 4160; x_wconf 88' lang='lat' dir='ltr'><strong>timerent,</strong></span> <span class='ocrx_word' id='word_1_396' title='bbox 504 4093 589 4166; x_wconf 66' lang='lat' dir='ltr'><strong>strue</strong></span> <span class='ocrx_word' id='word_1_397' title='bbox 611 4083 720 4147; x_wconf 91' lang='lat' dir='ltr'><strong>idcirco</strong></span> <span class='ocrx_word' id='word_1_398' title='bbox 742 4084 828 4146; x_wconf 90' lang='lat' dir='ltr'><strong>citius</strong></span> <span class='ocrx_word' id='word_1_399' title='bbox 849 4104 904 4165; x_wconf 92' lang='lat' dir='ltr'><strong>per</strong></span> <span class='ocrx_word' id='word_1_400' title='bbox 924 4085 980 4146; x_wconf 89' lang='lat' dir='ltr'><strong>hos</strong></span> <span class='ocrx_word' id='word_1_401' title='bbox 996 4101 1100 4144; x_wconf 89' lang='lat' dir='ltr'><strong>omnes</strong></span> <span class='ocrx_word' id='word_1_402' title='bbox 1115 4081 1290 4162; x_wconf 85' lang='lat' dir='ltr'><strong>peierarent,</strong></span> 
     </span>
     <span class='ocr_line' id='line_1_45' title="bbox 88 4166 1290 4254; baseline -0.005 -20"><span class='ocrx_word' id='word_1_403' title='bbox 88 4189 170 4248; x_wconf 67' lang='lat' dir='ltr'><strong>mam</strong></span> <span class='ocrx_word' id='word_1_404' title='bbox 189 4193 239 4254; x_wconf 90' lang='lat' dir='ltr'><strong>per</strong></span> <span class='ocrx_word' id='word_1_405' title='bbox 260 4170 451 4252; x_wconf 90' lang='lat' dir='ltr'><strong>imperatoris</strong></span> <span class='ocrx_word' id='word_1_406' title='bbox 474 4167 616 4250; x_wconf 75' lang='lat' dir='ltr'><strong>geniem?</strong></span> <span class='ocrx_word' id='word_1_407' title='bbox 660 4168 737 4242; x_wconf 89' lang='lat' dir='ltr'><strong>Quid</strong></span> <span class='ocrx_word' id='word_1_408' title='bbox 758 4187 829 4230; x_wconf 80' lang='lat' dir='ltr'><strong>vero</strong></span> <span class='ocrx_word' id='word_1_409' title='bbox 851 4177 949 4230; x_wconf 88' lang='lat' dir='ltr'><strong>rectae</strong></span> <span class='ocrx_word' id='word_1_410' title='bbox 969 4166 1077 4228; x_wconf 85' lang='lat' dir='ltr'><strong>rationi</strong></span> <span class='ocrx_word' id='word_1_411' title='bbox 1091 4166 1183 4245; x_wconf 90' lang='lat' dir='ltr'><strong>magis</strong></span> <span class='ocrx_word' id='word_1_412' title='bbox 1199 4185 1290 4247; x_wconf 90' lang='lat' dir='ltr'><strong>repu-</strong></span> 
     </span>
     <span class='ocr_line' id='line_1_46' title="bbox 87 4251 1293 4338; baseline -0.004 -21"><span class='ocrx_word' id='word_1_413' title='bbox 87 4265 152 4332; x_wconf 80' lang='lat' dir='ltr'><strong>put</strong></span> <span class='ocrx_word' id='word_1_414' title='bbox 172 4275 255 4338; x_wconf 87' lang='lat' dir='ltr'><strong>qnam</strong></span> <span class='ocrx_word' id='word_1_415' title='bbox 279 4257 338 4318; x_wconf 88' lang='lat' dir='ltr'><strong>diis</strong></span> <span class='ocrx_word' id='word_1_416' title='bbox 361 4255 525 4318; x_wconf 82' lang='lat' dir='ltr'><strong>sacrificare</strong></span> <span class='ocrx_word' id='word_1_417' title='bbox 546 4273 601 4334; x_wconf 91' lang='lat' dir='ltr'><strong>pro</strong></span> <span class='ocrx_word' id='word_1_418' title='bbox 624 4254 753 4317; x_wconf 88' lang='lat' dir='ltr'><strong>bominis</strong></span> <span class='ocrx_word' id='word_1_419' title='bbox 776 4254 880 4327; x_wconf 78' lang='lat' dir='ltr'><strong>salum,</strong></span> <span class='ocrx_word' id='word_1_420' title='bbox 902 4270 989 4332; x_wconf 89' lang='lat' dir='ltr'><strong>quam</strong></span> <span class='ocrx_word' id='word_1_421' title='bbox 1009 4269 1065 4312; x_wconf 91' lang='lat' dir='ltr'><strong>nec</strong></span> <span class='ocrx_word' id='word_1_422' title='bbox 1079 4251 1148 4313; x_wconf 88' lang='lat' dir='ltr'><strong>dare</strong></span> <span class='ocrx_word' id='word_1_423' title='bbox 1163 4261 1293 4332; x_wconf 89' lang='lat' dir='ltr'><strong>possunt</strong></span> 
     </span>
     <span class='ocr_line' id='line_1_47' title="bbox 86 4335 1289 4417; baseline -0.002 -17"><span class='ocrx_word' id='word_1_424' title='bbox 86 4357 136 4402; x_wconf 87' lang='lat' dir='ltr'><strong>nec</strong></span> <span class='ocrx_word' id='word_1_425' title='bbox 156 4361 343 4406; x_wconf 83' lang='lat' dir='ltr'><strong>conservare.</strong></span> <span class='ocrx_word' id='word_1_426' title='bbox 389 4339 455 4413; x_wconf 94' lang='lat' dir='ltr'><strong>Quo</strong></span> <span class='ocrx_word' id='word_1_427' title='bbox 479 4339 556 4402; x_wconf 85' lang='lat' dir='ltr'><strong>enim</strong></span> <span class='ocrx_word' id='word_1_428' title='bbox 578 4339 679 4412; x_wconf 89' lang='lat' dir='ltr'><strong>modo,</strong></span> <span class='ocrx_word' id='word_1_429' title='bbox 700 4347 786 4417; x_wconf 90' lang='lat' dir='ltr'><strong>urget</strong></span> <span class='ocrx_word' id='word_1_430' title='bbox 800 4337 1007 4410; x_wconf 81' lang='lat' dir='ltr'><strong>Tertullianus,</strong></span> <span class='ocrx_word' id='word_1_431' title='bbox 1031 4335 1105 4398; x_wconf 89' lang='lat' dir='ltr'><strong>alios</strong></span> <span class='ocrx_word' id='word_1_432' title='bbox 1122 4336 1289 4408; x_wconf 85' lang='lat' dir='ltr'><strong>servabunt,</strong></span> 
     </span>
     <span class='ocr_line' id='line_1_48' title="bbox 87 4420 1289 4503; baseline -0.007 -14"><span class='ocrx_word' id='word_1_433' title='bbox 87 4426 130 4503; x_wconf 72' lang='lat' dir='ltr'><strong>qu</strong></span> <span class='ocrx_word' id='word_1_434' title='bbox 151 4445 217 4490; x_wconf 87' lang='lat' dir='ltr'><strong>snas</strong></span> <span class='ocrx_word' id='word_1_435' title='bbox 240 4427 334 4490; x_wconf 90' lang='lat' dir='ltr'><strong>aedes</strong></span> <span class='ocrx_word' id='word_1_436' title='bbox 357 4443 392 4486; x_wconf 91' lang='lat' dir='ltr'><strong>ac</strong></span> <span class='ocrx_word' id='word_1_437' title='bbox 413 4433 523 4487; x_wconf 83' lang='lat' dir='ltr'><strong>statuas</strong></span> <span class='ocrx_word' id='word_1_438' title='bbox 547 4425 610 4486; x_wconf 92' lang='lat' dir='ltr'><strong>sine</strong></span> <span class='ocrx_word' id='word_1_439' title='bbox 632 4441 837 4496; x_wconf 78' lang='lat' dir='ltr'><strong>caesareorum</strong></span> <span class='ocrx_word' id='word_1_440' title='bbox 859 4421 984 4484; x_wconf 89' lang='lat' dir='ltr'><strong>militum</strong></span> <span class='ocrx_word' id='word_1_441' title='bbox 1000 4420 1129 4482; x_wconf 84' lang='lat' dir='ltr'><strong>excubiis</strong></span> <span class='ocrx_word' id='word_1_442' title='bbox 1141 4421 1216 4482; x_wconf 88' lang='lat' dir='ltr'><strong>tuen&#39;</strong></span> <span class='ocrx_word' id='word_1_443' title='bbox 1228 4439 1289 4482; x_wconf 91' lang='lat' dir='ltr'><strong>non</strong></span> 
     </span>
     <span class='ocr_line' id='line_1_49' title="bbox 87 4504 1289 4589; baseline -0.007 -17"><span class='ocrx_word' id='word_1_444' title='bbox 87 4511 196 4574; x_wconf 74' lang='lat' dir='ltr'><strong>valenti</strong></span> <span class='ocrx_word' id='word_1_445' title='bbox 223 4510 321 4586; x_wconf 82' lang='lat' dir='ltr'><strong>Quid</strong></span> <span class='ocrx_word' id='word_1_446' title='bbox 347 4528 435 4583; x_wconf 80' lang='lat' dir='ltr'><strong>vero,</strong></span> <span class='ocrx_word' id='word_1_447' title='bbox 464 4509 543 4589; x_wconf 85' lang='lat' dir='ltr'><strong>quod</strong></span> <span class='ocrx_word' id='word_1_448' title='bbox 570 4509 677 4589; x_wconf 88' lang='lat' dir='ltr'><strong>templa</strong></span> <span class='ocrx_word' id='word_1_449' title='bbox 705 4516 735 4570; x_wconf 90' lang='lat' dir='ltr'><strong>ct</strong></span> <span class='ocrx_word' id='word_1_450' title='bbox 763 4507 803 4569; x_wconf 92' lang='lat' dir='ltr'><strong>dii</strong></span> <span class='ocrx_word' id='word_1_451' title='bbox 830 4504 912 4568; x_wconf 90' lang='lat' dir='ltr'><strong>multi</strong></span> <span class='ocrx_word' id='word_1_452' title='bbox 939 4505 1070 4584; x_wconf 87' lang='lat' dir='ltr'><strong>pendent</strong></span> <span class='ocrx_word' id='word_1_453' title='bbox 1096 4506 1132 4567; x_wconf 89' lang='lat' dir='ltr'><strong>de</strong></span> <span class='ocrx_word' id='word_1_454' title='bbox 1154 4505 1289 4567; x_wconf 86' lang='lat' dir='ltr'><strong>Caesaris</strong></span> 
     </span>
     <span class='ocr_line' id='line_1_50' title="bbox 87 4589 1289 4675; baseline -0.007 -17"><span class='ocrx_word' id='word_1_455' title='bbox 87 4603 154 4658; x_wconf 82' lang='lat' dir='ltr'><strong>aru</strong></span> <span class='ocrx_word' id='word_1_456' title='bbox 173 4617 205 4662; x_wconf 82' lang='lat' dir='ltr'><strong>ac</strong></span> <span class='ocrx_word' id='word_1_457' title='bbox 223 4593 403 4660; x_wconf 74' lang='lat' dir='ltr'><strong>volonum?</strong></span> <span class='ocrx_word' id='word_1_458' title='bbox 446 4593 545 4675; x_wconf 83' lang='lat' dir='ltr'><strong>ltaque</strong></span> <span class='ocrx_word' id='word_1_459' title='bbox 566 4593 725 4658; x_wconf 88' lang='lat' dir='ltr'><strong>Christiani</strong></span> <span class='ocrx_word' id='word_1_460' title='bbox 745 4592 838 4656; x_wconf 91' lang='lat' dir='ltr'><strong>multo</strong></span> <span class='ocrx_word' id='word_1_461' title='bbox 853 4589 962 4671; x_wconf 90' lang='lat' dir='ltr'><strong>potiori</strong></span> <span class='ocrx_word' id='word_1_462' title='bbox 977 4590 1041 4656; x_wconf 84' lang='lat' dir='ltr'><strong>iure</strong></span> <span class='ocrx_word' id='word_1_463' title='bbox 1055 4611 1110 4671; x_wconf 91' lang='lat' dir='ltr'><strong>pro</strong></span> <span class='ocrx_word' id='word_1_464' title='bbox 1127 4590 1289 4670; x_wconf 89' lang='lat' dir='ltr'><strong>imporato-</strong></span> 
     </span>
    </p>
   </div>
   <div class='ocr_carea' id='block_1_7' title="bbox 0 0 1562 5240">
    <p class='ocr_par' dir='ltr' id='par_1_10' title="bbox 0 0 1562 5240">
     <span class='ocr_line' id='line_1_51' title="bbox 0 0 1562 5240; baseline 0 5"><span class='ocrx_word' id='word_1_465' title='bbox 0 0 1562 5240; x_wconf 95' lang='lat' dir='ltr'><strong> </strong></span> 
     </span>
    </p>
   </div>
  </div>
 </body>
</html>
