3132 5238
241 369 282 432 62
466 381 658 428 nrsssarsrtc
680 381 718 426 ns
740 381 935 428 rnarunnrarr
955 382 1021 426 uri
1042 381 1080 426 ar
1102 381 1232 426 scaurus

242 536 300 598 iam
334 551 412 596 anno
445 532 566 596 cxcix,
597 533 804 596 Monuuistam
836 534 943 598 lachim
969 532 1102 596 coniicit.
1144 531 1206 594 Nec
1231 531 1262 594 id
1282 532 1313 594 in
1335 531 1456 594 dubium
1553 583 1554 602 ,

240 619 372 682 revocari
399 627 497 697 potest
517 618 553 680 ab
575 637 611 680 co
633 619 682 697 qui
702 617 771 680 libri
792 618 816 680 Ι.
839 636 901 697 cap.
923 619 976 683 28.
998 626 1028 679 et
1048 613 1098 680 lib.
1119 615 1171 678 111.
1193 635 1257 696 cap.
1280 619 1331 682 24.
1354 625 1385 678 ct
1405 615 1457 678 lib.

238 705 288 768 tv.
316 705 442 782 111122.
469 713 501 765 et
518 702 614 764 lihv.
638 721 700 782 cap.
726 707 775 767 15.
805 721 871 766 urm
897 702 992 782 aliqua
1013 701 1173 764 attentione
1193 701 1306 781 legerit
1351 699 1457 775 Quid?

190 791 195 808 ’
242 789 321 870 quod
346 787 397 850 lib·
418 787 466 848 IV·
494 806 557 867 cop.
579 790 630 852 22.
659 789 695 850 de
717 787 874 850 Catholicis
895 787 1018 866 loquens
1039 806 1092 848 eos
1121 787 1324 866 psychicorum
1344 805 1458 866 cogno-
1553 825 1554 856 2

241 874 321 936 mine
343 872 485 952 designat,
507 873 586 951 quod
607 871 665 934 illis
686 891 704 934 a
723 872 902 934 Tertulliano
922 871 1099 934 Montanistu
1119 871 1237 952 appingi
1257 871 1377 934 solitum
1398 889 1457 933 oo-

241 968 304 1025 tant
325 958 520 1036 Hieronymus
550 957 581 1018 in
603 957 733 1036 catalogo
761 966 791 1019 ot
817 957 910 1036 quinti
933 956 1026 1018 seculi
1047 957 1156 1020 Auctor
1176 973 1263 1035 quem
1286 955 1341 1018 snb
1361 955 1456 1018 Prae·

242 1043 380 1123 destinati
400 1042 520 1103 nominc
542 1041 666 1120 vulgavit
687 1041 800 1104 clariss.
824 1041 1009 1104 Sirmondus.

326 1127 437 1188 Eodem
460 1125 574 1188 circiter
605 1145 682 1188 anno
711 1127 931 1206 argumentique
953 1125 1057 1189 vicinia
1078 1125 1207 1188 illectum
1228 1125 1289 1188 uult
1307 1124 1455 1186 Bmonius

242 1211 453 1276 Tertullianum
479 1210 636 1289 scripsisse
666 1211 773 1274 librum
801 1212 838 1274 de
859 1210 953 1273 Carne
975 1211 1082 1273 Christi
1105 1219 1135 1272 et
1154 1210 1261 1272 librum
1284 1209 1321 1270 de
1342 1208 1456 1270 111111-

241 1297 371 1360 rectione
400 1295 511 1357 Carnis.
555 1294 642 1357 Certe
676 1304 801 1359 testatur
830 1296 988 1374 Septimius
1022 1315 1084 1375 cap.
1107 1299 1138 1360 2.
1166 1295 1235 1358 libri
1267 1295 1304 1356 de
1339 1293 1456 1354 Resur-

240 1383 372 1446 rectione
394 1380 497 1443 Carnis
524 1380 583 1442 iam
611 1387 672 1442 tum
701 1401 718 1442 a
746 1399 779 1442 se
807 1381 918 1442 editum
951 1380 1087 1442 volumen
1115 1381 1152 1442 de
1174 1379 1268 1442 Carne
1291 1377 1401 1441 Christi
1429 1387 1460 1440 et

242 1485 318 1546 opus
339 1466 479 1528 adversus
499 1465 687 1527 Marcionem.
724 1464 832 1545 lpr'tur,
854 1465 958 1544 inquit,
980 1466 1186 1546 1111111111
1207 1465 1382 1535 haereticus,
1407 1464 1459 1526 de·
1553 1515 1556 1542 ,

241 1554 478 1615 monstravimus
505 1568 563 1631 quo
592 1568 684 1613 coneo
714 1551 918 1612 ocurrecdum
945 1555 986 1612 sit
1012 1550 1154 1621 oschis,
1182 1562 1211 1613 et
1233 1567 1392 1612 occursator
1413 1559 1459 1610 est

241 1641 302 1698 ium
323 1653 379 1698 suo
398 1652 515 1716 quoque
536 1634 636 1696 titulo.
665 1635 711 1696 D'e
732 1635 795 1698 Deo
817 1636 933 1717 quidem
953 1639 1052 1716 unico,
1075 1645 1102 1698 et
1116 1634 1236 1697 Christo
1251 1638 1325 1704 eius,
1347 1633 1460 1694 odoar-
1555 1689 1556 1694 ,

242 1739 295 1784 aas
318 1719 517 1780 Marcionem:
542 1720 576 1781 de
592 1719 689 1781 Corae
711 1737 784 1782 cero
800 1718 928 1791 Domr‘m',
952 1724 1041 1782 etium
1062 1720 1210 1782 odorrem
1233 1717 1457 1801 1111111111-
1554 1715 1557 1796 ζ

242 1823 337 1867 reses.
380 1803 488 1864 Verum
510 1820 547 1863 an
570 1802 673 1864 eodem
696 1821 772 1865 anno
794 1812 949 1884 utrumqne
970 1803 1078 1865 librum
1099 1803 1238 1877 ediderit,
1267 1811 1456 1864 1111111-
1556 1801 1557 1810 ’

242 1889 339 1969 plicat,
360 1887 401 1948 ita
421 1887 536 1948 ridetur
556 1887 711 1948 incertum.

329 1972 418 2046 Quin,
439 1980 472 2034 ut
492 1971 617 2044 videtur,
639 1972 675 2033 de
688 1973 792 2034 Anima
813 1972 862 2052 qni
884 1973 942 2034 iam
964 1981 1042 2034 estat
1062 1972 1137 2034 liber
1157 1972 1194 2034 ab
1209 1991 1245 2033 eo
1260 1973 1356 2036 iuerat
1369 1970 1460 2049 paulo

172 2061 178 2074 '
239 2065 327 2121 antea
351 2057 455 2119 editus.
488 2055 530 2118 De
552 2055 671 2118 Lucano
693 2057 771 2118 enim
793 2057 918 2135 quodam
940 2055 1088 2118 haeretico
1109 2058 1246 2136 loquens,
1269 2057 1318 2136 qui
1340 2055 1372 2116 in
1393 2055 1459 2116 llo-

242 2144 324 2205 mino
345 2161 400 2204 nec
421 2159 539 2203 carnem
559 2159 616 2202 nec
636 2139 777 2214 animam,
811 2141 865 2202 scd
885 2142 1005 2203 tertium
1026 2141 1096 2220 qnid
1117 2149 1355 2204 resurrecturum
1375 2140 1461 2202 arhi-
1557 2203 1558 2216 ,

243 2227 385 2298 trabatur,
408 2226 463 2287 ait:
497 2224 595 2288 Hohet
616 2236 645 2288 et
666 2229 730 2305 ipse
752 2244 771 2287 o
791 2227 878 2288 nobie
897 2226 1102 2307 plenissimum
1125 2228 1160 2290 de
1182 2231 1265 2289 omui
1284 2236 1367 2288 statu
1389 2230 1462 2286 11112.
1557 2223 1558 2236 ’

243 2331 308 2376 moe
323 2311 444 2391 stylum,
467 2329 554 2390 quom
576 2315 608 2372 iu
627 2314 735 2389 primia
757 2311 957 2374 immortalem
978 2322 1094 2375 tuentes
1116 2310 1212 2374 solius
1235 2315 1337 2373 corais
1362 2320 1393 2372 et
1408 2310 1463 2372 ds·
1557 2313 1558 2324 ¹

243 2400 403 2478 [sotionem
424 2399 620 2474 agnoscemus,
643 2408 672 2458 et
694 2397 887 2474 resectionem
910 2414 976 2458 cum
996 2400 1124 2458 11111111
1139 2401 1313 2467 asserturus,
1337 2403 1393 2456 etc.
1414 2394 1462 2455 lta
1557 2465 1558 2472 χ

244 2482 293 2544 illc
314 2481 351 2542 de
372 2479 599 2542 Resurrectione
620 2479 723 2542 Carnis
754 2499 815 2557 cap.
828 2483 869 2554 2.,
891 2480 935 2542 sio
957 2488 986 2541 et
1007 2499 1041 2542 ea
1062 2480 1150 2542 babet
1172 2499 1235 2564 cap.
1257 2483 1307 2544 45.
1330 2478 1398 2540 hhri
1420 2477 1461 2540 de
1556 2481 1558 2496 ¹

243 2565 470 2630 Resurrectione
491 2563 610 2638 Carnis,
639 2582 730 2642 quae,
759 2573 913 2643 antequam
935 2565 972 2626 de
994 2564 1208 2628 resurrectione
1230 2564 1326 2627 carnis
1347 2573 1461 2642 ageret,
1552 2561 1558 2582 '⁴

244 2649 371 2732 probant
396 2648 638 2710 commentarium
661 2648 697 2709 de
718 2648 821 2710 Anima
843 2668 859 2710 a
882 2649 1060 2710 Tertulliano
1084 2649 1175 2711 luisse
1196 2651 1227 2710 in
1247 2651 1342 2712 lucem
1365 2647 1461 2710 emis-

244 2755 321 2798 sum.
363 2734 456 2812 Atque
479 2733 623 2811 equidem,
646 2751 711 2795 curu
734 2733 764 2794 in
785 2733 861 2795 libro
883 2734 919 2794 de
940 2734 1044 2796 Anima
1066 2753 1127 2814 cap.
1144 2736 1195 2798 21.
1217 2752 1235 2795 a
1256 2753 1289 2795 se
1311 2733 1368 2794 iam
1390 2733 1461 2794 edi-

243 2828 303 2882 tam
335 2819 476 2880 adversus
498 2818 673 2880 Marcionem
707 2817 935 2896 disputationem
968 2837 1052 2880 suarn
1085 2827 1311 2893 commemorat,
1343 2819 1464 2880 nonin
1558 2901 1559 2906 ἵ

244 2905 322 2967 uliud
344 2911 458 2982 tempus
481 2902 567 2964 huius
590 2902 656 2964 libri
678 2902 855 2982 conscriptio
878 2903 1062 2982 commodius
1084 2902 1166 2966 reiici
1187 2911 1294 2982 potest
1557 2961 1559 2994 ,

328 2987 442 3050 Notavit
464 2987 576 3049 clariss.
598 2987 740 3067 Rigaltius
762 2988 839 3049 hunc
860 2987 896 3048 de
918 2987 1021 3050 Anima
1042 2987 1149 3050 librum
1170 2989 1280 3067 passim
1302 2987 1332 3048 in
1354 3004 1461 3047 exem·
1558 2995 1559 3018 ³

243 3074 318 3154 plari
339 3072 484 3150 hgohardi
504 3071 626 3134 irtscrihi
648 3071 693 3134 lle
710 3069 949 3144 Consolatione,
973 3089 1059 3152 quem
1081 3072 1196 3134 titulum
1217 3073 1280 3134 1111
1300 3071 1388 3134 luisse
1410 3071 1459 3131 al-
1557 3099 1559 3104 v

197 3209 201 3220 .
243 3157 337 3220 terius
359 3157 458 3234 operis
480 3155 518 3216 de
538 3157 659 3228 hnima,
682 3176 699 3219 a
720 3156 898 3218 Tertulliano
919 3158 1061 3219 adversus
1082 3157 1308 3236 Hermogenem,
1330 3155 1460 3218 enimam
1557 3181 1559 3188 ’

242 3260 280 3304 ex
301 3240 439 3302 materiae
466 3247 607 3318 suggestu
629 3248 766 3302 constare
786 3241 968 3313 delirantem,
991 3241 1092 3319 scripti
1113 3242 1262 3320 propriam
1285 3240 1461 3318 inscriptio-

244 3345 323 3398 nem,
346 3333 375 3386 et
396 3324 425 3384 in
448 3323 537 3386 hodie
557 3332 703 3386 extentam
724 3325 831 3388 librum
853 3343 1006 3404 perperam
1029 3326 1210 3388 translatum.
1247 3328 1363 3398 Verum,
1385 3343 1463 3388 num
1557 3325 1559 3336 '

152 3408 157 3417 '
243 3410 316 3472 satis
339 3408 491 3470 sohda'sit
512 3408 567 3470 riri
588 3409 684 3488 magni
706 3409 882 3483 coniectura,
905 3418 952 3472 est
972 3411 1076 3490 ahquis
1096 3410 1247 3474 dubitandi
1268 3411 1367 3482 locus,
1390 3429 1463 3472 cum
1557 3415 1559 3428 ‘

244 3493 434 3575 potissimum
460 3511 522 3554 non
548 3493 670 3556 11111111
699 3494 814 3556 diversa
835 3503 957 3573 uterque
979 3495 1081 3558 tiudns
1104 3513 1215 3558 sonans
1237 3496 1351 3574 utrique
1373 3497 1463 3574 operi

243 3598 263 3642 a
285 3578 463 3642 Tertnlhono
485 3577 551 3657 ipso
573 3578 702 3657 potuerit
723 3578 859 3640 adscribi.

328 3662 450 3724 Volebat
477 3663 548 3724 11111
574 3663 722 3726 Pamelins
750 3663 906 3742 scripsisse
932 3663 1140 3727 Tertnlhanum
1167 3665 1307 3726 adversus
1329 3663 1460 3726 ludaeos

243 3749 369 3822 librum,
400 3748 559 3824 Saturnino
582 3758 612 3809 et
633 3748 714 3810 Gallo
744 3748 934 3824 consulibus,
966 3749 996 3810 id
1018 3759 1063 3810 est
1085 3768 1162 3811 anno
1184 3749 1330 3810 CXCVlll.
1352 3748 1464 3828 illelius

244 3834 332 3914 longe
364 3833 460 3896 risum
493 3841 539 3916 est
565 3832 691 3895 Barouic
723 3833 801 3895 circa
825 3851 933 3896 annum
962 3833 1081 3897 CCVlll.
1104 3834 1214 3896 editum
1235 3834 1337 3907 luisse,
1369 3833 1465 3912 idque

242 3919 321 3982 bene
337 3917 447 3997 colligit
473 3935 509 3980 ex
529 3917 566 3980 iis
588 3937 663 3997 quae
683 3917 827 3980 hahentur
848 3918 936 3982 huius
955 3918 1024 3980 libri
1046 3936 1108 3998 cap.
1133 3922 1171 3992 7.,
1194 3935 1268 3998 qnae
1289 3918 1401 3980 scihcct
1423 3919 1465 3981 ad

245 4004 365 4066 uitium
386 4001 490 4065 Severi
511 4002 699 4086 imperatoris
721 4021 816 4066 anuos
838 4021 899 4065 non
921 4002 1046 4066 obsone
1066 4004 1218 4066 referenda
1240 4012 1318 4066 sunt

330 4086 394 4148 Hoc
418 4085 484 4166 ipsc
506 4089 569 4150 lero
594 4095 728 4166 ternpore
755 4095 856 4150 contra
877 4088 1094 4151 Volenthrianos
1122 4088 1277 4167 scripsisse
1299 4085 1464 4150 Tertullia-

245 4187 319 4234 num
339 4170 484 4232 cooiioere
506 4180 559 4234 est.
602 4171 745 4251 Equidem
757 4181 833 4244 ,tum
853 4173 1058 4234 hlontanistam
1080 4173 1173 4236 luisse
1193 4191 1259 4234 cunr
1280 4173 1360 4234 hunc
1379 4172 1463 4234 scri-

245 4256 307 4336 psit
327 4253 452 4328 hbrum,
479 4256 504 4318 ai
527 4258 591 4335 quis
613 4275 675 4320 noo
696 4257 876 4332 admitteret,
907 4258 992 4320 lacilo
1014 4275 1049 4318 ex
1070 4258 1107 4319 iis
1129 4258 1238 4320 reuinci
1258 4265 1362 4337 posset
1382 4275 1464 4335 qnae

246 4339 391 4402 habentur
412 4337 500 4401 huius
521 4341 588 4403 libri
610 4360 672 4422 cap.
685 4346 713 4406 5.
737 4343 773 4404 de
793 4341 930 4416 Proculo,
953 4359 990 4402 11
1011 4341 1115 4404 Prodo
1138 4343 1245 4422 potius,
1268 4359 1354 4422 quem
1369 4341 1462 4404 1111-

246 4425 418 4488 tanistarum
436 4426 630 4504 coryphaeum
657 4426 741 4506 sequi
766 4445 801 4488 se
827 4427 901 4489 sella
923 4427 1117 4490 Tertullianus
1137 4427 1177 4490 ita
1198 4427 1384 4507 pronuntiat,
1414 4435 1465 4504 ut,

245 4509 318 4590 quin
339 4509 471 4572 eiusdem
492 4519 588 4572 sectae
608 4512 696 4574 luerit
717 4513 817 4586 homo,
839 4512 887 4574 rix
907 4512 1003 4590 possit
1012 4511 1154 4574 dubitare.

290 4627 297 4642 ·
329 4594 471 4660 Praxean
492 4595 596 4658 deinde
617 4597 738 4678 proprio
753 4595 899 4660 volumine
913 4595 1027 4658 videtur
1040 4615 1205 4678 aggressus,
1227 4597 1311 4661 cuius
1326 4613 1464 4660 ermrern
