3092 5234
448 397 585 443 aucrons
606 398 647 442 to.
669 399 738 442 auc.
759 372 925 443 nossssbr.
1231 383 1294 448 aaa

68 549 230 610 existimat.
273 547 376 626 Neque
409 548 488 608 enim
517 547 565 608 illa
593 548 675 626 prius
704 555 751 608 est
781 539 967 625 aquoquam
989 555 1120 608 veterum
1141 547 1297 628 proposita

66 651 158 712 quam
180 651 197 694 a
218 631 413 693 Constantino
434 631 474 692 ll.
497 631 539 700 tin
562 632 696 692 oratione
718 631 753 692 ad
776 641 947 694 sauctorum
969 640 1086 692 coetum
1108 650 1134 692 c.
1152 634 1214 706 18.)
1237 633 1294 706 cui,

66 718 174 778 velex
202 733 250 786 eo,
279 715 358 794 quod
380 715 532 793 Virgilium
560 715 703 776 cecinisse
739 715 775 775 de
797 716 866 776 lesu
895 715 1002 776 Christi
1031 715 1181 776 nativitate
1208 714 1295 790 dicet,

68 803 108 875 (c
133 803 171 862 19
195 805 273 878 sqq.)
295 806 385 876 patet,
415 817 502 877 quam
524 799 604 858 nullo
625 799 746 877 negotio
768 799 857 859 verba
884 798 948 859 deri
970 798 1006 860 ab
1028 798 1200 860 bominibus
1222 799 1294 860 reli·

67 884 189 962 monem
212 882 393 960 fingentibus
414 883 574 960 potuerint.
608 883 702 960 Atque
724 891 757 944 ut
779 883 887 955 omnia,
910 901 984 960 quae
999 882 1078 954 velit,
1096 882 1295 960 susceperim,

66 985 107 1028 ne
130 967 196 1045 ipsa
217 966 336 1044 quidem
358 965 441 1037 baec,
462 983 538 1044 qaae
560 969 681 1026 suntin
704 967 762 1026 boc
787 967 841 1026 riri
868 967 946 1027 docti
967 974 1141 1044 argumento
1163 965 1294 1039 collecta,

65 1050 235 1112 consistere
272 1055 302 1109 et
337 1067 438 1110 secum
474 1049 644 1109 consentire
680 1059 818 1127 possunt.
875 1050 1083 1128 Antiquissimi
1116 1049 1296 1127 scriptorum

66 1134 323 1204 Christianorum,
361 1133 440 1210 quod
477 1133 651 1193 Guilielmus
678 1133 884 1211 Bevereqiusr
927 1143 957 1194 et
987 1134 1064 1194 Guil.
1098 1133 1296 1194 Wbistoous·

64 1218 169 1278 multis
205 1216 322 1286 docent,
359 1217 427 1288 bos,
455 1234 532 1294 quos
561 1215 716 1294 appedant,
753 1217 846 1277 libros
874 1217 1035 1295 Sibyllinos
1067 1216 1292 1294 antiquissimos

65 1301 262 1372 confitentum
299 1317 334 1359 ex
369 1317 428 1378 quo
460 1301 629 1360 necessaria
662 1299 874 1362 consecutione
902 1301 1043 1372 efficitur,
1079 1299 1204 1362 multum
1240 1319 1295 1362 eos

65 1386 203 1445 diuersos
224 1383 317 1444 luisse
339 1383 375 1442 ab
396 1383 454 1456 bis,
478 1383 527 1461 qui
550 1385 657 1444 horum
678 1401 787 1444 nomen
810 1393 917 1445 nostro
939 1394 1073 1463 tempore
1100 1385 1295 1456 mentiuntur,

64 1469 117 1546 qui
155 1467 213 1545 ipsi
249 1467 417 1526 adversario
453 1467 590 1527 videntur
622 1467 739 1527 saeculo
767 1487 798 1546 p.
828 1468 859 1529 C.
882 1468 917 1529 N.
955 1467 1087 1529 secundo
1125 1467 1294 1544 compositi.

66 1550 169 1623 Quid?
201 1550 279 1611 idem
307 1549 365 1621 ille,
398 1551 516 1628 dequo
538 1550 717 1628 quaerimus,
754 1549 964 1620 Tertullianus,
1001 1570 1068 1612 cum
1091 1559 1224 1628 tempore
1247 1569 1294 1623 eo,

64 1653 125 1712 quo
147 1634 281 1712 proxime
304 1633 405 1694 aberat
425 1652 442 1693 a
464 1634 629 1694 delectione
650 1652 714 1706 sua,
736 1633 766 1693 in
788 1634 864 1696 libro
892 1635 929 1696 ll.
951 1635 988 1696 ed
1010 1634 1152 1696 Nationes
1181 1637 1218 1707 (c.
1244 1637 1294 1698 ta.

64 1736 96 1796 p.
120 1721 170 1780 76.
193 1718 227 1778 n.
252 1720 302 1779 77.
326 1718 371 1792 b.)
394 1716 598 1796 antiquissima
620 1717 688 1778 dicit
712 1717 839 1796 Sibyllae
859 1719 956 1791 ellata,
977 1719 1114 1796 potuitne
1135 1717 1225 1796 igitur
1245 1717 1295 1778 ille

63 1801 159 1862 libros
182 1799 342 1878 Sibydinos
364 1819 379 1860 a
401 1801 542 1861 Montano
565 1802 612 1861 rel
632 1801 730 1879 aliquo
758 1802 857 1880 gregis
886 1803 972 1864 istius
995 1803 1145 1880 proiectos
1166 1799 1295 1879 putare?

66 1886 171 1962 Neque
192 1901 262 1943 rero
285 1884 443 1962 quidquam
466 1884 573 1963 probat
593 1886 717 1946 alterum
745 1885 826 1956 illud,
862 1887 941 1964 qnod
963 1886 1001 1947 de
1022 1884 1294 1948 charismateblli-

65 1969 133 2028 xius
156 1967 283 2038 subiicit,
317 1967 400 2028 cuius
431 1987 480 2028 mc
508 1969 603 2029 lateor
629 1987 690 2030 non
719 1970 793 2030 satis
821 1969 977 2031 dilucidam
1006 1969 1093 2030 citato
1116 1986 1142 2028 c.
1164 1972 1206 2032 ad
1228 1985 1293 2028 me-

64 2050 191 2112 moriam
213 2050 355 2122 inrenire‚
378 2051 458 2112 acsi
480 2052 655 2124 inveniatur,
678 2061 737 2113 tam
752 2055 886 2130 prolecto
909 2071 969 2113 nco
985 2059 1167 2130 sequeretur·
1183 2050 1291 2112 librum

66 2131 104 2195 de
120 2135 271 2213 baptismo
295 2153 330 2194 cx
353 2134 468 2195 officina
490 2135 661 2198 Tertulliani
683 2137 879 2197 llontanistae
901 2138 995 2198 luisse
1015 2153 1181 2214 egressum,
1204 2153 1292 2213 quam

62 2217 135 2280 illud
157 2218 219 2278 dici
237 2218 274 2278 de
294 2218 372 2278 libro
394 2235 485 2296 super
507 2220 689 2297 Spectaculis
719 2238 778 2280 nou
807 2229 915 2298 potest,
946 2220 997 2298 qui
1029 2228 1075 2280 est
1094 2219 1173 2281 baud
1194 2218 1293 2290 dubie,

63 2311 99 2363 ut
119 2301 187 2362 alibi
204 2301 406 2374 ostendebam,
430 2311 497 2363 ante
513 2304 578 2364 eius
601 2303 796 2364 delectionem
819 2313 965 2365 exaratos.
995 2303 1037 2364 Ac
1051 2321 1088 2364 ne
1111 2302 1180 2380 quid
1202 2319 1292 2379 prae-

64 2393 214 2446 tereamus
236 2385 367 2456 silentio,
389 2405 448 2464 quo
471 2396 574 2465 posset
595 2387 660 2464 quis
682 2389 780 2465 aliquo
803 2387 892 2448 modo
914 2387 983 2448 buic
1004 2387 1138 2464 opinioni
1152 2386 1293 2446 adversae

64 2470 140 2530 libro
162 2476 268 2529 nostro
291 2469 328 2529 de
349 2469 502 2548 baptismo
524 2471 677 2530 veritatem
699 2471 866 2540 conciliare,
889 2472 1018 2532 fortasse
1039 2477 1144 2548 posset
1165 2469 1292 2530 excitare

65 2573 91 2614 c.
114 2555 165 2616 20.
194 2553 284 2613 buius
309 2551 409 2625 libelli,
446 2554 476 2613 in
505 2571 564 2632 qno
593 2571 726 2631 magnam
750 2553 947 2614 Tertullianus
976 2572 1044 2614 esse
1072 2555 1112 2613 ait
1138 2553 1293 2614 utilitatem

64 2636 258 2698 abstinentiae
285 2654 302 2696 a
330 2636 402 2698 cibis
432 2638 468 2698 ad
497 2637 646 2696 evitandas
673 2637 784 2714 peccati
818 2637 1063 2709 sollicitationes;
1099 2635 1178 2712 quod
1202 2634 1293 2695 videri

63 2729 169 2799 posset
190 2720 379 2780 consentiens
402 2739 468 2782 cum
490 2719 626 2780 laudibus
649 2719 763 2780 inediae
796 2719 843 2792 iis,
882 2738 956 2798 quas
978 2719 1142 2780 decantavit
1163 2719 1193 2776 in
1215 2716 1292 2777 libro

63 2806 102 2864 de
122 2802 256 2864 ieiuniis.
292 2803 385 2881 Magis
408 2803 494 2863 etiam
519 2804 589 2865 illud
612 2813 658 2863 est
680 2811 861 2879 suspectum,
884 2821 951 2863 cum
971 2821 1034 2881 cap.
1057 2805 1086 2866 8.
1110 2807 1184 2862 extr.
1200 2801 1292 2860 dicat:

64 2889 134 2966 lqoi
155 2891 326 2949 desiccetur
350 2888 445 2957 bomo,
473 2891 525 2964 qui
543 2899 616 2966 post
638 2889 817 2964 baptismum
839 2886 946 2948 delicto
968 2894 1135 2948 restaurat.
1178 2884 1217 2943 bt
1237 2901 1292 2944 ne·

65 2990 123 3050 que
145 2972 203 3032 boc
224 2980 382 3047 utrumque
408 2971 559 3030 decretum
587 2969 740 3031 abborruit
766 2987 784 3030 a
811 2969 965 3048 disciplina
992 2978 1073 3029 recte
1101 2965 1293 3028 sentientium

65 3056 118 3126 sic,
141 3066 174 3116 ut
194 3053 347 3132 proprium
371 3062 454 3113 esset
474 3053 728 3114 ilontanistarum.
771 3053 844 3113 Nam
872 3053 902 3113 in
930 3053 982 3112 illo
1004 3051 1123 3130 quidem
1145 3049 1294 3128 superiori

64 3139 142 3218 quod
165 3137 279 3200 admitti
300 3154 361 3196 nco
385 3137 516 3214 potuerit
537 3137 610 3198 nibil
632 3145 688 3207 est,
711 3137 827 3197 etiarnsi
856 3137 922 3197 aliis
945 3137 976 3198 in
997 3135 1071 3196 locis
1094 3133 1292 3196 Tertullianus

63 3224 188 3282 nimium
211 3221 280 3282 huic
301 3219 497 3281 abstinentiae
519 3220 644 3290 tribuam
672 3228 702 3280 et
730 3221 787 3281 boc
811 3221 857 3281 rei
878 3221 916 3282 ab
937 3219 1011 3298 ipsis
1033 3217 1211 3296 quibusdam
1240 3236 1292 3278 or-

63 3307 212 3366 tbodoxae
244 3305 394 3365 Ecclesiae
426 3304 551 3365 addictis
589 3303 723 3383 quamvis
760 3304 861 3382 inepto
906 3322 997 3365 sensu
1039 3304 1195 3363 defensum
1237 3307 1293 3372 est,

64 3399 97 3451 ut
119 3397 225 3468 postea
247 3388 411 3460 docebitur,
434 3389 479 3448 vel
502 3388 563 3450 dici·
581 3387 738 3449 commode
759 3387 855 3466 potuit
877 3387 914 3448 de
936 3388 989 3459 iis,
1013 3387 1063 3465 qui
1086 3394 1157 3466 post
1177 3385 1293 3463 baptis-

63 3492 144 3534 mum
167 3473 203 3533 ad
228 3473 316 3532 vitam
336 3472 458 3551 impiam
473 3473 561 3535 delati
583 3473 677 3533 daea
700 3473 882 3534 emendanda
903 3491 963 3533 aon
985 3471 1124 3549 cogitant.

588 3659 617 3730 s.
641 3654 768 3716 xxxvi.

149 3771 208 3833 Sed
231 3791 284 3850 age
305 3771 459 3834 audiamus
482 3772 570 3833 etiam
593 3789 646 3830 eos
661 3771 748 3849 louge
764 3770 877 3848 plures,
901 3769 950 3848 qui
967 3769 1003 3829 de
1019 3767 1172 3848 baptismo
1184 3764 1292 3826 librum

65 3857 206 3934 scriptum
230 3862 296 3916 ante
319 3855 491 3916 Tertulliani
513 3855 715 3916 secessionem
739 3873 798 3912 uno
820 3873 873 3914 ore
895 3855 1082 3913 confitentur.
1126 3849 1159 3910 ln
1186 3847 1293 3926 quibus

65 3943 183 4016 ineptus
213 3947 260 4000 est
286 3959 370 4000 error
397 3959 517 4009 eorum,
548 3945 683 4016 tanquam
712 3937 849 4007 Pamelii,
877 3937 939 4016 qui,
974 3940 1133 4014 praeeunte
1165 3931 1294 4010 quodam

64 4024 154 4084 modo
177 4022 371 4100 Epiphanim,
396 4023 565 4095 Quintillum
589 4039 663 4094 eam,
693 4038 767 4098 quae
798 4019 885 4081 boios
905 4021 980 4100 *libri
1009 4015 1216 4078 conscribendi
1239 4025 1292 4074 oc:

65 4107 215 4168 casiooem
238 4106 334 4179 dedit,
358 4125 393 4166 ex
416 4105 569 4184 disciplina
585 4103 829 4164 Montanistarum
852 4111 956 4182 putant
971 4102 1075 4171 luisse,
1098 4098 1145 4159 cui
1167 4097 1293 4158 lemioac

65 4211 130 4252 cum
168 4208 201 4248 se
234 4189 322 4250 ctiam
356 4190 541 4250 contumeliis
575 4187 750 4267 opposuerit
776 4187 986 4254 Tertullianus,
1022 4189 1197 4261 sequeretur
1224 4199 1292 4240 eum

65 4284 135 4346 tum,
165 4292 230 4334 com
259 4273 338 4334 bunc
364 4272 471 4335 librum
494 4273 712 4352 perscriberet,
739 4269 833 4332 adbuc
863 4289 879 4330 a
907 4267 1042 4346 partibus
1064 4265 1212 4327 Ecclesiae
1232 4283 1292 4344 pu-

97 4457 128 4494 m.
154 4443 180 4492 lo
200 4441 289 4491 Codice
307 4443 432 4492 Cancrum
452 4440 574 4490 Ecclesiae
598 4440 650 4504 pri·
703 4437 851 4486 Vindication
869 4437 897 4485 oi
912 4437 953 4485 tbe
971 4421 1091 4498 Sibyllina
1104 4435 1212 4486 Oraclat.
1230 4433 1291 4482 Pro·

68 4513 160 4559 militae
179 4509 220 4558 lib.
241 4509 257 4556 l.
278 4525 299 4557 c.
321 4509 351 4557 ld
377 4504 394 4572 ἦ
421 4509 501 4570 lsqq
704 4519 756 4569 pos.
779 4503 818 4552 10.
838 4517 860 4566 p.
880 4503 913 4552 ³6
929 4518 959 4566 sq

98 4593 119 4626 o.
144 4577 171 4628 lu
194 4576 255 4626 libro
280 4589 380 4626 suorum
404 4576 475 4625 latita
500 4575 607 4637 optimo:
632 4575 649 4622 1
736 4587 759 4622 ο.
779 4571 849 4621 itaer.
867 4569 911 4624 tt.
928 4585 953 4622 n.
974 4571 996 4620 1.
1015 4568 1039 4620 T.

98 4661 114 4704 Τ
117 4673 377 4706 aaaaaaaaaaaaaaaaa
392 4671 406 4704 o
409 4671 492 4704 ιιιιιι
522 4658 586 4702 Tum.
598 4657 638 4702 tlt.
1051 4649 1085 4700 38
