3082 5238
201 389 205 398 =
243 361 308 428 388
328 377 366 421 na
380 373 454 418 ram
467 372 580 416 marre
595 371 630 418 rc
645 369 793 417 noemma
808 369 998 416 normannos
1014 369 1210 414 nossoncour
1225 369 1399 416 nnrornrro

767 555 796 630 t·
823 551 950 614 xxxiv.

332 672 425 738 Primi
446 669 565 752 generis
587 667 665 730 band
688 669 777 730 dubie
799 667 856 732 dici
877 677 978 750 potest
998 667 1074 730 liber
1096 667 1132 730 de
1149 668 1311 741 Oratione·
1328 670 1391 748 qui,
1414 669 1470 732 nisi

248 762 436 824 vehementer
457 755 550 826 lallor,
573 752 688 834 primus
711 760 759 815 est
779 753 911 814 omnium
926 751 1100 814 Tertulliani
1117 752 1167 832 qui
1183 760 1306 816 aetatem
1329 752 1469 824 tolerunt,

247 861 412 924 magnoque
433 838 565 902 omnium
587 855 747 908 consensu,
775 835 800 898 si
823 835 859 898 ab
881 835 1059 898 Hoffmanno
1081 835 1256 898 discesseris
1264 848 1284 908 ·,
1312 837 1399 898 unios
1424 837 1469 898 in·

246 936 357 992 tererat
378 923 477 986 omnia
498 919 671 984 Tertulliani
693 920 860 1000 scriptaad
881 939 949 984 erun
964 919 1173 981 Montanistam
1188 921 1310 992 reterre,
1331 920 1366 982 in
1386 919 1469 982 libris

248 1011 384 1076 castioris
406 1006 558 1070 doctrinae
580 1011 762 1068 numeratur.
804 1003 899 1082 Atque
926 1004 950 1064 si
978 1005 1054 1064 forte
1083 1013 1224 1082 suspecta
1250 1013 1297 1066 est
1317 1003 1393 1064 tides
1418 1003 1469 1064 lli-

245 1096 310 1158 larii
324 1087 598 1168 Pictaricnsis,'qni
613 1088 754 1167 scripturn
766 1088 846 1148 bunc
859 1087 990 1148 libellum
1005 1095 1071 1148 ante
1086 1085 1258 1150 Tertulliani
1275 1087 1471 1150 deteenonen

247 1199 307 1242 non
330 1177 458 1238 obscure
479 1172 639 1252 significat,
663 1178 760 1234 tamen
781 1171 812 1230 in
833 1170 909 1234 libro
937 1171 1002 1250 ipso
1033 1179 1078 1232 tot
1106 1178 1175 1232 sunt
1196 1181 1284 1232 notae
1306 1173 1469 1234 sententia-

245 1281 313 1328 rum
340 1261 523 1322 diversarum
553 1256 589 1317 ab
617 1255 666 1328 iis,
703 1273 777 1336 quas
805 1263 908 1334 postea
937 1254 968 1317 in
997 1252 1116 1332 scriptis
1145 1255 1296 1316 erroribus
1318 1255 1469 1317 Montani-

246 1355 358 1410 starnm
380 1342 496 1406 iniectis
530 1338 670 1411 defendit,
704 1347 736 1400 ut
768 1337 835 1400 libri
858 1339 945 1400 istius
968 1337 1102 1399 doctrina
1124 1339 1236 1400 nemini
1260 1339 1299 1400 sit
1319 1339 1358 1400 ad
1381 1359 1469 1418 repe-

246 1430 383 1492 riendum
410 1424 547 1496 difficilis,
581 1422 631 1503 qui
658 1438 839 1502 comparare·
859 1431 1053 1502 utrorumque
1083 1423 1245 1484 sententias
1274 1421 1353 1484 velit.
1400 1423 1473 1484 nam

248 1514 377 1594 primurn
399 1518 523 1589 quartae
544 1505 609 1568 bic‘
629 1514 699 1568 sunt
720 1505 823 1567 laudes
850 1505 949 1586 operis
971 1505 1097 1568 Hermae
1126 1506 1205 1584 quod
1228 1506 1335 1568 Pastor
1359 1507 1470 1568 inscri-

245 1597 336 1670 bitur,
373 1612 440 1656 cnm
469 1590 713 1652 consuetudinem
741 1589 914 1652 considendi
942 1589 1024 1650 finita
1051 1589 1186 1650 oratione
1218 1589 1414 1652 observatum
1440 1591 1473 1652 ab

247 1681 355 1742 Herma
377 1696 437 1738 non
458 1693 559 1736 secum
586 1693 718 1754 pugnare
746 1672 886 1745 ostendit,
919 1673 999 1752 quod
1026 1675 1093 1751 sere
1120 1677 1316 1754 scripturum,
1347 1693 1392 1746 ar,
1428 1681 1474 1746 tue

247 1763 319 1826 illud
353 1764 421 1840 sere
453 1759 568 1820 cuidam
596 1757 734 1818 invidiam
761 1765 881 1834 nostrae
910 1757 1075 1818 sententiae
1104 1765 1230 1834 moreat)
1257 1767 1364 1838 postea
1395 1765 1475 1822 scri-

244 1858 371 1928 pturom
405 1862 532 1924 prorsus
569 1838 719 1922 appellat?
784 1841 870 1914 Quod
913 1841 1027 1902 umetsi
1063 1860 1124 1900 non
1157 1841 1202 1902 sic
1237 1841 1370 1920 ceperint
1410 1863 1475 1904 urm

248 1929 428 1992 lluratorio¹
450 1927 584 2005 aliisque,
607 1926 691 2004 quasi
715 1924 913 1986 Tertullianus
935 1923 1062 1986 Hermae
1082 1925 1175 1986 libros
1205 1926 1314 1986 reserat
1335 1925 1368 1988 in
1391 1926 1475 1988 libris

246 2013 282 2074 N.
305 2013 340 2074 T.
363 2011 512 2075 canonicis
535 2009 678 2089 (loquitur
710 2009 789 2069 enim
820 2028 855 2070 ex
882 2027 966 2070 more
997 2008 1089 2086 magis
1117 2009 1355 2095 aduersariorum
1386 2031 1474 2088 quam

249 2105 334 2174 suo),
372 2105 470 2158 tamen
499 2113 560 2155 non
588 2093 751 2153 contemnit
771 2091 898 2152 Hermae
920 2092 1135 2165 auctoritatem,
1169 2093 1221 2154 sed
1244 2091 1300 2153 sibi
1324 2095 1473 2159 conciliat

240 2181 335 2258 ¹longe
358 2197 446 2240 secus
474 2185 562 2256 atque
591 2176 619 2236 in
649 2175 726 2236 libro
754 2176 791 2237 de
813 2175 955 2236 Pudicitia
982 2178 1019 2249 (e.
1046 2180 1084 2240 10
1106 2184 1136 2237 et
1157 2179 1232 2252 20.)‚
1260 2176 1291 2237 in
1319 2196 1383 2256 quo
1417 2198 1475 2239 non

246 2264 337 2326 modo
359 2263 486 2322 Hermae
509 2261 593 2320 ellata
616 2258 759 2338 repudiat,
783 2259 836 2320 sed
858 2259 993 2338 spurium
1020 2258 1090 2320 illud
1115 2260 1252 2322 ominbus
1274 2263 1475 2322 consentien-

246 2347 326 2409 tibus
349 2345 491 2423 scriptum
514 2342 639 2420 appellat
668 2351 698 2404 et
725 2341 806 2404 illurn
827 2343 1030 2406 moecdortuu
1041 2343 1207 2405 Pastorem.
1264 2345 1354 2416 Quod
1379 2347 1474 2406 miror

247 2435 451 2508 argumentum
474 2427 610 2488 miratum
632 2427 662 2486 in
684 2427 789 2486 Allixio
812 2426 905 2488 luisse
926 2427 1137 2508 llollmannum
1160 2422 1392 2502 existimantem,
1419 2449 1477 2490 non

247 2513 412 2592 exagitasse
435 2509 646 2571 Tertullianum
673 2510 704 2571 in
732 2518 837 2572 nostro
867 2509 965 2572 libello
987 2510 1112 2572 Hennae
1134 2511 1289 2573 Pastorem
1312 2523 1478 2592 propterea

247 2597 325 2676 quod
348 2595 404 2656 sibi
426 2593 552 2675 Hermae
575 2593 734 2654 auctoritas
763 2612 824 2654 non
853 2602 964 2655 tanturn
993 2593 1159 2657 obstitisset
1186 2614 1271 2674 quarn
1302 2604 1380 2670 tum,
1413 2619 1477 2658 urm

247 2687 380 2742 exararet
395 2677 506 2739 librum
529 2677 565 2738 de
587 2677 737 2750 Pudicitia,
766 2695 856 2756 quare
878 2695 933 2738 nec
954 2677 1058 2740 luisset
1079 2696 1214 2752 necesse,
1245 2687 1279 2740 nt
1307 2679 1376 2742 eius
1407 2701 1477 2760 pre-

249 2763 321 2824 tium
349 2763 484 2826 elevaret
527 2761 600 2822 Nam
624 2759 739 2823 etiamsi
767 2779 829 2821 non
857 2779 999 2840 negamus
1027 2763 1121 2841 magis
1152 2761 1351 2824 adversariam
1380 2765 1479 2828 luisse

248 2847 372 2910 Hermae
406 2845 611 2908 auctoritatem
642 2845 823 2907 Tertulliano
854 2843 883 2906 in
914 2844 1003 2906 rebus
1034 2846 1082 2918 iis,
1120 2865 1244 2924 quarum
1276 2847 1398 2910 mentio
1437 2861 1480 2910 est

248 2931 354 2994 iniecta
376 2931 407 2992 in
427 2929 527 2992 libello
550 2929 587 2990 de
601 2928 754 3000 Pudicitia,
779 2928 841 2990 eius
863 2935 960 2990 umen
984 2929 1020 2989 de
1035 2929 1143 2992 Herma
1165 2929 1304 2992 iodicium
1317 2931 1352 2991 in
1369 2945 1479 2994 nostru

246 3014 283 3076 de
306 3015 447 3077 Oratione
468 3013 544 3074 libro
567 3031 627 3073 non
651 3011 748 3073 solnm
770 3013 863 3073 multo
896 3021 943 3073 est
970 3013 1081 3084 mitius,
1112 3013 1164 3074 sed
1198 3013 1237 3074 ita
1267 3027 1482 3094 comparatum

123 3102 129 3114 '
246 3097 343 3171 etiam,
366 3106 399 3159 ut
419 3097 485 3176 ipse
497 3095 622 3158 Hermae
644 3097 846 3158 auctoritatem
870 3113 930 3156 non
953 3097 1090 3158 onirmse
1112 3098 1310 3159 contemsisse
1328 3101 1482 3162 rideatur.

244 3181 285 3243 nc
306 3181 376 3244 illud
398 3184 466 3260 sere
487 3185 652 3261 scripturo,
675 3180 754 3259 quod
775 3181 833 3240 nm
855 3179 943 3242 buius
965 3181 1129 3258 argumenti
1158 3182 1290 3243 minnere
1312 3181 1483 3246 Hoffman-

244 3283 302 3328 nus
335 3263 514 3337 arbitratur,
551 3264 624 3324 satis
657 3272 704 3324 est
737 3263 772 3324 ab
809 3282 845 3324 eo
874 3263 974 3344 inepte
1002 3265 1176 3343 explicatum
1205 3265 1258 3339 sic,
1295 3277 1332 3328 ut
1364 3277 1484 3331 temere

244 3347 480 3411 dicereroluerit
493 3345 715 3421 Tertullianum,
737 3366 847 3409 nomen
858 3347 990 3409 Pastoris
1004 3349 1131 3409 Hermae
1152 3349 1250 3411 libello
1261 3350 1398 3430 imponi,
1418 3373 1483 3415 mm

246 3429 318 3491 illud
346 3449 455 3492 nomen
485 3430 563 3491 nullo
591 3430 681 3492 modo
709 3440 874 3504 mereatum
910 3450 976 3492 nam
1005 3431 1075 3493 illud
1105 3433 1173 3512 sere
1196 3437 1369 3514 conplura,
1404 3449 1484 3499 certe

246 3522 292 3578 est
313 3515 351 3576 ita
375 3513 604 3593 intelligendum,
626 3515 777 3576 Hermiani
799 3513 890 3576 libelli
912 3517 1116 3577 auctoritatem
1144 3519 1206 3579 lere
1228 3517 1359 3580 eandem
1393 3541 1485 3602 quam

244 3617 397 3661 sacrorum
419 3597 562 3660 librorum
583 3599 690 3677 putari,
712 3600 792 3680 qood
814 3599 911 3678 ipsum
934 3617 969 3660 ex
993 3619 1028 3660 eo
1051 3609 1140 3680 patet,
1174 3602 1252 3680 quod
1275 3621 1347 3663 cum
1372 3619 1486 3684 postea

242 3701 368 3762 prorsus
390 3687 576 3764 empturum
604 3683 688 3756 dicat,
719 3701 814 3762 neque
842 3684 886 3744 sic
913 3701 991 3756 eum,
1021 3693 1053 3744 ot
1080 3685 1196 3764 opinor,
1226 3685 1435 3766 appellasset,
1464 3693 1487 3750 si

244 3775 301 3830 tam
325 3767 381 3848 ipsi
406 3775 572 3828 contemtus
595 3765 720 3827 Hermas
743 3767 859 3839 luisset,
889 3782 976 3844 mam
1006 3777 1068 3828 erat
1090 3775 1223 3848 tempore
1246 3773 1428 3852 conscripti
1453 3775 1485 3834 de

243 3849 385 3916 Pudicitia
406 3849 485 3910 libri.
532 3848 591 3910 Sed
614 3858 684 3912 sunt
705 3849 753 3910 bic
774 3851 861 3911 etiam
883 3849 938 3911 alia
961 3849 1131 3914 Tertulliani
1154 3853 1230 3914 dicta
1253 3853 1392 3918 multum
1422 3859 1484 3920 dis-

242 3935 392 4014 crepantia
419 3933 455 3994 ab
487 3933 536 4007 iis,
558 3951 632 4014 quae
654 3933 685 3994 in
700 3933 1010 3996 librisllontanisticis
1024 3937 1191 4016 proposuit,
1215 3955 1290 4015 quae
1306 3942 1486 4003 ostendunt

243 4017 416 4088 clarissime,
438 4025 501 4078 tum
521 4017 608 4096 longe
624 4017 708 4079 aliam
731 4019 824 4080 luisse
836 4016 1009 4080 Tertulliani
1033 4019 1216 4100 disciplinam
1239 4039 1332 4100 quam
1358 4037 1487 4104 postea

243 4101 384 4163 Videlicet
405 4101 537 4162 sectione
562 4103 610 4165 18.
635 4105 677 4180 lp.
699 4104 750 4165 35.
773 4102 877 4162 Murat.
906 4121 972 4164 com
1000 4103 1129 4183 disputat
1144 4104 1287 4165 adversus
1311 4126 1388 4182 eos,
1426 4111 1486 4190 qni.

243 4183 311 4244 dum
334 4203 368 4244 se
390 4185 455 4246 cibo
478 4184 676 4258 abstinebant,
698 4204 754 4246 nee
775 4185 849 4248 alios
872 4185 1008 4248 solebant
1029 4189 1131 4250 osculo
1160 4189 1299 4267 excipere
1323 4211 1413 4266 non,
1439 4196 1485 4256 ait

242 4270 304 4328 nisi
324 4269 369 4330 dte
391 4267 532 4342 Puscbue,
555 4288 611 4350 quo
635 4273 799 4330 communis
823 4281 851 4332 et
880 4275 968 4350 quusi
990 4271 1115 4350 pubb'co
1142 4276 1249 4334 inuno·
1275 4274 1399 4357 retr'pr'o
1434 4293 1488 4346 est,

276 4432 298 4466 e.
317 4415 441 4468 Dissertat.
461 4421 523 4470 citat.
542 4417 566 4486 ἦ.
582 4421 624 4470 111.
644 4437 668 4486 p.
687 4420 718 4471 31
738 4435 774 4485 sq.
841 4421 845 4438 ⁶
880 4419 1489 4492 eblbliotbeoaebmbroslarisewilicaintegra·

268 4484 292 4562 ¹t.
318 4481 344 4534 C.
358 4481 396 4562 13.
414 4485 471 4536 edit.
489 4487 547 4536 lud.
566 4487 618 4538 dut
638 4487 760 4538 llumtorii
779 4503 825 4554 qna
878 4487 952 4539 edidit
971 4488 995 4537 in
1006 4489 1134 4538 anecdotis
1143 4489 1234 4539 Latinis
1243 4489 1376 4546 Tunnlll.
1388 4497 1490 4562 μθεφ

240 4553 825 4616 uttmnr‚qmnostmmlibeltomauteamutilnm
912 4569 934 4617 g.
953 4555 978 4605 L.
997 4569 1018 4606 c.
1037 4563 1087 4606 net.
1105 4555 1130 4607 a.
1148 4571 1173 4622 p.
1192 4555 1233 4606 31.
