3114 5240
417 379 420 386 ·
474 373 608 418 lucrosa
629 373 688 418 nac.
710 374 747 418 cs
769 373 895 423 sonans.
1205 355 1208 367 ’
1244 361 1288 428 87

82 544 136 588 non
159 523 363 603 intellegentes
386 522 468 586 illum
489 523 525 586 ad
546 543 602 588 nos
624 524 681 586 iarn
703 526 822 588 venisse
844 483 1053 590 inliciebantur.
1083 529 1175 591 Tanta
1188 509 1288 594 autem

84 620 141 672 arat
162 628 268 670 eorum
299 607 440 682 caecitas,
469 610 646 688 perversitas
669 617 699 672 et
718 611 862 689 nequitia,
885 620 917 672 ut
936 611 1014 674 hunc
1032 613 1143 692 magiae
1164 632 1287 677 accusa-

83 696 181 768 verint,
203 693 255 773 qui
276 693 364 755 editis
385 693 532 756 miraculis
555 711 588 756 se
610 689 707 776 λόγον
727 694 781 756 Dei
801 695 896 774 palam
918 693 1098 758 ostendebat.
1128 698 1200 760 Cum
1214 718 1284 760 aero

82 779 195 842 caelesti
228 796 282 840 sua
304 778 437 840 docmina
457 778 600 857 plurimos
623 779 659 840 ad
681 799 714 840 se
735 779 873 855 alliceret,
905 789 975 842 tunc
1007 782 1167 860 exasperati
1203 783 1286 846 illum

82 863 250 926 obtulerunt
268 862 374 925 Pontio
394 862 488 924 Pilato
521 862 557 924 ab
591 882 685 943 eoque
705 864 843 926 violentia
864 865 1071 945 suffragiorum
1092 873 1286 942 extorserunt,

84 960 111 1010 ut
131 947 229 1022 muci,
257 947 502 1026 quemadmodum
521 947 570 1009 ille
591 947 788 1026 praedixerat,
816 949 991 1029 affigeretur.
1033 949 1078 1012 Eo
1100 958 1197 1014 sutem
1216 971 1285 1014 mc-

83 1035 174 1094 riente
205 1033 281 1094 lacta
307 1040 353 1094 est
384 1030 500 1094 insolita
521 1032 608 1110 plane
627 1033 700 1096 solis
722 1033 862 1108 delectio,
891 1033 927 1095 ab
948 1034 1053 1096 iisdem
1074 1033 1204 1108 ludaeis,
1235 1036 1287 1115 qiri

83 1137 142 1180 eam
170 1136 186 1178 a
215 1115 369 1196 prophetis
396 1115 594 1178 annuntiatam
619 1116 804 1190 nesciebant,
833 1118 866 1178 ¹in
900 1119 1013 1180 arcanis
1041 1119 1104 1180 suis
1131 1119 1296 1198 descripta..

83 1203 121 1264 lb
142 1202 202 1263 illis
223 1219 315 1280 porro
337 1219 446 1279 corpus
467 1200 530 1263 eius
553 1201 687 1280 sepulcro
710 1211 756 1265 est
777 1203 936 1264 conditum.
973 1203 1032 1264 Sed
1054 1222 1120 1264 cum
1141 1203 1225 1264 tertia
1240 1203 1289 1266 die

85 1286 255 1348 mirabiliter
274 1285 494 1358 resurrexisset,
527 1285 698 1365 subreptum
720 1305 736 1348 a
758 1285 909 1365 discipulis
931 1287 1139 1350 iactitaverunt
1181 1287 1219 1348 At
1239 1288 1288 1350 ibe

85 1371 226 1433 redivimus
248 1370 343 1431 turbis
366 1389 399 1432 se
419 1368 574 1444 subduxit,
607 1389 641 1432 ac
661 1371 798 1449 per’dies
819 1371 1008 1450 quadraginta
1029 1390 1095 1434 cuna
1116 1371 1289 1451 quibusdem

84 1455 233 1535 discipulis
255 1463 444 1516 conrematus
467 1473 519 1516 eos
549 1455 680 1516 doctriua
702 1455 809 1534 ubique
830 1455 1000 1534 divulganda
1021 1455 1140 1528 imbuit,
1167 1476 1201 1518 ac
1221 1463 1291 1535 post

85 1542 152 1602 haec
179 1540 357 1614 circumfusa
381 1539 459 1600 nube
486 1540 656 1602 conscendit
675 1537 713 1601 'in
735 1539 858 1600 coelum.
900 1540 1010 1601 Pilatus
1031 1559 1117 1614 vero,
1150 1540 1200 1620 qui
1221 1549 1292 1602 tuno

85 1625 262 1688 conscientia
284 1623 466 1685 Christianus
488 1631 566 1696 erat,
596 1643 630 1686 ea
651 1624 750 1684 omnia
770 1623 914 1686 nuntiavit
934 1623 1069 1698 Tiberio,
1102 1624 1291 1704 quiquidem

86 1711 199 1772 Christo
221 1705 406 1782 credidisset,
427 1707 485 1770 nisi
506 1707 611 1770 luisset
632 1709 738 1770 Caesar
759 1708 987 1786 imperassetque
1010 1708 1142 1770 ethnicis.
1183 1709 1290 1771 Verum

86 1796 229 1857 saeviores
252 1792 351 1856 ludaei
373 1792 532 1871 discipulos
554 1792 672 1866 Christi,
694 1793 829 1855 traditam
850 1791 906 1854 sihi
921 1792 957 1854 ab
973 1812 1008 1854 eo
1024 1793 1186 1855 doctrinam
1200 1812 1290 1872 prae-

87 1881 228 1952 dicantes,
257 1877 459 1940 crudelissime
486 1877 657 1940 dircxarunt
688 1896 847 1957 corumque
876 1878 1046 1957 sanguinem
1067 1877 1143 1940 Nero
1176 1877 1289 1957 primus
1386 1891 1390 1902 ’

89 1963 198 2024 Romae
217 1963 327 2024 ell'udit
855 2013 857 2026 ,

167 2049 261 2109 Porro
292 2054 390 2108 autern
411 2045 607 2108 Tertullianus
634 2053 803 2108 constanter
830 2053 977 2108 asseverat
1003 2045 1078 2106 hanc
1103 2064 1200 2106 veram
1222 2066 1290 2109 esse

88 2133 260 2208 christianae
281 2131 432 2192 doctrinae
453 2147 608 2203 summam,
629 2149 684 2192 nec
703 2149 793 2209 posse
816 2129 874 2192 sibi
894 2130 930 2192 ab
953 2129 1078 2191 ethnicis
1099 2130 1185 2191 fidem
1200 2125 1292 2192 abro-

89 2218 161 2296 gari
195 2217 377 2278 Persuasum
399 2214 544 2293 siquidem
559 2214 713 2276 Cluistiani
734 2215 850 2293 penitus
872 2213 1016 2276 habebant
1037 2215 1079 2275 las
1100 2214 1210 2276 nemini
1233 2233 1289 2276 un-

91 2321 168 2380 quam
189 2301 296 2373 luisse,
318 2300 468 2377 multoque
484 2299 585 2360 minus
607 2298 675 2372 sibi,
696 2298 845 2378 religionis
867 2317 937 2360 suae
952 2299 1125 2360 documento
1140 2299 1291 2361 declaran-

91 2387 174 2461 tibus,
202 2385 332 2447 mentiri.
376 2383 454 2456 Quid
483 2403 552 2462 ergo
581 2383 611 2445 in
639 2383 695 2445 hac
725 2403 826 2445 eorum
854 2383 995 2462 religione
1022 2389 1051 2444 et
1077 2382 1154 2444 cultu
1176 2389 1294 2462 poterat

92 2491 149 2532 esse
168 2471 252 2544 mali,
275 2469 324 2549 qui
344 2468 438 2530 lleurn
460 2487 476 2528 a
499 2487 531 2530 se
551 2487 606 2547 per
620 2467 768 2530 Christum
789 2467 845 2530 coli
866 2467 960 2546 palam
975 2465 1168 2528 asserebant?
1189 2466 1293 2532 Nonne

93 2557 180 2618 ludaei
200 2556 299 2616 Deum
325 2571 380 2632 per
399 2553 529 2632 lloysem
557 2552 784 2624 venerabantur,
812 2571 846 2614 ac
872 2551 995 2630 gentiles
1018 2551 1119 2614 Graeci
1145 2569 1199 2629 per
1220 2551 1292 2614 alios

94 2641 234 2714 hominos,
269 2637 394 2700 Romani
421 2655 490 2698 vero
518 2655 572 2716 per
592 2636 714 2698 Numam
736 2635 912 2715 Pompilium
939 2635 1197 2715 superstitionibus
1229 2635 1292 2698 suis

95 2721 295 2786 initiatisunt?
326 2721 531 2794 Quaerendum
552 2721 651 2800 potius
672 2728 744 2793 erat,
767 2729 864 2782 utrum
885 2739 954 2781 vera
976 2720 1013 2781 sit
1028 2719 1134 2780 Christi
1147 2719 1292 2794 divinitas,

94 2829 142 2888 qua
162 2809 279 2888 cognita
302 2808 392 2868 homo
414 2806 444 2866 in
465 2795 578 2867 melius'
592 2807 768 2866 reformatur
789 2806 951 2882 (cap.21.).

169 2893 336 2954 Credebant
356 2898 505 2970 praeterea
519 2887 675 2951 Christiani
696 2907 762 2950 esse
783 2889 951 2958 daemones,
972 2885 1167 2964 philosophis,
1189 2903 1223 2946 ac
1236 2903 1293 2963 po-

97 2979 232 3040 tissimum
255 2975 371 3038 Socrati
392 2995 426 3036 ac
445 2975 566 3044 Zenoni,
588 2971 684 3051 poetis
705 2979 791 3050 atque
812 2970 904 3049 magis
926 2970 1003 3032 haud
1024 2968 1198 3046 incognitos,
1220 2985 1296 3046 quos

97 3064 190 3141 vulgus
218 3060 383 3124 execrando
413 3069 463 3121 aut
494 3058 558 3120 aliis
590 3056 789 3118 maledicendo
811 3055 935 3116 invocat
978 3052 1015 3113 Hi
1037 3059 1134 3114 autem
1156 3052 1294 3131 spiritua-

99 3147 140 3218 lis,
158 3148 233 3208 sicut
254 3143 365 3224 angeli,
394 3152 462 3206 sunt
482 3140 678 3213 substantiae,
705 3140 758 3202 sed
780 3140 810 3201 iu
831 3145 981 3218 peccatum
1001 3134 1148 3216 prolapsi,
1177 3136 1297 3198 exitium

104 3231 216 3292 hominis
239 3231 275 3291 ab
299 3228 400 3290 mundi
422 3227 505 3290 initio
527 3225 621 3288 moliti
642 3233 721 3286 sunt.
764 3224 846 3286 Sicut
866 3229 963 3284 autem
986 3221 1163 3295 substantia,
1185 3222 1228 3284 sio
1249 3222 1295 3284 ri·

104 3314 172 3376 ribus
196 3313 379 3396 spiritalibus
406 3313 529 3392 praediti
561 3329 622 3372 non
650 3309 746 3371 solum
779 3311 876 3387 fruges
899 3305 1083 3384 hominisque
1104 3305 1298 3380 valetudinem

106 3399 198 3472 sitiant,
232 3400 287 3461 sed
308 3398 386 3459 illius
407 3416 523 3476 quoquo
544 3395 674 3456 animum
695 3394 863 3456 concutiunt
882 3391 979 3470 pravis
1001 3391 1139 3464 motibus,
1162 3399 1191 3452 et
1212 3409 1228 3452 a
1250 3391 1297 3454 di-

104 3483 217 3546 vinitatis
239 3491 375 3545 avertunt
394 3482 528 3561 cogitatu.
570 3479 670 3541 Nativa
696 3498 765 3540 vero
788 3477 914 3556 agilitate
935 3494 1000 3537 cum
1021 3475 1128 3554 ubique
1148 3494 1207 3537 uno
1229 3495 1297 3544 mo,-

103 3579 189 3630 mento
210 3569 282 3643 sirit,
305 3587 340 3628 ac
360 3565 412 3627 llei
434 3563 643 3644 dispositiones
666 3569 858 3642 cognoscant,
891 3559 1083 3622 aemulantur
1106 3561 1297 3630 diuinitatem,

104 3655 164 3714 dan
181 3655 335 3734 [urentur
357 3652 577 3714 diuinationem.
616 3649 659 3710 nd
681 3649 753 3709 haec
774 3665 842 3708 vero
865 3645 998 3724 ambigua
1019 3641 1207 3722 pronuntiant
1229 3661 1298 3704 ora-

103 3738 172 3812 mla,
200 3745 306 3800 sanant
335 3754 410 3814 quos
436 3735 599 3805 laeserunt,
627 3731 697 3794 salsa
724 3731 811 3792 variis
833 3728 998 3809 praestigiis
1020 3728 1128 3790 iaciunt
1149 3726 1296 3800 miracula,

106 3822 294 3898 phantasmata
323 3820 431 3892 edunt,
459 3820 662 3880 detunctorum
689 3817 829 3877 infamant
849 3813 977 3886 animas,
1004 3829 1113 3890 pueros
1134 3807 1246 3869 elidunt
1266 3809 1299 3870 in

107 3908 201 3968 oraculi
234 3905 402 3985 eloquium,
434 3903 549 3966 somnia
574 3901 748 3974 immittunt,
781 3906 867 3977 atque
895 3916 997 3960 eorum
1026 3911 1119 3988 opers⁸
1142 3909 1244 3988 caprae
1265 3911 1300 3955 ac

108 4009 210 4054 nenne
232 3991 364 4053 divinare
386 3994 605 4050 consueverant
634 3984 720 4064 Atqui
741 3983 857 4056 ethnici,
879 3983 928 4061 qui
950 3981 1139 4041 haecomnia
1161 3976 1216 4039 dtis
1237 3981 1300 4041 suis

109 4073 308 4150 adscribebant,
331 4074 386 4134 hos
408 4072 494 4135 dubio
515 4070 616 4150 procul
638 4069 795 4132 daemones
817 4087 882 4128 esse
903 4064 1076 4128 fatebantur.

183 4161 279 4242 Neque
300 4157 480 4237 respondere
501 4161 636 4235 poterant
662 4153 734 4215 deos
756 4171 827 4213 suos
849 4167 908 4212 non
930 4168 965 4210 ea
985 4146 1031 4208 his
1054 4163 1126 4225 quae
1148 4144 1178 4206 in
1199 4147 1299 4226 prola·
1399 4218 1401 4224 Ι

112 4241 152 4304 nis
175 4244 260 4318 locis,
289 4243 344 4306 scd
364 4261 437 4321 quae
458 4241 488 4302 in
510 4258 611 4302 eorum
630 4238 775 4300 dumtaxat
795 4234 911 4315 templis
933 4231 1053 4303 fiebant,
1082 4229 1189 4292 debere
1210 4231 1301 4293 aesti-

110 4329 182 4391 mari.
209 4331 276 4390 Non
299 4328 399 4407 dispar
420 4324 528 4388 etenim
550 4332 595 4386 est
616 4323 692 4384 illius
714 4324 796 4383 luror
817 4320 866 4401 qui
888 4335 924 4378 ex
943 4324 1025 4377 turre
1046 4314 1092 4376 his
1108 4314 1300 4390 dissecrata,

111 4415 268 4476 etalterius
292 4412 341 4492 qui
363 4429 397 4472 se
417 4429 452 4471 ex
473 4427 587 4472 summo
609 4407 719 4470 vicinae
740 4405 845 4466 domus
866 4409 941 4464 tecto
964 4399 1011 4462 dat
1024 4397 1224 4478 praecipitem.
1242 4399 1304 4461 Nec

111 4494 193 4576 impar
213 4499 302 4561 etiam
323 4495 399 4558 illius
422 4502 468 4556 est
488 4494 623 4565 amentia,
645 4490 694 4571 qui
715 4489 745 4550 in
767 4489 838 4550 deae
859 4487 1002 4548 honorem
1022 4484 1145 4546 lacertos
1167 4491 1196 4545 et
1217 4483 1300 4562 geni·
1335 4557 1340 4572 ,

111 4581 288 4664 tollamque
309 4579 427 4643 alterius
445 4579 497 4659 'qui
520 4577 576 4641 sihi
598 4576 693 4657 gulam
713 4578 859 4655 prosecat.
902 4569 960 4634 Sed
981 4569 1006 4632 si
1028 4567 1109 4642 hacc,
1129 4567 1171 4630 ait
1184 4566 1304 4630 'Pertul-
