3092 5234
265 379 329 460 592
350 397 388 438 nu
402 395 475 438 vum
489 393 604 437 nerins
618 393 654 436 sc
666 391 814 436 murmur
830 389 1015 434 scnrrmms
1029 389 1226 434 munncnnm
1240 389 1428 434 nrsroruaro

265 543 433 624 significare
454 542 650 602 hoffmannus
672 539 744 602 dirit
763 538 871 600 iniuria
891 537 1085 602 damnosus
1100 537 1197 600 inisse
1211 556 1228 597 e
1242 537 1394 600 sotietate
1417 557 1496 600 com-

265 628 365 692 munis
386 625 533 688 Ecclesiae
555 624 751 703 proscriptos,
773 639 840 684 curm
861 621 899 684 iis
922 621 1088 700 ceterisque
1101 619 1279 682 Christianis
1302 637 1388 683 umens
1411 621 1497 690 hears

266 730 358 774 unum
390 710 544 788 baptisma,
577 727 636 769 una
663 708 791 784 denique
823 705 853 766 in
880 705 970 768 caelis
998 705 1132 778 ecclesia,
1160 723 1227 766 oum
1254 705 1369 766 esteris
1403 715 1495 766 antas

266 794 422 858 haereticis
444 791 522 853 nulla
545 792 672 852 societas
694 790 733 852 sit
754 794 792 864 (c.
817 788 995 864 15.),.illud
1023 796 1103 850 certe
1129 795 1339 867 argumentum
1361 789 1496 866 opinioni

267 881 331 942 eins
352 877 427 938 nihil
447 875 624 936 firmamenti
645 875 747 936 adfert
791 873 866 934 Nam
888 872 1086 933 Tertullianus
1108 872 1144 932 de
1172 890 1323 932 consensu
1345 873 1496 934 llonmni-

267 971 380 1024 starum
402 979 469 1021 cum
490 958 673 1021 orthodoxis
694 957 726 1018 in
747 957 805 1018 ista
827 955 961 1017 doctrina
983 973 1021 1016 ne
1041 954 1166 1017 verbum
1180 955 1299 1034 quiidem
1314 956 1429 1028 habet,
1452 959 1496 1016 sed

265 1047 345 1108 illam
367 1043 601 1105 Cluistianorum
629 1042 716 1103 hdem
740 1039 864 1119 opponit
884 1039 1060 1100 Gaianorum
1081 1039 1198 1100 haeresi
1226 1039 1349 1117 hosque
1376 1041 1496 1118 spissius

268 1147 337 1190 esse
360 1127 543 1188 Christianos
565 1144 601 1186 ex
630 1144 667 1186 oo
694 1125 790 1196 docet,
825 1123 904 1202 quod
932 1123 1046 1184 ademta
1073 1123 1149 1202 ipsis
1177 1141 1243 1184 eum
1272 1123 1390 1186 ceteris
1416 1125 1496 1184 Cbn'-

266 1213 371 1274 stianis
393 1210 563 1272 communio
585 1208 683 1269 luerit.
725 1211 768 1268 Ac
794 1207 830 1279 si,
857 1225 931 1285 quae
959 1206 1008 1266 ibe
1029 1215 1128 1284 putat,
1150 1225 1220 1266 vera
1240 1215 1357 1277 essars,
1382 1215 1449 1267 mun
1470 1227 1496 1267 se

266 1315 327 1358 non
350 1294 522 1356 detenderet
542 1291 740 1354 Tertullianus
761 1290 798 1354 ab
820 1290 926 1351 iniuria
946 1289 1133 1351 blontanistis'
1156 1289 1243 1362 illata,
1265 1298 1301 1350 ut
1329 1290 1442 1368 potius
1470 1310 1496 1350 se

265 1379 519 1454 Moumnistaeqne
555 1374 719 1438 haereticos
746 1392 815 1435 esse
842 1373 949 1434 luisset
977 1375 1144 1434 consessus.
1187 1373 1260 1434 Nam
1278 1373 1322 1434 in
1354 1373 1412 1434 illo
1437 1374 1496 1452 ipso

266 1463 362 1542 eapite
385 1465 434 1526 15.
457 1463 499 1538 (p.
515 1457 650 1534 2621).)
673 1459 838 1520 haereticos
861 1457 902 1518 ait
923 1468 1087 1518 eutrooms
1109 1457 1151 1530 (b.
1173 1475 1200 1517 e.
1215 1475 1276 1518 nnn
1292 1456 1495 1519 Christianos]

267 1549 379 1610 moturi
406 1549 504 1624 ipsum
540 1545 735 1605 adsensionem
766 1544 1054 1604 communicationis.
1121 1540 1215 1618 lgitur
1235 1541 1260 1600 si
1292 1540 1496 1602 Tertullianus

268 1628 463 1708 significasset
476 1627 506 1687 in
528 1627 677 1698 hocloco,
701 1625 892 1686 orthodoxos
908 1642 944 1684 ex
965 1623 1089 1684 ecclesii
1103 1624 1268 1702 proiecisse
1283 1624 1495 1687 bluntanistes.

267 1733 302 1775 se
330 1721 408 1776 certe
430 1727 561 1788 suosque
593 1709 758 1770 haereticos
780 1707 919 1778 dixissem
947 1707 1026 1784 quod
1048 1725 1173 1785 prorsus
1195 1707 1351 1769 abhorret.
1408 1713 1496 1786 Atque

266 1797 316 1858 hie
335 1795 386 1856 alii
407 1811 581 1855 occuramus
604 1811 728 1854 necesse
751 1799 799 1852 est
820 1790 981 1852 difficultati
1001 1791 1173 1869 propositae
1200 1791 1237 1852 uh
1258 1791 1369 1852 Allixio
1393 1793 1494 1853 adeso

266 1898 319 1942 sus
349 1887 498 1958 receptam
519 1878 556 1938 de
585 1877 717 1937 doctrina
741 1875 774 1936 in
796 1875 854 1935 hoc
874 1874 950 1936 libro
972 1883 1112 1952 regnante
1134 1875 1311 1936 sententiam
1319 1875 1343 1946 ¹,
1370 1878 1427 1954 qui
1449 1897 1494 1937 su-

267 1963 375 2042 spicari
407 1981 463 2024 nos
496 1980 586 2040 posse
619 1960 699 2031 dicit,
736 1957 909 2020 Tertulliani
941 1965 1070 2018 mentem
1102 1958 1161 2019 iam
1196 1966 1258 2020 urm
1294 1959 1339 2020 sd
1364 1961 1493 2022 llontani

267 2047 451 2127 disciplinam
474 2043 642 2105 inclinatam
670 2043 774 2114 luisse,
804 2042 882 2120 quod
906 2049 935 2102 et
957 2041 1116 2104 Christiani
1135 2042 1276 2122 pisciculi
1303 2051 1335 2104 et
1358 2043 1494 2106 cursus

262 2135 356 2212 piscis
385 2129 552 2204 (ΙΧΘΥΣ)
580 2127 675 2187 dictus
702 2126 738 2186 ab
772 2145 808 2186 eo
840 2125 939 2197 luerit,
972 2142 1047 2202 quae
1074 2113 1194 2186 nomina
1221 2137 1327 2188 essent
1348 2127 1493 2190 banstae

265 2214 350 2275 libris
366 2211 585 2292 Sibyllinissab
607 2209 898 2288 aliquoblontunista
920 2209 965 2269 vel
986 2209 1053 2287 ipsa
1075 2210 1163 2270 eham
1184 2211 1324 2271 llontano
1356 2213 1494 2282 enarath,

267 2307 297 2359 et
318 2315 343 2357 c.
367 2299 418 2359 20.
441 2295 565 2372 aliquam
594 2292 802 2355 charismatum
831 2291 1011 2354 mentionem
1037 2292 1180 2364 iniecerit,
1216 2294 1297 2372 quod
1326 2294 1494 2356 Monunio

237 2393 240 2400 ·
266 2398 348 2442 mum
369 2377 506 2440 redolere
526 2377 684 2450 videretur,
706 2375 842 2454 inprimis
862 2394 929 2438 cnm
952 2377 1143 2438 conteruntur
1173 2396 1207 2438 ea
1237 2395 1304 2438 cum
1334 2379 1390 2450 iis,
1429 2399 1494 2458 ome

266 2471 337 2527 sunt
369 2482 394 2524 c.
417 2463 467 2525 29.
495 2461 562 2521 libri
589 2461 626 2522 de
647 2460 827 2539 Spectumlis
856 2459 971 2520 hadita.
1029 2461 1087 2522 Sed
1115 2461 1192 2522 bene
1219 2460 1267 2522 ille
1293 2462 1379 2534 lecit,
1423 2465 1493 2542 quot

266 2548 342 2609 hanc
362 2546 457 2625 ipsam
479 2544 679 2623 suspicionem
703 2563 763 2604 non
785 2543 874 2604 nimis
896 2544 1034 2605 subtilem
1049 2552 1079 2606 et
1099 2552 1213 2606 amum
1228 2547 1393 2623 putaverit
1431 2549 1494 2608 om

266 2631 322 2692 etsi
346 2629 516 2690 dederimus
540 2646 607 2688 esse
629 2628 715 2688 etiam
739 2646 790 2689 eos
818 2627 922 2700 libros,
959 2628 1009 2706 qui
1037 2645 1116 2689 nunc
1142 2628 1197 2688 suh
1225 2628 1352 2690 nomine
1376 2630 1494 2710 Sibylli·

265 2733 373 2776 norum
394 2714 547 2784 iactantur,
570 2711 615 2772 vel
636 2731 653 2772 a
674 2711 815 2772 Montano
838 2710 882 2772 vel
905 2711 940 2771 ab
963 2711 1066 2790 ahquo'
1082 2711 1145 2772 eins
1168 2711 1312 2791 discipulo
1338 2715 1493 2776 confictus

266 2817 342 2881 quos
376 2805 474 2858 tamen
510 2794 603 2874 magis
635 2795 738 2856 vellem
773 2795 915 2856 Gnostico
949 2793 1063 2856 cuidam
1096 2813 1240 2868 asserere,
1276 2795 1493 2859 Tertullianum

266 2881 354 2943 etiam
376 2879 444 2943 inde
466 2881 524 2940 hoe
544 2896 654 2958 nomen
681 2877 772 2958 piscis
795 2879 912 2940 Christo
943 2879 1044 2942 dutum
1071 2879 1225 2950 hausisse,
1260 2887 1363 2941 tamen
1393 2901 1433 2942 ex
1465 2903 1494 2940 eo

265 2972 438 3044 argumento
459 2982 520 3024 non
543 2960 637 3039 magis
659 2969 815 3040 suspectus
830 2963 1019 3024 liontanismi
1034 2961 1232 3023 Tertullianus
1250 2963 1358 3024 baberi
1380 2975 1495 3043 posset

265 3065 331 3110 cum
368 3049 447 3108 hunc
482 3045 701 3124 composuisset
740 3045 856 3118 librum,
897 3063 982 3124 mam
1024 3044 1156 3107 lustinus
1192 3047 1315 3126 Martyr,
1358 3048 1495 3110 Clemens

264 3130 486 3202 Alexandrinus,
511 3129 654 3207 Origenes
677 3128 794 3208 aliique,
823 3129 872 3208 qui
900 3129 1019 3207 saepius
1050 3129 1145 3190 libros
1168 3130 1312 3208 quosdam
1333 3132 1495 3212 Sibyllinos

265 3217 301 3278 ad
325 3213 526 3278 testimonium
554 3214 654 3275 citant
702 3215 797 3291 Atque
827 3213 852 3274 si
881 3213 931 3274 isti
959 3213 1026 3274 libri
1054 3214 1216 3292 generatim
1244 3214 1416 3278 entiteanmt
1437 3219 1495 3296 imo

265 3300 325 3358 boc
357 3306 501 3376 tempore,
534 3297 601 3376 quis
638 3305 682 3358 est
714 3297 764 3376 qui
791 3297 890 3375 possit
915 3305 1067 3376 praestare
1095 3315 1154 3358 uon
1183 3298 1276 3358 luisse
1305 3317 1365 3360 eos
1393 3311 1495 3379 postea

267 3381 456 3452 adulteratus,
485 3389 518 3442 ut
546 3399 620 3453 eam,
650 3399 737 3460 quam
767 3399 845 3440 nunc
866 3379 984 3452 babent,
1016 3383 1142 3442 tonnam
1168 3381 1363 3460 receperint?
1414 3385 1495 3457 Quod

267 3473 315 3526 est
343 3465 500 3526 verendum
531 3465 667 3543 inprimis
690 3465 720 3524 in
749 3463 945 3526 acrostichide
965 3465 1033 3525 libri
1056 3465 1164 3526 octavi:
1205 3455 1310 3548 Ἰησές
1343 3465 1495 3548 Χριστὸς

268 3549 336 3616 &sei
356 3541 441 3623 ‘chg
461 3545 585 3630 Σωτήρ,
608 3547 685 3608 unde
707 3549 806 3626 ipsum
828 3549 885 3609 boc
902 3539 1027 3628 Ἰχθύος
1048 3567 1212 3628 cognomen
1234 3558 1372 3611 sumtum
1392 3553 1496 3630 vulga

263 3699 386 3751 missionis
404 3699 570 3760 ldurciouitos;
589 3697 699 3762 inprimis
718 3700 773 3763 quia
793 3700 851 3762 Epi·
904 3715 959 3750 nem
978 3701 1127 3764 Epiphanius
1154 3701 1186 3751 uit
1203 3702 1324 3765 triplicem
1345 3703 1495 3768 baptismus

264 3768 368 3832 phanias
393 3768 481 3816 diserte
500 3767 595 3817 adiicit:
620 3759 724 3821 Ἔξεστι
742 3757 852 3814 διδόναι
876 3778 880 3785 ·
904 3769 1077 3828 coritiumasse,
1105 3768 1201 3818 ductum
1230 3783 1243 3817 e
1270 3767 1325 3820 loeo
1356 3771 1404 3819 illa
1438 3771 1493 3834 spui

264 3835 350 3894 (scilic.
373 3827 498 3900 λουτρὸν)
521 3825 590 3899 παρ’
612 3825 705 3886 αὐτοῖς
728 3831 766 3898 τῷ
789 3835 851 3896 βου·
902 3835 991 3884 Lucam
1017 3851 1037 3884 c.
1055 3835 1111 3896 ill,
1130 3833 1171 3884 50.
1199 3835 1238 3884 nbi
1265 3834 1328 3886 band
1361 3837 1441 3888 dubie
1470 3840 1492 3886 de

263 3897 385 3968 λομένῳ,
416 3903 481 3966 qnod
510 3909 627 3965 pugnarat
653 3915 707 3950 cum
739 3901 851 3950 omnibns
902 3901 1023 3966 supplicio
1050 3916 1096 3951 suo
1122 3903 1201 3966 deque
1228 3903 1309 3966 aliquo
1337 3905 1389 3953 sibi
1422 3907 1492 3954 adine

263 3983 338 4034 super
357 3985 383 4018 ee
403 3983 429 4018 rs
446 3969 507 4018 loeis
527 3968 677 4027 Tertulliani,
700 3969 740 4031 qui
760 3970 850 4032 nuptiis
902 3969 1043 4018 imminente
1076 3969 1197 4032 baptismo
1226 3969 1338 4019 tibristus
1372 3972 1492 4036 loquitu:

263 4051 290 4086 se
309 4037 420 4085 abdicare
439 4037 552 4086 debuisse
571 4046 670 4086 cunctos
681 4036 722 4095 eit,
740 4035 780 4099 qui
790 4036 848 4098 tingi
899 4036 965 4100 quud
991 4035 1090 4085 allatum
1120 4051 1216 4100 quoque
1239 4051 1253 4085 a
1278 4039 1371 4088 esuris
1397 4041 1433 4090 nd
1457 4041 1491 4086 de·

264 4119 334 4154 sauro
354 4103 447 4154 lavacro
466 4102 778 4153 allencionitisuoloissent
796 4103 849 4162 (lib.
900 4103 1047 4152 tendendum
1077 4103 1180 4153 alterum
1210 4105 1316 4166 martyrii
1341 4106 1490 4170 baptismus

263 4169 300 4220 ill.
326 4170 377 4218 adr.
396 4171 467 4220 blare.
492 4186 514 4220 e.
532 4170 555 4220 2.
580 4171 622 4220 lib.
641 4170 660 4218 1.
686 4185 707 4220 e
726 4168 758 4219 29
776 4172 848 4234 seq-l,
899 4170 1016 4220 uidemus.
1052 4171 1103 4230 Qus
1128 4186 1156 4220 re
1181 4177 1259 4220 motus
1277 4171 1330 4222 sins
1351 4173 1406 4222 ulla
1427 4175 1491 4223 stubs·

263 4237 310 4288 nisi
328 4237 449 4300 duplicem
468 4239 532 4288 boue
549 4237 848 4302 baptismumsdmitters-
899 4237 988 4288 tatione
1014 4239 1050 4287 eie
1071 4245 1161 4298 statuo,
1185 4253 1240 4288 ssu
1264 4239 1398 4303 suppliciis
1427 4241 1491 4291 cleri·

264 4317 327 4355 mus.
361 4305 389 4356 ht
413 4321 477 4358 nune
500 4304 526 4366 ³)
543 4313 619 4356 restet
637 4306 726 4364 diesne,
751 4306 848 4369 qualem
900 4306 1034 4354 ettenorum
1054 4305 1084 4356 ud
1102 4305 1238 4370 exemplum
1257 4305 1313 4356 lesu
1326 4307 1425 4358 Christi
1443 4323 1493 4357 sss·

263 4370 410 4434 baptismum
429 4375 525 4423 tertium
543 4373 649 4424 liureiou
669 4373 805 4432 crediderit,
824 4373 848 4422 iu
900 4373 1018 4437 cipiondis
1037 4373 1110 4424 etiem
1128 4387 1216 4424 nomon
1235 4373 1352 4437 baptismi
1367 4375 1493 4426 emunda!

264 4451 310 4502 qna
337 4453 363 4489 re
391 4447 474 4490 nostre
501 4443 599 4504 proprie
627 4455 698 4492 ceusu
725 4446 848 4502 uersatur;
899 4439 1026 4490 indidisse.

263 4519 334 4569 quem
361 4507 482 4572 quomodo
501 4516 611 4572 oporteat
629 4508 738 4569 intelligi,
764 4506 848 4556 eleria-
934 4507 950 4556 l.
978 4506 1043 4556 llius.
1061 4507 1092 4558 de
1110 4507 1251 4559 Tertulliani
1270 4505 1321 4556 Vita
1347 4515 1375 4558 et
1392 4508 1492 4574 Scripta

262 4573 323 4626 sime
350 4575 421 4625 docet
448 4584 631 4638 argumentum,
666 4589 714 4641 quo
746 4573 848 4626 lineiu-
900 4589 921 4625 c.
938 4573 962 4624 t.
982 4589 1005 4638 p.
1025 4573 1067 4624 33.
