3082 5238
260 365 324 432 582
345 383 384 428 ne
398 383 474 428 rant
487 358 601 426 iertra
615 381 651 425 te
665 379 813 426 naemu
828 379 1013 426 surranum
1028 377 1225 424 mentuunt
1239 379 1421 423 nrsnurtrro

261 532 473 596 Tertullianum
496 549 572 611 opus
594 532 728 593 nondum
749 531 912 611 perlectum
935 527 1058 594 citasse!
1095 529 1226 591 Hoeeine
1246 547 1319 591 vero
1344 537 1377 589 et
1399 531 1487 608 potuit

261 625 344 680 muto
373 617 437 678 viro
467 615 637 694 scrupulum
664 616 796 690 iniicere,
825 615 875 693 qui
897 613 1003 682 millies
1022 613 1053 674 in
1076 613 1296 675 commentariis
1320 613 1389 674 suis
1413 613 1486 692 ipsos

260 702 354 764 libros
377 719 449 764 suos
470 717 630 779 numquam
651 699 805 762 absolutos
828 705 991 760 antestatus
1013 695 1083 760 estl
1112 695 1277 778 eodemqst
1298 697 1397 758 modo
1421 697 1486 758 Tea·

261 785 415 848 tullianum
437 783 535 864 egisse
556 783 623 862 quis
644 783 773 863 negabit,
795 783 821 844 si
843 783 962 862 quidem
984 790 1101 844 nostras
1122 783 1220 844 nostri
1241 781 1418 860 argumenti
1432 783 1486 842 riu-

261 869 352 932 dicias
384 867 497 947 legerit.
541 867 675 948 [lenique
702 867 773 952 dicit
800 861 1012 930 Tertullianum
1045 867 1081 928 de
1113 865 1190 939 loco,
1224 885 1282 945 quo
1311 865 1417 926 saneti
1444 867 1486 926 riri

261 953 467 1016 contineantur
494 970 511 1014 a
538 959 635 1014 morte
662 953 698 1014 ad
725 951 820 1014 ultimi
848 949 946 1014 iudicii
974 949 1062 1025 diem,
1090 949 1146 1012 alia
1175 949 1206 1010 iu
1225 949 1304 1010 libro
1328 947 1370 1010 de
1393 951 1487 1010 Anima

168 1057 173 1064 ·
262 1041 376 1114 (ubi.)
399 1035 736 1116 dequeResurreotione
757 1035 880 1112 (α43.),
903 1033 958 1096 alia
981 1034 1242 1096 inanumarcione
1264 1032 1331 1110 (lib.
1345 1033 1400 1094 tv.
1414 1036 1488 1108 cst.)

260 1122 389 1184 tradere.
432 1119 539 1182 Audio.
583 1119 643 1182 Sed
664 1119 806 1200 numquid
828 1118 878 1182 isti
900 1113 967 1180 libri
988 1130 1121 1198 pugnant
1142 1118 1173 1178 in
1195 1115 1231 1180 iis
1253 1116 1343 1190 locis,
1369 1137 1451 1196 quos
1464 1137 1488 1178 se
1520 1192 1521 1203 χ

261 1206 303 1267 ait
329 1206 361 1267 in
390 1204 589 1284 disputatione
615 1203 759 1266 adversus
781 1202 960 1266 Marcionem
988 1199 1211 1282 pertractasset
1254 1201 1323 1264 Hoc
1346 1219 1424 1262 nero
1446 1221 1489 1262 uer

262 1287 469 1351 Tillemoutius
499 1307 627 1368 uuquam
655 1287 801 1366 probavit,
833 1307 889 1350 uec
917 1287 1083 1366 quisquam,
1114 1287 1140 1347 si
1168 1285 1199 1346 in
1221 1284 1291 1346 aliis'
1310 1285 1353 1345 ad
1377 1305 1489 1346 causan
1520 1286 1521 1289 ’

263 1373 416 1518 ffiopriam
430 1389 504 1517 cpatin
530 1370 747 1451 pertinentibus
770 1392 787 1434 a
808 1391 846 1464 se⁸
864 1371 1063 1434 Tertullianus
1086 1369 1236 1444 deiecerit,
1266 1369 1353 1442 dicit,
1384 1369 1488 1430 admitti

303 1477 350 1520 em
371 1475 428 1520 eon
457 1474 593 1518 ustouem
617 1475 721 1536 posse.

803 1626 833 1699 e.
856 1618 947 1682 xxx.

350 1741 412 1802 lam
432 1740 523 1802 nobis
545 1739 675 1801 libellum
698 1740 735 1800 de
754 1736 847 1799 Pallio
871 1736 1056 1798 tractandum
1079 1753 1242 1808 sumamus,
1265 1735 1442 1797 obscurum
1461 1739 1488 1796 il-

254 1825 325 1886 lum
347 1825 465 1902 quidem
487 1831 517 1884 et
539 1824 611 1886 satis
634 1823 807 1895 contusum,
841 1821 894 1883 sed
922 1838 1027 1898 magna
1055 1829 1154 1881 tamen
1184 1820 1282 1880 omnis
1307 1821 1489 1900 antiquitatis

265 1908 386 1970 scientia
408 1910 560 1969 refertum.
604 1907 647 1968 ile
669 1908 755 1968 cuius
775 1913 871 1966 aetate
893 1923 959 1966 cum
982 1905 1042 1966 siut
1067 1911 1114 1965 tot
1135 1903 1344 1982 discrepantes
1368 1905 1489 1966 moran

264 1992 506 2054 doctissimorum
527 1991 708 2062 sententiae,
738 1990 767 2052 id
789 2008 910 2068 agamus
933 2007 1058 2049 neeesse
1081 1996 1143 2061 est,
1170 1994 1204 2047 ut
1224 1986 1269 2047 vel
1292 2005 1350 2049 eas
1375 1989 1488 2050 caudilr

263 2077 464 2138 examinemus
493 2075 539 2135 vel
561 2084 695 2136 nostram
716 2091 930 2153 proponamus.
986 2071 1093 2132 Existit
1114 2079 1210 2133 auteur
1232 2070 1282 2132 bio
1303 2072 1414 2150 primu
1437 2074 1489 2133 loco

265 2159 408 2237 quaedam
431 2159 566 2238 quaestio
588 2159 671 2219 iaeile
695 2157 892 2236 expedienda,
924 2173 1069 2234 quaenam
1097 2156 1138 2217 sit
1158 2155 1215 2215 ista
1234 2161 1425 2235 proesentis
1446 2162 1490 2217 in

210 2269 214 2278 ·
260 2247 346 2324 perii
366 2242 482 2322 trepton
503 2246 621 2314 virtus,
645 2241 706 2304 ileo
730 2253 775 2304 tot
797 2244 939 2322 tepueris
960 2244 993 2301 t'tt
1014 2258 1109 2301 uuum
1130 2241 1266 2318 facente,
1297 2239 1353 2300 cui
1378 2241 1491 2301 Tertul-

264 2326 362 2388 lianus
384 2324 488 2387 tribuit
509 2343 613 2386 eorum
636 2333 802 2406 temporum
824 2325 1019 2385 felicitatem&
1064 2323 1197 2401 Namque
1218 2321 1288 2383 alii'·
1325 2323 1379 2385 bis
1411 2343 1491 2386 unua

266 2410 410 2472 Severum
432 2409 592 2470 indicatum
613 2410 716 2470 volunt
736 2415 908 2488 propterea,
944 2408 1024 2486 quod
1045 2415 1106 2468 tres
1128 2407 1195 2466 illos
1217 2406 1341 2485 imperii
1365 2411 1492 2470 aemulas

264 2493 424 2572 lulianum,
458 2492 580 2571 Nigrum
603 2501 632 2554 et
652 2493 787 2554 bibinum
809 2499 1015 2572 superaveram
1053 2490 1102 2552 alii
1124 2509 1190 2551 eum
1212 2489 1305 2570 Nigro
1338 2501 1373 2553 et
1396 2493 1492 2552 Albim

266 2576 441 2650 Severumit
464 2577 511 2638 alii
527 2576 673 2648 Albinum,
696 2577 839 2638 Severum
861 2585 892 2636 et
904 2574 1118 2648 Antoninumk,
1141 2573 1268 2653 denique
1283 2573 1337 2634 aiii
1355 2575 1492 2636 Sevenm

266 2679 333 2722 eum
361 2661 478 2722 duobus
506 2661 574 2722 filiis
601 2660 745 2722 Bassiano
774 2659 902 2738 Getaque
930 2659 1120 2737 intelligunt
1150 2657 1209 2719 Sed
1239 2657 1332 2719 trium
1364 2662 1492 2739 prioratu

222 2799 228 2820 ,
266 2744 438 2824 opinionum
467 2745 577 2806 nullam
603 2745 710 2824 probo.
754 2743 828 2804 Nam
858 2763 891 2805 ea
914 2743 1047 2803 Gutberii
1078 2741 1208 2820 opinatio
1232 2749 1379 2804 contorta
1406 2757 1492 2806 estet

203 2853 213 2868 ·
264 2830 428 2910 perinepta,
452 2837 484 2890 ut
505 2847 600 2909 paene
621 2828 765 2900 nesciam,
794 2846 830 2888 an
853 2827 919 2906 quis
940 2845 1070 2906 unquam
1093 2835 1151 2888 tam
1174 2834 1274 2904 aperte
1298 2833 1331 2888 et
1355 2845 1493 2906 pert-etse

267 2922 297 2974 et
318 2913 390 2974 laisa
413 2921 533 2974 secutus
556 2912 604 2974 sit.
648 2912 714 2973 Non
736 2921 853 2989 tangam
875 2911 904 2972 id
927 2910 1061 2988 quidem,
1092 2910 1204 2970 bonurn
1233 2909 1334 2970 virum
1367 2930 1437 2973 non
1458 2915 1493 2971 ri·

266 2997 364 3071 disse,
399 2996 544 3076 triplicem
565 2996 645 3057 illam
666 2996 804 3058 virtutem
828 2998 1002 3075 praesentia
1025 2994 1156 3072 imperii,
1189 2994 1348 3072 lleuntque
1371 2996 1437 3058 dici
1460 3011 1495 3060 tut

212 3093 221 3106 ·
264 3082 408 3160 Aepustt'a
429 3083 545 3159 sevisse
565 3081 596 3140 itt
618 3099 720 3152 unum,
742 3080 798 3140 hos
814 3079 899 3139 want
916 3077 1022 3140 multas
1037 3076 1126 3140 urbes
1147 3077 1340 3156 produxisse,
1366 3081 1494 3141 auxisse.

265 3164 447 3237 reddidisse3
470 3164 549 3243 quod
572 3163 649 3225 dicat
670 3164 741 3225 mibi
764 3163 841 3241 quis,
864 3181 902 3223 au
923 3162 959 3222 de
982 3161 1104 3232 iuliano,
1127 3161 1217 3239 Nigro
1241 3169 1271 3221 et
1284 3159 1405 3223 Albino
1422 3167 1495 3224 altir-

265 3248 340 3308 mari
373 3246 485 3325 queat?
521 3247 648 3309 maxime
680 3256 758 3320 urm,
791 3265 857 3307 oum
886 3246 943 3306 iam
972 3257 1074 3306 essent
1100 3244 1257 3306 interemti.
1303 3244 1372 3308 Nee
1397 3249 1495 3309 dican.

266 3347 353 3408 quam
375 3330 451 3392 maie
472 3329 602 3391 adbibita
624 3331 684 3392 sint
704 3330 865 3392 Herodiani
887 3327 975 3390 verba
998 3329 1059 3404 (lib.
1076 3329 1125 3389 111.
1149 3349 1174 3389 o.
1199 3333 1252 3401 7-1,
1275 3329 1329 3406 oui
1355 3331 1496 3392 Seuerou

266 3413 391 3474 miratur
413 3409 470 3476 ἕνα
492 3408 596 3495 ἄνδρα
617 3419 706 3496 τρεῖς
727 3410 913 3477 καθελόντα
934 3412 1091 3494 βασιλέας
1112 3406 1174 3497 ἤῠη
1196 3413 1413 3494 acerrime,
1440 3425 1497 3478 sual

268 3497 346 3558 euim
368 3495 520 3558 bacciam
543 3516 560 3557 a
581 3497 723 3560 boeclero
747 3497 819 3558 satis
842 3497 1022 3576 disputata¹.
1066 3497 1131 3557 iioo
1158 3515 1250 3558 uuum
1273 3495 1363 3560 lubet
1387 3501 1497 3562 exami

265 3599 348 3655 nare,
371 3582 451 3660 quod
473 3580 508 3641 ad
531 3599 594 3642 rem
617 3589 751 3642 nostram
774 3581 804 3641 in
826 3581 930 3660 primis
952 3572 1092 3659 stutinet,
1124 3589 1224 3641 uuum
1247 3579 1321 3641 Geta
1347 3583 1427 3645 vivo
1451 3587 1498 3644 Se

264 3684 336 3726 vero
370 3683 518 3743 uunquam
553 3665 592 3727 sit
613 3665 706 3727 sactus
727 3663 903 3745 angustast
934 3665 1020 3737 Quod
1042 3683 1108 3724 eum
1131 3663 1201 3726 velit
1223 3663 1420 3738 Gutbetius,
1445 3669 1499 3748 pri·

265 3769 347 3812 mum
371 3749 474 3810 Getam
497 3750 598 3810 Severi
620 3751 740 3811 fratrem
763 3767 779 3810 a
802 3749 875 3810 Geta
897 3748 1033 3821 Caesare,
1056 3747 1157 3809 Severi
1178 3747 1249 3820 illio,
1278 3765 1345 3810 non
1369 3753 1498 3830 quidem

264 3842 298 3894 ut
319 3853 374 3914 par
398 3842 470 3908 erat,
492 3832 654 3912 distinguit.
698 3833 771 3894 Nam
793 3851 860 3893 eum
883 3832 1057 3912 Spartianus
1080 3831 1124 3907 (in
1140 3831 1208 3892 Ser.
1222 3851 1247 3892 o.
1262 3835 1329 3908 to.)
1354 3834 1499 3896 Severus

265 3917 337 3979 dicit
364 3917 458 3978 lilium
487 3935 572 3978 suum
602 3917 776 3978 Bassianum
805 3916 960 3978 Gaesarem
989 3915 1171 3996 appellasse,
1205 3925 1238 3976 ut
1258 3915 1394 3980 tratrem
1422 3937 1499 3982 surm

267 4001 369 4062 Getam
391 4019 407 4062 a
430 4019 485 4080 spe
507 4000 634 4081 imperii,
664 4020 751 4080 quam
773 4001 839 4080 ipse
861 4009 1047 4080 conceperat,
1070 3998 1269 4070 submoveret,
1292 4017 1409 4062 nonne
1435 4021 1500 4064 rea

267 4093 442 4147 sentaneum
463 4093 525 4162 est,
547 4103 614 4148 eum
637 4085 673 4146 de
695 4085 784 4158 Geta,
806 4083 908 4146 Soteri
929 4085 1034 4156 fratre,
1063 4082 1156 4144 luisse
1176 4081 1339 4144 locutum?
1388 4087 1501 4148 lleiudr

300 4250 322 4297 q.
341 4236 399 4300 Cap.
407 4235 431 4286 2.
441 4252 465 4301 p.
475 4235 523 4288 tea
531 4235 572 4288 C.:
590 4239 804 4295 dommartinum
812 4243 863 4288 aut·
939 4238 954 4286 i.
973 4235 1154 4288 centuriatores
1167 4233 1360 4298 llagdaburgiei.
1382 4236 1503 4292 Genttlt

265 4303 378 4382 produ-seit
402 4312 443 4382 cut
461 4307 528 4384 aucit
546 4305 852 4423 ααιυναᾰιέἑιέἱιλένεξῖἑαίε
903 4318 928 4368 p.
947 4302 1005 4354 tat.
1178 4403 1182 4413 Ι
1521 4319 1522 4346 t

1394 4420 1425 4468 Ρ·

267 4576 360 4630 quatre.
379 4567 435 4622 edit.
453 4569 520 4635 lips.
537 4585 562 4635 p.
580 4569 638 4621 att.
937 4569 955 4621 l.
973 4569 999 4621 iu
1018 4577 1099 4622 annot.
1118 4571 1148 4622 ed
1167 4569 1257 4622 liorod.
1275 4583 1301 4634 p.
1318 4567 1386 4620 tao.
