3114 5240
233 311 295 374 124
327 325 517 370 nrsssnrsrro
532 324 563 368 rn
579 324 627 375 ou.
642 323 726 368 asra.
741 323 826 367 raca.
844 323 1038 381 acarnanum
1053 322 1280 366 monocsrxcura
1295 322 1380 365 cara.

233 477 378 556 explicare
393 473 616 538 contendebant.
661 474 719 536 Sed
740 474 808 554 quia
829 475 901 538 baec
923 481 1057 554 spectant
1078 473 1114 534 ad
1136 474 1363 552 grammaticam,
1385 472 1443 534 ibi-

233 563 300 624 dem
321 561 427 623 adiecit
445 559 576 621 Rhenani
598 566 694 632 notas,
723 577 795 637 quas
815 558 943 638 quidem,
976 559 1043 638 quia
1065 558 1265 620 Romanorum
1287 565 1316 618 et
1336 557 1443 637 Hispa·
1506 572 1507 595 ¹

231 665 338 709 norum
366 663 518 707 censuram
547 662 608 704 non
631 645 803 722 effugerant,
834 661 850 704 3
873 661 906 704 33
927 643 1009 722 prius
1027 651 1179 704 ¹correctas
1202 661 1268 704 esse
1290 642 1444 721 signifieat.
1507 671 1508 686 r

231 731 269 792 dt
289 730 356 809 quia
377 747 483 809 paucas
505 728 662 790 admodum
686 745 793 807 easque
815 726 1006 790 brevissimas
1022 727 1132 790 addidit
1146 726 1348 806 vixqueullam
1365 727 1447 788 dedit
1508 777 1509 780 .

232 816 262 878 in
283 813 503 894 Apologeticum
535 813 614 874 bunc
634 811 751 886 libraun,
783 812 864 873 vides
886 812 1048 892 sanequid
1070 813 1106 874 ab
1128 831 1164 873 eo
1187 809 1335 873 derebus
1357 803 1447 873 theo·
1509 873 1510 892 p

232 899 334 980 logicis
356 907 509 978 expectare
531 895 648 958 debeas.
1509 893 1510 900 '

315 982 434 1046 llaioris
461 982 558 1060 itaque
585 981 673 1060 pretii
699 981 890 1042 aestimantur
911 981 1032 1043 Pamelii
1059 981 1090 1042 in
1112 980 1191 1047 buno
1212 979 1345 1059 aliosque
1367 981 1445 1042 Ter·
1510 973 1511 990 ¹

230 1067 340 1130 tulliani
368 1067 461 1129 libros
490 1066 703 1128 annotationes.
746 1065 813 1126 Non
839 1065 958 1127 minima
980 1067 1098 1145 quippe,
1121 1067 1162 1127 uti
1185 1066 1276 1138 aiunt,
1299 1081 1446 1144 consper-
1511 1075 1512 1088 ³

231 1161 339 1233 guntm
367 1169 449 1214 sacra
476 1151 657 1231 profanaque
685 1150 862 1222 eruditione,
890 1169 965 1229 quae
987 1149 1145 1212 lectoribus
1167 1150 1311 1229 prodesse
1332 1159 1447 1229 potest.

232 1238 291 1299 Sed
312 1237 369 1299 boc
390 1237 420 1298 in
443 1235 487 1298 eis
508 1235 637 1314 culpant,
659 1235 737 1315 qnod
759 1235 904 1297 l‘amelius
926 1235 1111 1314 aproposito
1128 1235 1243 1314 saepius
1255 1234 1446 1313 digrediatur,

230 1323 314 1402 plura
342 1320 525 1400 congesserit
551 1320 663 1382 inutilia
690 1329 720 1381 et
741 1319 903 1393 interiecta,
933 1320 1022 1382 sicuti
1043 1319 1180 1394 diximus,
1209 1319 1334 1398 Zephyri
1355 1336 1446 1399 para-

229 1407 339 1486 phrasi,
367 1404 557 1484 intemuperit
577 1403 746 1466 Tertadliani
774 1412 894 1477 textum,
925 1423 1011 1484 quem
1038 1404 1164 1466 debebat
1191 1405 1220 1465 in
1249 1404 1307 1465 boc
1328 1413 1359 1465 et
1380 1404 1447 1466 aliis

230 1491 312 1552 libris
341 1490 494 1552 meliorum
521 1489 653 1552 codicum
681 1508 738 1568 opo
772 1489 924 1568 pristinae,
966 1489 992 1551 si
1021 1489 1085 1551 lieri
1114 1489 1253 1569 potuerit,
1287 1489 1446 1551 restituere

230 1575 291 1638 inte
311 1575 398 1636 nitati.

292 1594 455 1737 glligaltius
475 1658 574 1736 itaque
595 1658 632 1718 113
655 1657 792 1719 omnibns
814 1657 921 1736 spretis
935 1665 1062 1736 postque
1075 1657 1183 1720 babitis
1207 1675 1298 1718 noxas
1323 1657 1442 1736 scripsit

230 1743 261 1804 in
290 1743 367 1804 bunc
397 1742 618 1822 apologeticum
645 1742 757 1821 aliaque
780 1743 952 1804 Tertulliani
975 1743 1071 1822 Opera
1100 1749 1186 1804 33133
1208 1751 1237 1804 et
1259 1741 1441 1804 observatio-

230 1845 294 1888 nes.
339 1829 446 1888 Verum
467 1826 606 1906 quoniam
627 1825 768 1906 plurimas
790 1827 826 1888 ab
849 1827 974 1889 eruditis
1000 1827 1170 1888 bominibus
1197 1829 1344 1905 prolectas
1366 1826 1447 1889 haud

229 1911 334 1974 merito
357 1929 479 1991 prorsus
502 1911 566 1972 iura
586 1912 795 1990 praetermisit,
817 1910 883 1972 illae
905 1931 1008 1974 rursus
1030 1912 1140 1991 publici
1161 1911 1235 1973 iuris
1258 1913 1351 1974 133133
1377 1921 1450 1973 snut

229 1996 342 2058 inuno
364 1996 510 2058 volumine
532 1995 609 2074 quad
631 2011 709 2058 anno
736 1995 925 2058 MDCXXXV.
950 1997 1058 2058 editum
1082 2007 1136 2058 est
1181 1995 1325 2059 Collectae
1346 2005 1450 2058 antem

230 2082 348 2158 luerunt
379 2100 413 2141 ex
441 2080 580 2152 Pamelio,
612 2080 717 2141 Latino
745 2079 871 2153 Latinio,
903 2081 936 2142 Β.
965 2081 1118 2156 Rhenano,
1150 2081 1261 2142 Ioanne
1289 2081 1448 2154 lleroerio,

230 2165 382 2227 Edmondo
405 2165 552 2238 llicherio,
574 2164 732 2226 Theodoro
754 2164 893 2238 Marcilio,
915 2167 1025 2228 Ioanne
1036 2167 1184 2228 Wonerio
1197 2173 1227 2228 al
1241 2164 1379 2228 Gabriele
1393 2167 1447 2228 lll-

228 2249 388 2329 basplnaeo
410 2250 664 2312 Aurelianensium
689 2249 839 2329 episcopo.

313 2335 491 2397 Persuasum
513 2342 609 2396 autem
631 2334 736 2395 eruditi
758 2334 876 2412 quidam
897 2334 951 2395 riri
972 2334 1138 2396 babuerunt
1159 2335 1382 2404 bocrolumine
1398 2337 1448 2398 di·

229 2420 361 2499 vulgatae
382 2439 398 2480 a
420 2417 544 2497 Rigaltio
567 2435 690 2498 operum
713 2418 884 2480 Tertulliani
907 2419 1029 2480 editioni
1050 2420 1206 2482 coniuncto
1238 2419 1315 2482 hanc
1335 2423 1450 2483 ceteris

231 2504 367 2566 omnibus
396 2504 459 2566 lore
486 2503 700 2583 perfectiorem.
744 2503 803 2564 Sed
829 2511 1032 2582 praeterquam
1060 2505 1140 2584 quod
1168 2505 1198 2565 in
1225 2504 1274 2565 illo
1304 2513 1449 2568 notarum

228 2588 374 2651 volumina
395 2588 569 2651 amittuntur
589 2587 722 2661 aliorum,
754 2587 840 2650 sicuti
861 2587 888 2648 la
911 2587 1021 2649 Cerdae
1042 2607 1103 2649 non
1124 2590 1222 2651 minus
1243 2588 1330 2650 utiles
1353 2599 1451 2654 notae

229 2681 259 2735 at
280 2671 502 2754 explicationes,
525 2671 604 2752 quid,
627 2672 730 2734 amabo
753 2681 791 2744 te,
814 2672 990 2751 sperandum
1013 2672 1194 2752 delligaltio,
1217 2675 1266 2752 qui
1285 2674 1320 2735 ad
1336 2693 1448 2736 emen-

227 2759 353 2820 dandum
365 2758 536 2820 Tertulliani
558 2765 677 2830 textum,
700 2775 755 2818 nec
775 2758 866 2836 ipsos,
889 2757 974 2819 sicuti
996 2758 1123 2821 diximus
1139 2759 1212 2834 (nra
1228 2762 1346 2838 super),
1363 2775 1445 2837 qnos

227 2861 298 2923 prae
319 2842 453 2904 manibus
475 2842 610 2915 babebat,
638 2841 788 2905 33331133
810 2843 1023 2920 manuscriptos
1047 2842 1163 2904 codices
1185 2852 1236 2904 aut
1265 2843 1359 2921 legere
1387 2853 1447 2904 aut

227 2928 310 3007 sequi
332 2925 465 2990 curarit?
507 2927 619 2989 Deinde
647 2945 717 2988 xero
745 2945 806 2988 non
835 2925 955 2990 minima
984 2927 1101 3006 quidem
1122 2928 1154 2990 in
1175 2928 1254 2990 notis
1277 2927 1338 2989 suis
1360 2929 1443 2990 scri-

225 3011 330 3074 bendis
351 3013 404 3074 luit
425 3011 501 3074 illius
524 3012 653 3086 audacia,
675 3029 762 3092 quam
783 3013 814 3073 in
835 3013 1081 3091 praelationesua
1096 3029 1235 3074 exossare
1250 3021 1367 3074 coactus
1382 3023 1446 3075 est.

228 3096 287 3158 Sed
298 3114 407 3174 paucos
420 3095 577 3157 admodum
588 3096 730 3168 invenias,
748 3096 853 3175 quibus
869 3097 990 3157 omnino
1001 3105 1118 3175 accepta
1133 3097 1172 3158 sit
1186 3097 1264 3159 illins
1280 3095 1448 3160 excusatio.

310 3180 404 3240 Minus
426 3181 543 3258 quidem
565 3181 737 3241 temerariae
758 3189 835 3254 sunt,
869 3182 922 3242 sed
945 3199 1005 3243 non
1027 3181 1120 3259 magis
1141 3181 1305 3261 probantur
1324 3182 1451 3261 longis-

227 3264 318 3326 simae
346 3271 375 3324 et
396 3263 432 3324 ad
453 3281 592 3325 nauseam
612 3282 707 3343 usque
729 3265 877 3326 coniectae
900 3283 915 3326 3
939 3265 1065 3344 Georgia
1085 3265 1274 3328 Ambianensi
1298 3266 1449 3329 observa-

226 3347 333 3410 tiones.
351 3345 359 3352 '
375 3347 447 3409 Nam
469 3348 499 3409 in
521 3347 585 3411 illas
607 3367 640 3409 ea
663 3349 760 3410 omnia
782 3349 916 3423 intrusit,
947 3367 1021 3428 quae
1043 3351 1128 3412 aliam
1152 3351 1190 3412 ob
1213 3369 1330 3413 causam
1352 3359 1383 3413 et
1406 3353 1449 3414 ad

226 3432 367 3512 publicas,
389 3433 431 3493 uti
450 3431 575 3504 ridetur,
598 3432 755 3494 conciones
777 3444 990 3511 oomoganerat.
1033 3435 1171 3496 Nonnulli
1192 3445 1290 3497 tamen
1312 3437 1452 3498 latentur

227 3518 257 3581 in
279 3517 317 3578 iis
339 3516 432 3595 aliqua
454 3535 521 3578 esse
542 3515 632 3590 utilia,
655 3533 690 3578 ac
710 3518 882 3596 praesertim
905 3519 936 3580 in
953 3520 1079 3598 capitum
1095 3519 1226 3595 scholiis,
1248 3539 1323 3600 quae
1338 3521 1370 3582 13
1385 3522 1447 3583 ad-

225 3619 311 3665 versa
333 3610 428 3664 textus
451 3601 621 3663 Tertadliani
642 3609 724 3680 parte
745 3602 781 3663 ab
803 3602 869 3681 ipso
892 3604 1074 3666 exhibentur.

310 3685 440 3765 lienique
461 3685 595 3748 Priorius
617 3687 711 3748 varias
734 3686 838 3766 selegit
859 3688 1040 3752 emditonam
1062 3689 1193 3750 virorum
1214 3688 1358 3760 Rhenani,
1380 3688 1447 3752 Pa·

226 3771 315 3845 melii,
337 3773 364 3834 13
377 3770 496 3844 Cerdae,
520 3770 665 3836 Salmasii.
686 3769 872 3852 dlbaspinaei
894 3772 1075 3852 aliorumque
1097 3773 1282 3853 quorundam
1304 3773 1446 3836 animad-

225 3857 394 3929 versiones,
427 3856 532 3936 quibns
567 3863 596 3916 et
622 3855 761 3934 quasdam
783 3875 799 3916 a
822 3875 855 3918 se
877 3857 1052 3935 excogitatas
1074 3857 1232 3920 identidem
1257 3857 1446 3922 interseruit.

226 3941 284 4002 Sed
315 3940 371 4002 bae
397 3949 454 4002 1333
481 3940 554 4003 levis
582 3948 652 4002 sunt
679 3941 830 4014 momenti,
858 3949 892 4003 ut
913 3941 963 4020 qui
985 3961 1035 4004 eas
1057 3943 1269 4023 approbaverit,
1292 3943 1339 4004 vix
1360 3941 1448 4006 ullus

225 4023 396 4104 reperiatur.
425 4025 465 4103 ln·
476 4027 532 4088 boc
548 4033 645 4087 133333
657 4033 801 4105 utumque
816 4024 987 4097 laudandus,
1010 4027 1089 4106 qaod
1104 4045 1208 4089 omnes
1223 4027 1285 4088 11133
1300 4027 1446 4090 animad-

224 4105 375 4170 versiones
402 4117 431 4170 et
452 4118 535 4172 notas
557 4111 587 4171 in
609 4107 780 4189 paginarum
802 4109 935 4172 interiori
959 4112 1101 4190 margine,
1123 4110 1234 4190 absque
1259 4111 1317 4173 nlla
1340 4121 1447 4176 textus

226 4191 396 4254 Tertulliani
417 4193 640 4275 interruptione,
663 4195 765 4256 excudi
786 4194 919 4256 noluerit.
948 4194 1021 4256 Nam
1043 4213 1079 4256 eo
1101 4197 1190 4258 modo
1212 4195 1331 4259 lectoris
1352 4215 1445 4260 com-

225 4275 357 4338 modilati
380 4277 485 4339 melius
507 4280 672 4342 consultum
695 4288 749 4341 est
772 4279 831 4340 Sed
845 4279 911 4358 quis
925 4279 1118 4359 negligentiae
1132 4281 1234 4343 vitium
1255 4281 1283 4342 ei
1309 4299 1445 4361 unquam

225 4360 411 4434 condonabit,
440 4363 489 4441 qui
510 4363 547 4424 ad
568 4383 657 4444 opera
679 4365 850 4427 Tertulliani
878 4365 962 4425 noxis
994 4365 1070 4445 typis
1092 4366 1256 4428 recidenda
1278 4383 1447 4446 aggressus

223 4443 335 4508 nullum
362 4445 448 4526 plane
476 4465 541 4508 eum
569 4449 655 4512 editis
684 4449 806 4512 cenauit
833 4449 1062 4528 manuscriptum
1091 4449 1231 4526 codicem,
1260 4452 1315 4513 sed
1342 4451 1444 4514 solam

224 4530 340 4613 lligaltii
361 4529 519 4595 editionem
541 4531 577 4596 de
598 4534 688 4596 verbo
710 4533 889 4597 adverbum
911 4542 1028 4598 secutus
1049 4533 1128 4598 lutat
