3122 5250
273 363 336 428 354
371 381 563 427 nrssnnrurro
579 381 609 425 ru
624 380 673 432 ou.
689 378 773 423 serr.
788 379 875 422 rnon.
890 378 1083 423 rnnrnnnnnu
1096 377 1318 424 anonoonnrenu
1330 377 1408 422 cerr.

353 529 465 592 Plinius
493 537 589 592 autem
616 537 755 592 testatum
781 529 869 592 nobis
896 529 964 593 tacit
990 530 1069 591 buno
1096 529 1234 593 annulum
1262 547 1316 591 sno
1342 537 1459 608 tempore

269 618 398 678 terreum
420 614 511 676 inisse
534 614 654 676 aesino
675 632 803 693 gemma:
825 614 925 676 litium
946 633 1035 689 nune,
1058 614 1108 687 ait,
1129 631 1259 696 sponsae
1279 617 1392 676 menni
1400 614 1460 693 [er-

269 720 340 763 reuo
363 699 494 762 annulus
515 702 649 762 mittitur
668 702 753 780 isque
773 701 839 762 aine
858 698 1069 778 pemmoffbm
1084 699 1134 760 lib.
1147 698 1276 762 XXXIII.
1290 697 1457 761 Natumllist

271 803 334 865 oap.
359 788 410 860 1.).

352 867 521 930 Tertulliani
542 868 640 948 itaquo
661 867 757 928 nostri
779 871 873 928 aetate
905 885 971 928 mos
992 866 1040 929 ille
1060 867 1147 947 plane
1167 867 1318 930 modestus
1338 867 1388 928 iam
1407 867 1460 926 im·

165 987 168 994 .
267 960 396 1015 mutatus
423 961 487 1014 erat
513 958 543 1013 et
570 970 626 1033 pro
650 953 746 1014 iorreo
768 951 875 1014 anntdo
896 969 1003 1013 aureus
1025 951 1156 1014 dabatur.
1199 953 1308 1014 Postea
1326 969 1389 1014 roro
1408 948 1460 1012 lsi-

267 1039 359 1100 dorus
387 1037 424 1100 de
451 1036 566 1099 annulis
595 1036 759 1116 iisdemque
784 1036 929 1116 pronubis
951 1035 1057 1116 plurali
1077 1054 1200 1098 numero
1224 1037 1269 1099 sie
1289 1035 1460 1116 loquebatur:

267 1123 404 1186 Feminae
431 1140 494 1184 non
520 1140 594 1184 neue
619 1127 692 1184 eunt
718 1121 851 1193 annulis,
878 1124 940 1184 nui
965 1139 1039 1202 quoe
1061 1125 1175 1200 oirqini
1193 1140 1324 1202 sponsus
1344 1123 1460 1190 mund,

266 1227 360 1290 neque
387 1205 518 1286 emplius
547 1224 635 1288 pom
656 1208 741 1268 binos
764 1206 895 1268 annulos
917 1217 1028 1268 oureo'o
1050 1211 1083 1268 in
1103 1207 1203 1287 dipitiu
1227 1206 1333 1268 bolom
1352 1204 1460 1268 solebat.

266 1293 306 1354 At
326 1306 407 1353 nune
425 1309 503 1371 proe
523 1309 601 1352 euro
623 1290 742 1352 nullum
762 1291 883 1370 seminia
907 1289 969 1352 leno
991 1301 1038 1352 eet
1059 1301 1146 1372 atque
1167 1295 1297 1353 numm
1316 1290 1463 1352 nunbruu

268 1376 385 1452 (isidor.
409 1375 458 1436 lib.
481 1374 557 1436 XIX.
587 1374 699 1454 Origin.
729 1392 792 1454 cap.
815 1377 891 1450 32).
934 1374 1039 1436 Nonne
1066 1383 1163 1437 autem
1190 1375 1237 1438 bis
1265 1373 1462 1455 posterioribus

267 1460 364 1532 verbis
392 1459 428 1521 ad
456 1459 529 1520 baeo
549 1458 721 1520 Tertulliani
742 1459 881 1538 respexit,
911 1457 1017 1538 quibus
1039 1459 1194 1522 mulierum
1214 1459 1314 1522 luxum
1345 1458 1407 1539 ipso
1432 1456 1462 1516 de

267 1564 326 1624 quo
355 1544 467 1624 eminus
502 1543 567 1605 loeo
594 1543 638 1605 sio
663 1543 803 1622 exagitat:
838 1543 927 1606 Nune
954 1549 986 1606 in
1012 1545 1132 1624 serninia
1162 1561 1241 1626 prae
1264 1561 1340 1608 auro
1360 1541 1463 1606 nullutn

267 1629 331 1692 leue
351 1630 513 1692 remelium
545 1627 729 1704 (Tertullian.
751 1627 930 1707 Apologetio.
953 1645 1015 1707 cap.
1037 1631 1091 1706 6.).
1136 1627 1335 1702 Quamobrem
1357 1625 1462 1690 Ouidius

268 1722 354 1775 antea
375 1713 537 1775 eeclnerat:
852 1763 857 1772 ,

418 1797 478 1859 Nee
497 1796 619 1878 prodite
639 1815 757 1878 proves,
780 1800 880 1858 insuto
902 1796 1035 1860 nostibus
1056 1814 1144 1871 auro,

482 1881 542 1944 Per
562 1900 636 1963 quor
658 1899 720 1943 non
739 1885 853 1962 petitis,
875 1900 962 1960 saepe
983 1884 1097 1961 supotir
1119 1899 1200 1962 opos.

724 1965 822 2041 (ovid.
844 1964 894 2026 lib.
916 1965 966 2026 lll.
990 1965 1026 2028 de
1046 1966 1116 2026 Arte
1137 1965 1263 2028 Amandi
1284 1985 1311 2028 v.
1335 1967 1412 2039 172.)

352 2050 451 2112 Testis
479 2047 575 2111 adhue
600 2049 688 2111 nobis
715 2056 761 2111 est
786 2049 898 2110 Plinius
926 2049 1017 2111 uisam
1049 2069 1066 2111 a
1100 2069 1134 2111 se
1153 2050 1344 2130 Agrippinam
1369 2044 1466 2110 Claudi
1537 2117 1538 2136 χ

267 2135 420 2215 principis,
449 2133 478 2196 id
500 2140 548 2196 est
567 2131 704 2207 Neronis,
727 2151 851 2195 uxorem
877 2134 977 2196 edente
998 2154 1032 2196 eo
1053 2134 1173 2196 novalia
1192 2137 1309 2215 proelii
1328 2144 1467 2216 apertoru-
1533 2146 1538 2207 ξ

268 2220 339 2291 tuot,
362 2221 510 2282 ossidmte
531 2222 566 2290 ei,
589 2218 725 2280 indutam
743 2218 957 2299 paludamento
979 2219 1066 2281 ouro'
1080 2218 1181 2281 enutrit
1200 2223 1269 2282 siue
1284 2217 1467 2283 otiomoterio
1533 2270 1537 2313 1

250 2303 353 2378 477111.
376 2303 446 2366 ibid.
469 2321 532 2382 rap.
555 2305 609 2380 3.).
639 2302 727 2375 Quod
748 2302 865 2381 quidem
886 2312 917 2363 et
937 2303 1012 2364 Ilion
1033 2303 1122 2376 (Dion
1142 2303 1193 2365 lib.
1208 2304 1244 2365 X.
1270 2305 1350 2367 Rom.
1364 2301 1466 2362 Hister.

267 2409 296 2470 p.
321 2391 403 2464 790.)
436 2395 465 2450 et
494 2386 647 2448 Cornelius
675 2386 794 2448 Tacitus
826 2387 1000 2448 confirmant
1033 2388 1077 2464 (il.
1099 2387 1191 2450 Tam't.
1219 2387 1273 2451 llb.
1295 2389 1353 2451 Xll.
1374 2383 1467 2445 Innal.

267 2475 423 2550 antesin).
466 2471 525 2545 Qui
546 2471 628 2550 plura
649 2471 685 2532 de
705 2471 763 2532 boe
776 2471 974 2532 Romanarum
994 2471 1148 2534 mulierum
1169 2472 1239 2534 luxu
1257 2474 1332 2536 seire
1346 2467 1467 2539 noluerit,

267 2559 294 2619 is
316 2558 402 2632 adeat
419 2556 580 2618 Iloursium
602 2556 720 2630 (biems.
741 2555 793 2618 lib.
815 2555 852 2618 de
873 2556 958 2617 Luxu
979 2556 1101 2618 Roman.
1125 2561 1224 2637 capt
1247 2567 1278 2621 'et
1291 2560 1392 2637 seqq),
1412 2553 1466 2614 llo·
1534 2600 1538 2613 .

266 2642 434 2722 biernylrum
455 2640 601 2715 (linbiern.
622 2639 672 2702 llb.
686 2640 708 2701 l.
731 2639 768 2701 de
788 2640 874 2701 Luxu
895 2640 981 2702 Rom.
1003 2661 1065 2721 oap.
1082 2643 1144 2705 8et
1158 2646 1254 2721 seqq.)
1278 2663 1321 2718 ao,
1343 2641 1368 2704 si
1388 2643 1466 2710 rarat,

267 2747 301 2790 ea
322 2745 395 2806 quae
415 2745 472 2789 nos
494 2724 562 2788 alibi
583 2723 787 2787 annotavimus
809 2725 907 2801 (Toni.
929 2725 953 2786 l.
974 2726 1110 2806 Apparet.
1132 2744 1162 2806 p.
1181 2729 1280 2803 792).

763 2910 930 2962 anniculus
948 2911 983 2961 Vl.

267 3015 400 3072 Rependitur
423 3021 504 3071 quarm
527 3013 641 3060 serenitate
665 3025 721 3058 nsua
743 3013 787 3059 vini
811 3015 940 3058 mulieribus
964 3015 1015 3059 oIIm
1033 3015 1161 3060 interdictus
1179 3015 1244 3058 merit
1262 3028 1289 3060 ne
1308 3027 1373 3072 qnam
1389 3014 1466 3068 inpune

267 3090 356 3140 proptor
372 3083 430 3126 illius
448 3083 541 3126 abusum
558 3093 639 3126 uxores
657 3095 669 3126 n
686 3083 738 3126 viris
757 3083 803 3126 onis
821 3083 945 3126 trueidatno
963 3083 1019 3132 sint:
1038 3093 1103 3138 qnam
1121 3083 1264 3128 immoderate
1277 3089 1354 3140 postea
1366 3094 1378 3142 q
1392 3077 1466 3125 amnis

192 3202 196 3212 Ι
267 3157 386 3205 sumptum,
403 3161 460 3206 quea
478 3149 562 3194 IdoIreo
579 3150 668 3194 solitum
686 3151 787 3194 osculum
804 3151 932 3206 propinquis
949 3151 1062 3205 porrigere
1081 3163 1125 3194 non
1142 3151 1268 3203 audebanti
1292 3163 1357 3206 qnam
1373 3151 1465 3202 nequem

319 3217 491 3261 moriturorum
508 3217 639 3272 repudIatio,
656 3217 735 3272 prloois
750 3217 886 3272 temporibus
903 3217 1021 3272 incognita,
1039 3229 1066 3262 no
1085 3230 1128 3273 qun
1147 3217 1231 3262 rntioue
1249 3219 1331 3264 etbnini
1348 3215 1429 3276 proavis

531 3285 579 3327 suis
597 3285 697 3329 nuntlum
715 3295 819 3328 sermono
837 3292 859 3328 et
876 3285 980 3340 loquendi
998 3285 1063 3329 modo
1081 3286 1214 3330 remiserint.

352 3395 430 3456 Nihil
451 3415 524 3459 sane
544 3399 662 3479 antiquie
675 3398 875 3460 Romanorum
896 3400 1043 3479 probitate
1064 3401 1156 3480 magis
1175 3401 1307 3479 dignum,
1330 3418 1413 3481 quam
1425 3415 1467 3460 sa-

268 3479 362 3544 lubris
390 3479 438 3542 illa
466 3483 617 3557 seneritas,
647 3501 702 3563 qua
729 3483 790 3544 vini
818 3501 891 3545 usus
920 3485 1038 3548 feminis
1059 3486 1098 3547 ita
1120 3485 1293 3547 iuterdietus
1316 3487 1414 3556 iuerat,
1438 3488 1468 3542 ut

268 3577 447 3638 matronam,
470 3567 545 3628 siout
559 3567 756 3630 Tertullianus
775 3575 882 3630 noster
903 3577 1056 3643 memorat,
1080 3570 1114 3633 od
1137 3575 1307 3650 resipitotoe
1331 3569 1417 3634 oeltoo
1429 3567 1469 3627 oi·

268 3654 376 3714 nomae
404 3650 518 3716 loouloo
546 3657 597 3714 oui
622 3653 722 3715 inedia
749 3657 895 3716 necarent.
939 3654 1002 3718 Sub
1029 3653 1155 3717 Romulo
1182 3673 1255 3717 oero
1285 3675 1360 3736 quoe
1379 3657 1469 3715 ninum

268 3740 412 3815 ottiqorot
437 3740 557 3816 inpune
585 3756 604 3800 o
626 3737 757 3803 Meroua
777 3743 887 3800 morito
909 3739 1062 3802 trucidato
1083 3749 1136 3801 est.
1181 3739 1298 3803 ideireo
1328 3751 1357 3803 et
1377 3733 1469 3800 orento

264 3823 445 3903 propinquis
468 3821 581 3904 offerre
601 3825 764 3885 meraritas
786 3834 861 3896 erat,
883 3833 918 3886 ut
940 3828 1051 3905 optritae
1068 3826 1277 3887 dedicarentur
1299 3821 1467 3900 (Tertullam

268 3905 421 3986 dpologet.
443 3923 506 3986 oap.
529 3909 582 3983 6.).
625 3907 736 3969 Eadem
756 3907 851 3986 plane,
874 3908 930 3969 etsi
952 3926 1013 3971 non
1034 3907 1139 3970 eodem
1161 3907 1275 3982 ordine,
1298 3909 1401 3970 elarius
1421 3920 1467 3964 ex·

267 3991 356 4070 plicat
374 3990 505 4054 Pliuius:
524 4039 525 4046 .
541 3990 607 4052 Non
628 3991 743 4064 licebat,
771 3992 875 4070 inquit,
902 3993 935 4054 id
955 3993 1077 4070 (uinum)
1098 3994 1220 4073 [eminio
1239 3992 1351 4056 Itomae
1371 3991 1467 4055 bibere.
1539 3999 1540 4024 ¹

269 4075 443 4138 Inoourinuo
463 4080 545 4139 inter
566 4075 703 4156 enemplo
723 4075 846 4157 liquotii
864 4076 990 4140 Meneni·
1007 4094 1143 4150 umorem,
1167 4081 1245 4160 quod
1265 4083 1368 4141 oiuunt
1388 4074 1468 4138 bibt't·

269 4169 316 4222 tot
337 4177 352 4218 o
374 4160 464 4233 dolio,
486 4161 677 4240 intersertam
697 4163 796 4243 suinae
818 4181 836 4223 o
856 4165 966 4224 morito
989 4181 1109 4243 nemque
1131 4163 1228 4226 ooedt'r
1250 4160 1407 4226 oRomulo
1420 4155 1468 4218 od·
1539 4205 1540 4220 .

268 4239 412 4306 solutum.
455 4243 564 4308 Fabius
583 4246 687 4309 Pt'etor
714 4251 747 4308 in
768 4246 934 4309 Annalibus
961 4253 1025 4309 auio
1053 4251 1176 4327 κτέρεα
1197 4257 1373 4318 notronort,
1400 4237 1469 4324 qvod
1539 4243 1540 4310 i

269 4323 396 4400 loculos,
424 4332 456 4390 in
478 4330 583 4410 quidm
606 4342 695 4394 erunt
717 4331 816 4394 olores
837 4335 974 4394 oiuorioe
996 4332 1095 4404 oollae,
1124 4335 1347 4412 roaiqnooisset,
1374 4325 1468 4391 orult
1539 4321 1540 4404 i

268 4409 370 4472 coetu
389 4415 470 4475 mori
490 4426 637 4492 ooootoru,·
663 4416 734 4480 Coto
755 4417 821 4479 ideo
841 4419 1029 4497 propinquos
1050 4418 1171 4495 sementa
1193 4417 1328 4480 ortulum
1343 4416 1418 4482 dore,
1437 4413 1468 4470 ut
1539 4419 1540 4502 i

269 4497 383 4558 rotroni
403 4514 444 4557 on
465 4505 601 4563 tenutam
624 4501 751 4564 olerent.
793 4500 859 4563 lioo
880 4511 942 4564 tum
963 4519 1070 4566 nomeu
1090 4506 1160 4563 otim
1183 4513 1258 4574 erut,
1284 4501 1363 4563 uude
1383 4507 1410 4560 et
1429 4505 1467 4556 to
1539 4508 1540 4548 1

268 4578 414 4662 multatio
434 4581 587 4662 appellato
608 4585 695 4663 (Plin.
715 4585 766 4648 lib.
789 4585 863 4650 XIV.
883 4584 984 4651 Natur.
1006 4586 1082 4651 lliet.
1104 4605 1166 4668 cap.
1184 4588 1257 4667 13.).
1286 4584 1359 4659 Quis
1379 4589 1467 4646 autem
