3126 5250
292 345 355 408 270
390 360 581 405 oxsssarsrxa
596 360 626 404 ns
642 361 690 412 ou.
705 359 890 405 sarrsscaa.
906 360 1099 404 rmuuuuxun
1112 361 1332 404 monocentauri
1345 361 1420 405 carr.

291 515 410 574 mortui
435 511 532 578 orbis.-
564 514 755 592 quaesissetis
783 511 890 594 quibus
916 515 1117 592 imperaretis.
1160 510 1271 574 Plures
1298 512 1387 574 hostes
1405 511 1472 574 uoli's

292 615 380 680 quam
403 600 495 674 moes
502 599 718 659 remansissent
740 596 831 672 tidem
847 595 1004 675 ,Apologet
1028 613 1090 676 cap.
1114 598 1177 673 37.)

376 681 433 742 Sed
455 679 621 759 quempiam
643 679 744 742 audire
766 679 851 741 nabis
873 679 1015 754 videmur,
1037 680 1087 759 qui
1109 681 1140 742 in
1165 699 1251 742 aures
1272 680 1424 742 insusurret
1441 678 1471 738 ihi

292 765 417 844 aliquam
439 783 505 826 esse
527 765 698 826 Tertulliani
719 764 981 844 exaggerationem.
1018 764 1078 826 'Cui
1102 765 1196 838 enim,
1225 764 1348 843 inquiet,
1377 762 1471 842 probui

291 869 419 929 unquam
439 848 550 929 poterit
575 857 686 911 tantam
706 857 775 910 tunc
795 849 888 912 luisse
910 849 1141 913 Christianarum
1163 845 1393 911 multitudinem?
1428 848 1471 907 le

290 953 356 996 rum
378 953 445 1013 qua,
474 951 596 1012 quaeso,
625 934 721 994 lrante
743 933 791 994 hic
813 933 876 1012 ipse
898 934 1093 996 Tertullianus
1115 934 1240 1014 puhlicis
1261 934 1292 994 iu
1311 932 1396 1004 libris,
1415 950 1470 1010 quas

290 1037 351 1081 non
373 1019 423 1080 uni
446 1025 558 1079 motum
580 1017 736 1096 Scapulae,
771 1017 951 1098 Carthaginis
973 1017 1113 1098 praesidi,
1146 1019 1199 1080 sed
1226 1018 1377 1090 Romanis,
1402 1015 1437 1076 rel
1453 1015 1471 1075 si

289 1102 372 1178 ralis,
395 1103 507 1164 Africae
529 1102 707 1164 antistitibus
729 1101 789 1163 imo
805 1111 835 1165 et
848 1103 1026 1177 nationibus,
1047 1103 1106 1164 hoc
1121 1111 1167 1164 est
1182 1101 1336 1181 gentilibus
1352 1099 1471 1172 omnibus,

290 1186 491 1249 infestissimis
507 1186 741 1248 Christianorum
763 1187 911 1261 hostibus,
934 1187 1005 1248 illud
1027 1196 1087 1248 tam
1108 1187 1256 1262 audacter,
1278 1187 1335 1248 nisi
1354 1185 1381 1246 id
1400 1183 1470 1245 reris·

290 1273 398 1334 simum
420 1279 510 1346 esset,
532 1290 701 1334 asseverare
722 1270 841 1351 potuit?
868 1271 974 1333 Nonne
1002 1271 1164 1332 timendum
1185 1272 1245 1352 ipsi
1267 1279 1336 1344 erat,
1356 1289 1389 1330 ne
1407 1286 1470 1329 men-

291 1357 366 1419 dacii
387 1364 537 1418 convietus
560 1375 647 1418 causa
668 1375 728 1417 nan
751 1356 816 1418 sine
836 1357 898 1418 risu
921 1365 950 1418 et
972 1356 1065 1417 sibilis
1088 1355 1229 1418 caderet?
1266 1356 1297 1416 Si
1318 1355 1378 1434 quis
1397 1362 1470 1414 amen

289 1441 422 1522 pertinax
444 1441 563 1502 credere
585 1440 643 1520 ipsi
664 1441 747 1516 nolit,
770 1441 857 1502 tidem
879 1448 957 1503 certe
972 1441 1042 1503 dare
1056 1459 1116 1502 nan
1132 1449 1239 1502 renuat
1252 1441 1345 1502 Plinio
1359 1437 1469 1501 seeundo.

290 1527 339 1606 qui
361 1527 398 1587 de
419 1525 525 1587 iisdem
541 1524 714 1588 Christianis
736 1527 808 1588 haec
822 1534 907 1587 antea
927 1526 963 1588 ad
978 1526 1135 1587 Traianum
1150 1526 1357 1606 Imperatorem
1370 1522 1470 1602 scipsa-

289 1619 349 1672 rat:
384 1610 476 1672 Multi
496 1616 589 1672 amuis
612 1615 728 1682 aetatis,
756 1616 852 1673 omnis
875 1613 999 1682 ordinis,
1028 1613 1187 1692 utriusque
1217 1629 1307 1674 senus
1339 1613 1414 1671 etiam
1431 1623 1470 1666 uo-

290 1707 400 1756 cantur
430 1697 462 1755 in
492 1695 663 1774 perieulum
692 1705 719 1756 et
747 1695 947 1757 vocabuntur.
991 1695 1090 1777 Neque
1118 1699 1199 1756 enim
1221 1699 1351 1757 ciuitates
1372 1699 1468 1760 tanum

248 1797 252 1812 ·
290 1780 342 1840 sed
363 1783 443 1841 uitas
467 1784 555 1841 etiam
576 1789 663 1858 atque
684 1796 775 1859 agros
803 1781 1029 1860 superstitionis
1057 1784 1147 1842 istius
1176 1785 1311 1860 cantapia
1335 1783 1468 1860 peruapau

291 1873 337 1926 est
358 1863 444 1937 (Plin.
467 1863 560 1942 Epist
584 1862 654 1938 ct).
1525 1917 1526 1940 ,

376 1946 470 2020 Quam
492 1966 562 2008 sane
589 1947 627 2007 ob
654 1965 718 2008 rem
747 1947 853 2009 ethnici
880 1947 1067 2021 maerebant,
1099 1947 1140 2009 ait
1171 1948 1268 2010 adhuc
1298 1943 1464 2009 Tutulinas,
1525 1949 1526 1978 t

291 2040 401 2093 tantum
425 2051 490 2094 esse
511 2033 629 2094 illorum
649 2051 815 2098 numerum.
844 2051 878 2094 ao
899 2033 935 2094 de
956 2033 1005 2093 illa
1028 2033 1123 2112 palam
1144 2033 1402 2113 conquerebantm:
1423 2024 1462 2085 Ol·

291 2135 412 2187 sessum,
435 2115 539 2195 inquit,
562 2118 774 2196 uociferantur
797 2121 960 2189 civitatem
983 2121 1186 2198 inepriata
1209 2115 1461 2187 adsentantur
1525 2121 1526 2138 ³

291 2200 329 2262 lis
347 2201 542 2273 Christianos,
565 2220 680 2263 ananan
694 2219 806 2273 senuna
830 2214 965 2274 aetatem,
990 2203 1188 2264 conditionem
1211 2214 1241 2265 et
1262 2207 1319 2264 iam
1334 2201 1456 2279 dignitates·

291 2287 465 2365 transgredi
484 2287 523 2348 ad
544 2286 597 2348 boc
618 2304 734 2357 nomen,
757 2290 844 2366 quasi
865 2287 1040 2349 detn'nrento
1061 2296 1198 2348 mouent
1220 2287 1389 2361 (Tertulliano
1403 2277 1456 2354 lpt·

290 2368 377 2448 laget.
401 2389 463 2450 cap.
487 2373 538 2448 1.).
581 2369 727 2449 Numquid
749 2389 819 2450 ergo
842 2369 921 2431 dices
944 2371 1039 2432 adhuc
1059 2371 1153 2432 domm
1176 2372 1213 2432 ab
1236 2372 1285 2433 illo
1307 2379 1354 2432 aut
1372 2377 1457 2440 exagge-

289 2463 382 2514 ratam
414 2455 506 2516 iuisse
537 2455 613 2516 hanc
643 2455 793 2534 gentilium
823 2453 1060 2534 querimoniam?
1104 2455 1162 2516 Sed
1190 2475 1255 2518 eam
1283 2455 1337 2518 alio
1362 2452 1388 2512 in
1404 2446 1462 2512 thro

290 2539 437 2618 ipsosmet
458 2538 591 2600 ethnicos
613 2538 788 2618 aNoquenda
810 2539 931 2601 totidem
953 2559 1047 2626 paene
1068 2540 1165 2600 verbis
1188 2542 1295 2620 repetit
1309 2524 1463 2616 (ldemlibl

291 2623 327 2684 ad
349 2623 425 2685 Natt.
447 2642 479 2684 ca
503 2669 511 2685 .
535 2626 586 2685 1..

374 2627 657 2787 ltaquepoumladeo
680 2707 860 2788 multiplicati
883 2708 1008 2770 luissent
1029 2707 1197 2782 Christiani,
1228 2709 1324 2771 nullus
1345 2711 1410 2768 certe
1427 2697 1465 2790 dt·

290 2792 401 2854 bitandi
422 2792 505 2854 lacus
528 2800 589 2867 est,
621 2793 692 2872 quin
715 2811 781 2856 cum
804 2793 926 2854 ethnicis
948 2793 1085 2871 permixti
1113 2812 1270 2856 commune
1291 2811 1353 2854 cum
1371 2787 1418 2850 ilis
1434 2800 1466 2838 n·

289 2879 376 2939 vendi
398 2896 491 2956 genus
513 2877 663 2939 haberent
708 2877 780 2938 Cum
801 2877 857 2938 illis
879 2877 996 2957 quippe,
1019 2886 1052 2940 ut
1073 2877 1113 2938 ait
1133 2878 1336 2949 Tertullianus,
1364 2874 1469 2951 terena
1525 2873 1526 2932 l

290 2965 421 3026 eiusdem
442 2967 539 3026 uictus
563 2962 690 3034 habitus,
713 2962 743 3023 id
765 2970 810 3024 est
832 2961 925 3023 victus
948 2967 983 3023 et'
997 2963 1131 3036 restitus,
1160 2965 1338 3032 instructus,
1369 2951 1469 3046 eiusdem
1525 3025 1526 3044 Χ

291 3050 330 3109 ad
350 3051 443 3108 uitam
464 3051 651 3109 necessitatis
673 3047 766 3122 (Idem
780 3046 931 3126 Apologet.
948 3061 1010 3126 cap.
1026 3049 1100 3124 42).
1136 3047 1244 3110 Verum
1267 3062 1361 3108 nonne
1380 3037 1470 3102 metius,
1525 3075 1526 3124 q

290 3131 404 3209 inquiet
425 3130 547 3209 aliquis,
581 3132 612 3192 iu
632 3130 708 3192 libro
731 3131 766 3191 ad
789 3130 928 3192 Nationes
951 3131 1024 3192 dixit
1044 3142 1212 3212 apparatu,
1243 3132 1273 3193 id
1301 3137 1346 3191 est
1370 3123 1435 3187 cultu
1450 3123 1471 3174 ⁰2
1525 3133 1526 3190 l

291 3223 397 3274 ornatu
419 3213 510 3287 (ldem
532 3214 581 3276 lib.
597 3215 620 3275 l.
642 3216 679 3277 ad
700 3215 816 3276 Natian.
840 3234 901 3294 cap.
927 3213 1012 3293 10.)ῗ
1040 3215 1122 3277 atsi
1145 3216 1218 3277 haec
1239 3217 1278 3277 sit
1297 3208 1412 3276 nominis
1430 3220 1471 3298 ap·
1525 3211 1526 3292 g

287 3309 418 3378 paratus
441 3298 615 3377 significatio
638 3307 668 3360 et
688 3302 857 3362 instructus
879 3299 996 3374 abillo,
1019 3299 1094 3360 sicut
1121 3319 1138 3361 a
1160 3300 1301 3362 Cicerone
1322 3295 1415 3370 (Cicer.
1434 3284 1469 3382 ll·

291 3381 341 3441 lll.
365 3381 401 3441 de
425 3381 505 3442 Orat.
528 3400 592 3462 pag.
619 3385 689 3447 181.
711 3383 762 3445 lin.
785 3387 859 3459 37.),
887 3384 1045 3463 accipiatur
1066 3404 1121 3464 pro
1145 3395 1261 3456 ornatu,
1284 3377 1417 3462 quomoda
1435 3369 1470 3431 tlt

291 3484 457 3527 asseverare
478 3467 573 3544 potuit
588 3467 713 3528 eundem
728 3486 794 3529 csse
810 3467 1044 3530 Christianorum
1059 3468 1258 3531 instructum?
1278 3467 1376 3528 Nonne
1390 3457 1471 3553 eodem

290 3550 320 3612 in
341 3550 530 3630 Apologetieo
553 3551 736 3613 ethnicorum
757 3553 856 3613 luxum
878 3553 1025 3632 arguenda
1048 3553 1176 3615 dixerat:
1199 3553 1318 3623 Habitu,
1340 3553 1418 3614 uiant
1435 3557 1471 3598 ¹⁸·
1525 3607 1526 3610 ,

290 3645 420 3707 structu,
451 3655 540 3698 sensa
558 3640 685 3716 proauis
714 3642 914 3700 renuntiastis
937 3637 1027 3711 (ldem
1049 3639 1201 3718 Apologet.
1226 3656 1287 3717 cap.
1309 3631 1372 3710 ht?
1401 3625 1470 3724 'filins
1525 3649 1526 3716 ξ

290 3728 348 3782 stat
370 3728 477 3795 autern,
500 3728 532 3781 ut
553 3720 616 3799 ipse
638 3729 771 3792 testatur,
793 3721 878 3801 lange
900 3723 1041 3784 maiorem
1056 3723 1147 3785 luisse
1162 3707 1470 3784 Christianorummhu
1525 3719 1526 3746 t

291 3805 428 3867 omnibus
456 3805 657 3884 frugalitatem.
701 3805 793 3868 Nobis
821 3806 917 3886 itaque
947 3808 1024 3869 haud
1052 3825 1138 3886 aegre
1164 3804 1382 3888 persuadebitur
1408 3792 1470 3855 iton
1525 3859 1526 3874 ,

289 3891 383 3970 priori
404 3891 469 3952 loca
492 3889 639 3952 derebus
662 3891 791 3952 locutum
813 3911 881 3953 esse
903 3911 976 3970 quae
998 3893 1034 3953 ad
1049 3893 1266 3954 sustentandam
1291 3889 1371 3950 vitam
1385 3891 1468 3977 uetes·
1525 3895 1526 3970 ζ

291 3975 386 4037 sarias
408 3986 478 4037 suot
499 3985 528 4038 et
549 3975 655 4054 quibus
672 3975 828 4038 Christiani
849 3977 1092 4056 quemadmodum
1107 3977 1215 4058 plebeii
1229 3983 1279 4038 aut
1302 3969 1469 4035 modestus
1525 3973 1526 4014 1

291 4059 398 4120 ethnici
420 4061 584 4122 utebantur.

373 4143 410 4204 At
431 4153 510 4207 certe
532 4145 663 4225 quamvis
685 4144 762 4206 idem
785 4153 865 4207 esset
879 4145 1112 4207 Christianorum
1134 4155 1164 4209 et
1185 4143 1332 4226 gentilium
1351 4127 1470 4227 1101115θι

289 4226 413 4289 vestitus
440 4231 599 4309 eademque
624 4231 655 4291 in
682 4231 797 4308 publico
824 4229 938 4292 vivendi
964 4238 1050 4310 atque
1071 4232 1175 4310 agendi
1201 4231 1290 4300 ratio,
1319 4223 1352 4287 ab
1377 4219 1416 4311 ht·s
1434 4217 1468 4268 2³·

290 4329 358 4371 meu
375 4310 529 4376 Christiani
551 4315 805 4395 distinguebantur
826 4323 856 4376 et
876 4315 996 4394 agnosci
1018 4315 1100 4377 iacile
1121 4323 1256 4395 poterant
1276 4305 1405 4388 singulm
1417 4309 1469 4356 ¹¹¹⁰·

290 4394 399 4470 destia,
430 4398 568 4476 patientia
590 4408 619 4462 et
639 4399 833 4480 pristinorum
859 4399 996 4461 vitiorum
1023 4401 1235 4464 emendatione.
1277 4395 1370 4472 Nutu<t
1388 4383 1413 4446 ld
1431 4378 1467 4436 ll'

290 4490 472 4559 compertum
495 4493 557 4544 erat
578 4485 744 4562 gentilibus,
766 4504 841 4564 quas
863 4485 972 4546 idcirco
995 4485 1104 4548 huctor
1124 4496 1225 4548 noster
1244 4482 1322 4545 hisce
1342 4459 1470 4546 campelli

291 4565 403 4628 verbis:
439 4567 484 4630 aa
512 4569 670 4650 disciplina
691 4574 854 4652 patientiae
881 4571 999 4633 diuinae
1026 4590 1112 4652 apere
1134 4590 1190 4636 nos
1212 4571 1283 4633 satis
1303 4554 1468 4636 mallim
