3166 5250
512 401 648 447 sacroru
668 401 727 447 nra.
748 401 786 446 ua
807 401 934 448 aomar.
1272 387 1335 454 tot

108 550 246 616 demut?
276 551 335 614 Sed
357 553 424 632 quia
447 561 503 628 est,
536 553 662 634 inquies,
692 511 780 634 ¹pater
801 553 850 616 ille
872 554 981 618 Curis?
1024 555 1086 616 lios
1107 554 1225 636 qrridem
1248 555 1336 620 docet
1370 566 1373 574 ’

93 638 239 731 'Ouidius
262 638 419 700 Romulum
440 638 481 700 ita
502 646 637 702 vocatum
657 639 760 713 luisse,
783 638 834 702 ubi
855 640 945 702 osuit:

267 755 414 819 Promona
436 756 493 818 lun
513 775 610 819 vomo
632 768 685 831 est,
708 767 740 819 ot
764 761 854 819 tertio
877 759 954 821 dieto
980 759 1146 832 Quirino„

336 841 399 914 Qui
417 851 499 906 tenet
521 841 575 905 boe
596 861 713 915 nomeu,
736 841 883 905 Romulus
906 855 976 906 onte
996 843 1075 924 suit:

267 923 336 987 Siue
357 925 435 1007 qnod
457 926 549 989 tosto,
567 931 649 991 curis
667 931 781 1007 priscis
803 937 850 989 est
872 927 950 990 dioto
972 925 1102 1001 Sabinis,

330 1009 461 1078 Ilelb'ous
484 1030 502 1072 o
525 1010 584 1074 telo
607 1016 741 1074 venitin
763 1021 851 1073 ostro
872 1013 956 1074 deus.

269 1091 338 1156 Siue
359 1113 414 1157 sno
436 1095 510 1176 liepi
529 1115 638 1158 nornen
655 1114 787 1177 posuere
811 1096 956 1170 Quirites,

333 1177 391 1240 Seu
413 1183 483 1262 quio
503 1179 652 1244 Ilounonis·
668 1186 816 1243 innuerat
836 1180 887 1243 ille
912 1182 1015 1244 Cures.

652 1264 750 1340 (ovid.
773 1264 822 1326 bb.
845 1264 880 1326 Il.
903 1264 1016 1345 Pastor.
1039 1285 1067 1327 r.
1089 1267 1150 1330 473
1175 1271 1270 1348 seqq.)
1391 1321 1399 1332 .

105 1383 151 1444 At
174 1399 235 1442 nou
257 1381 354 1444 solum
375 1382 511 1455 Romulo,
540 1383 594 1446 sed
616 1383 791 1446 antoniano
814 1402 923 1446 nomen
944 1383 1015 1446 illud
1036 1384 1208 1465 impositum
1229 1387 1336 1460 Irrerat,

3 1513 4 1522 .
109 1467 159 1530 uli
181 1465 347 1530 Macrobius
377 1475 512 1530 testatum
539 1467 587 1530 his
607 1467 705 1530 verbis
727 1469 811 1530 feeit:
849 1468 887 1530 In
909 1473 1007 1532 sooris
1028 1472 1204 1532 inuoromns
1226 1470 1337 1534 Ionum

109 1552 289 1624 Iunonium,
318 1551 428 1615 ionum
457 1552 622 1625 Quirinum
649 1597 658 1614 .
683 1599 690 1614 .
715 1598 722 1613 .
747 1563 869 1633 patrem
891 1557 978 1636 quusi
998 1555 1131 1626 deorunr,
1160 1553 1334 1629 Iunonium,

3 1693 4 1708 ,
107 1641 204 1719 quusi
223 1653 286 1698 non
307 1636 406 1699 solun
425 1643 535 1700 mensis
557 1636 706 1710 Ianuarii,
728 1639 945 1700 aeduensium
968 1643 1099 1700 oninium
1119 1643 1274 1720 inpressas
1290 1655 1335 1704 te·

3 1769 4 1792 ,
109 1730 245 1784 nenton.
289 1720 326 1801 In
347 1722 458 1784 ditione
480 1733 581 1796 putens
602 1721 729 1785 Iunonis
752 1733 825 1784 sunt
847 1741 947 1786 omnes
971 1722 1132 1786 colendus.
1156 1767 1166 1784 .
1190 1769 1198 1785 .
1222 1767 1231 1786 .
1258 1725 1335 1798 Qui-

3 1851 5 1888 ,
108 1809 229 1876 rinnai,
252 1809 339 1886 quusi
359 1806 509 1870 bellorum,
523 1795 690 1887 parentem,
712 1807 749 1868 ob
771 1807 859 1871 Moto
879 1827 967 1888 quum
982 1808 1089 1871 Subrisi
1109 1811 1205 1870 eureio
1225 1820 1336 1872 norunt

2 1931 5 1975 ,
112 1889 257 1964 (Maeiob.
279 1889 329 1950 lib.
352 1890 374 1950 l.
402 1890 547 1952 Saturnal.
571 1909 633 1971 cap.
656 1893 711 1967 9.).
754 1891 839 1952 Varia
860 1891 957 1971 itaque
979 1891 1099 1954 luerunt
1118 1892 1181 1954 Iani
1202 1893 1334 1968 uomina,

113 1991 244 2052 quorum
266 1974 319 2034 tria
341 1974 378 2035 ad
398 1975 583 2054 propositum
605 1984 739 2036 nostrum
761 1984 902 2056 spectant.
945 1976 1076 2038 Primum
1099 1983 1143 2038 est
1157 1975 1259 2049 Poter',
1282 1997 1333 2040 se·
1421 1991 1424 2000 ·

112 2057 245 2120 eundum
267 2067 312 2120 est
330 2059 489 2132 Quirinus,
512 2079 528 2120 a
551 2059 613 2120 euri
636 2060 698 2121 sive
721 2061 804 2122 hasta
819 2060 981 2122 derivatum
996 2069 1026 2122 et
1041 2060 1159 2122 tertium
1175 2060 1332 2136 Iunonius,

111 2141 203 2222 quasi
225 2149 254 2204 et
274 2142 400 2205 Ianuarii
423 2151 452 2206 et
474 2143 606 2205 omnium
627 2145 774 2206 mensium
797 2145 837 2208 sit
857 2143 973 2207 initium
993 2152 1023 2206 et
1037 2145 1200 2225 ingressus.
1229 2145 1335 2228 Nonne

3 2283 4 2286 ,
110 2235 215 2290 autem
246 2225 315 2290 hine
346 2229 512 2290 confirmari
539 2237 646 2308 potest,
681 2229 759 2310 quod
787 2228 907 2308 scripsit
929 2229 1125 2292 Tertullianus
1152 2229 1334 2294 Iunonema

3 2311 6 2350 f
110 2319 200 2392 patre
222 2309 299 2386 Curi,
322 2312 372 2390 qui
393 2313 480 2374 etiam
502 2312 836 2394 Iunoniusappellatus
860 2321 916 2386 est,
943 2333 1030 2376 suum
1053 2313 1138 2375 Curis
1163 2314 1223 2375 sive
1247 2314 1333 2376 Curi-

109 2395 332 2542 33⁸⁰⁰⁰Pi⁸⁸0
361 2395 554 2477 cognomeui·
592 2397 635 2458 Ile
662 2395 718 2459 bae
744 2406 842 2460 umen
864 2397 1029 2460 comestura
1051 2398 1174 2460 aliorum
1197 2408 1262 2460 esto
1285 2399 1334 2462 iu-

132 2499 233 2542 rerum.

3 2569 5 2592 ⁵
201 2581 335 2642 Celerum
363 2581 478 2662 duplex,
507 2601 561 2662 pro
585 2583 701 2645 diuersa
722 2581 1050 2645 oodioum‘nostrorum
1071 2583 1207 2656 leudone,
1235 2593 1336 2664 potest

109 2684 186 2728 esse
217 2664 376 2728 verborum
405 2667 577 2729 Tertulliani
610 2685 726 2729 sensus.
770 2668 802 2729 Si
837 2667 993 2739 enim'ibi,
1027 2667 1274 2746 quemadmodum
1303 2670 1333 2730 iu
1460 2744 1464 2754 Ι

110 2751 228 2814 uostris
256 2769 345 2812 manu
372 2751 496 2812 exaratis
520 2750 734 2830 exemplaribus
757 2759 786 2813 et
807 2750 924 2830 Rigaltii
945 2751 1073 2814 editione
1095 2750 1174 2830 legas
1197 2752 1335 2814 Falisco-

112 2855 186 2898 rum
206 2839 239 2898 in
261 2836 406 2902 bonorem
428 2835 522 2906 (MSS.
545 2833 673 2916 bonore)
694 2839 799 2918 putris,
820 2835 908 2898 Curis
931 2847 960 2897 et
981 2840 1093 2915 eoepit
1115 2853 1223 2897 nomen
1244 2835 1333 2909 Iuno,
1413 2905 1421 2920 Δ

112 2938 226 2982 seusus
254 2920 326 2982 erit:
361 2919 543 2982 Faliscorum
565 2921 620 2982 dea
642 2929 688 2980 est
708 2919 792 2992 luno,
815 2935 890 2998 quae
911 2919 942 2980 in
964 2919 1058 2998 patris
1081 2917 1166 2980 Curis
1189 2919 1334 2982 honorem

109 3004 222 3066 sortita
243 3013 290 3066 ast
310 3023 394 3066 suam
417 3005 525 3067 Curitis
546 3003 780 3084 appellationem.
824 3003 856 3064 Si
876 3021 947 3064 vero
975 3021 1042 3064 oum
1064 3003 1170 3065 ueteris
1192 3003 1333 3066 editioni-

115 3088 174 3150 bus
202 3089 347 3167 legamus:
384 3089 572 3154 Faliscorum
598 3093 631 3150 in
660 3089 775 3152 bonore
805 3099 849 3150 est
874 3085 964 3168 p'oter
988 3089 1086 3159 birris,
1119 3089 1200 3150 unde
1222 3093 1337 3170 occepit
1372 3113 1374 3122 ¹

117 3185 279 3320 letati
293 3174 387 3321 llll
413 3173 595 3338 Tus-iil
627 3171 838 3337 nnnnnn
865 3172 1147 3336 illinita?
1174 3172 1336 3320 illiti

3 3353 4 3362 ¹
116 3341 212 3423 patris
234 3341 319 3404 birris
341 3343 456 3405 bonore
477 3342 617 3422 loquitur,
644 3360 707 3416 our,
735 3359 856 3422 quaeso,
883 3341 924 3404 ibi
946 3341 1067 3404 Iunonis
1095 3341 1275 3422 nibilplane
1298 3345 1335 3406 ad

116 3445 183 3489 eam
204 3445 267 3490 rem
287 3427 421 3490 laoieutis
442 3429 553 3490 inserta
574 3425 708 3490 mendo?
737 3427 841 3488 Nonne
863 3427 900 3488 ad
922 3425 1094 3488 Tertulliani
1115 3435 1244 3490 mentem
1260 3447 1335 3508 pro«

3 3539 4 3542 ¹
114 3511 184 3592 pius
205 3512 356 3586 uuerdent,
378 3511 428 3592 qui
449 3512 637 3592 probaverint
657 3512 739 3574 illum
761 3505 981 3591 intelligendum
1003 3529 1072 3574 esse
1093 3512 1130 3573 de
1144 3512 1258 3574 lunone
1273 3513 1334 3574 Cu·

3 3623 4 3628 ¹
114 3595 175 3671 riti,
207 3615 296 3686 quarn
326 3596 430 3658 Falisci
465 3605 608 3676 tauquam
641 3597 820 3676 singularem
850 3596 932 3658 urbis
962 3615 1033 3658 suae
1062 3597 1146 3660 deam
1175 3593 1336 3658 uolebant?

3 3723 4 3730 κ
109 3682 163 3743 ’Τιι
183 3699 353 3761 veroquse
374 3682 473 3743 varior
494 3681 534 3744 sit
553 3682 639 3743 leutio
662 3691 693 3743 et
713 3681 927 3764 interpretatio,
956 3681 1088 3760 expende
1109 3697 1144 3742 ao
1163 3681 1332 3759 pronuntia.

200 3767 238 3827 Aa
257 3766 347 3828 nobis
369 3767 515 3847 quispiam
536 3768 665 3827 sortasse
686 3765 802 3828 obviam
823 3765 920 3826 reniet
941 3774 971 3827 et
988 3763 1145 3826 obieetabit
1159 3763 1199 3825 ibi
1214 3764 1334 3825 humaui

114 3850 226 3928 aliquid
247 3868 369 3930 passum
391 3869 459 3913 esse
482 3849 701 3922 Tertullianum,
725 3850 774 3928 qui
796 3858 855 3911 tum
876 3850 987 3912 diserte
1007 3849 1133 3912 affirmat
1146 3848 1193 3908 bis
1210 3848 1331 3926 provin-

116 3935 229 3996 ciarum
250 3953 285 3996 ao
305 3935 452 3997 ciuitatum
473 3934 540 4010 diis,
559 3935 704 3996 hacteuus
726 3933 763 3994 ab
785 3951 821 3995 eo
842 3931 1004 4013 appellatis,
1027 3933 1139 3994 nullum
1160 3931 1334 3993 aliomanis

106 4017 266 4082 ‚reddum
293 4019 423 4082 divinum
449 4020 594 4081 honorem
628 4017 811 4092 (Tertulliau.
840 4017 993 4098 Apologos.
1023 4035 1085 4097 oap.
1109 4019 1184 4092 pq),
1228 4015 1333 4078 Nonne

119 4101 198 4164 euim
231 4101 405 4183 Capitolium
440 4104 477 4166 ab
508 4104 575 4184 ipso
607 4113 692 4166 autea
723 4110 856 4163 rosatum
890 4103 986 4163 iuerat
1018 4105 1103 4164 maio
1134 4099 1337 4164 doemonum?

117 4185 237 4263 Nonne,
251 4187 347 4250 adhue
373 4190 446 4252 haee
466 4198 537 4252 sunt
550 4187 634 4250 illius
656 4187 713 4249 alio
735 4187 766 4248 iu
786 4185 863 4247 libro
885 4186 988 4248 rerba:
1025 4184 1171 4247 Pluribus
1194 4194 1223 4248 et
1244 4203 1334 4268 uspe-

117 4274 254 4336 riorilus
274 4275 444 4338 nomnibus
466 4274 718 4355 ompln'tbentrant
747 4281 951 4342 eonseorotnr,
980 4287 1068 4350 quom
1094 4267 1138 4341 (iu
1158 4269 1333 4350 antiquiori·

3 4375 4 4392 ¹
116 4356 173 4419 bus
196 4357 285 4420 editis
306 4359 389 4422 deest
410 4357 510 4441 quom)
544 4357 724 4438 Capitolium
745 4357 878 4419 omniun
899 4355 1024 4417 deornm
1046 4357 1131 4415 eurio
1153 4365 1197 4418 est
1228 4353 1332 4430 (Idem.

6 4499 10 4506 .
116 4441 169 4503 lib.
192 4443 228 4504 de
252 4441 385 4524 Specus
407 4455 470 4523 esp.
495 4441 583 4521 luti
625 4441 729 4504 Nouae
757 4441 861 4512 Roma,
895 4447 928 4499 ut
955 4437 995 4499 ait
1021 4435 1083 4499 Leo
1105 4437 1232 4513 Primus,
1265 4459 1334 4502 om-

118 4526 199 4589 nium
229 4528 359 4607 gentium
391 4527 537 4590 serviebat
566 4525 715 4589 erroribus
742 4524 913 4604 illarumque
936 4523 1009 4584 deos
1030 4532 1231 4602 assumpserat
1258 4525 1335 4600 (lieo

116 4608 215 4677 Serus.
237 4613 268 4676 iu
289 4613 381 4678 Natal.
404 4613 456 4677 SS.
478 4611 558 4675 Petri
579 4620 609 4675 et
628 4608 745 4690 Paulli?
787 4607 912 4674 Romani
934 4607 1022 4690 igitur
1042 4608 1237 4760 quaaornmlibet
1257 4627 1336 4691 gen-
