3082 5238
258 355 321 420 590
343 371 381 414 DE
396 370 469 414 VERA
483 371 596 414 aaran
611 371 646 412 AG
661 367 809 412 lissffl'llllst
825 367 1013 412 scurrone!
1026 367 1222 412 mmmm
1235 367 1413 412 assentatio

259 541 346 586 secus
368 527 424 582 est.
466 518 539 580 Nam
562 519 680 580 tametsi
701 519 732 580 in
753 527 879 598 utroque
900 517 978 578 libro
1000 517 1080 590 velit,
1101 525 1135 580 ut
1151 518 1281 597 virginee
1304 517 1482 596 obtegantur

260 605 336 676 velo,
359 621 421 664 non
447 602 514 680 ipse
541 611 640 664 mman
668 604 727 664 iste
754 620 919 664 consensus
945 601 1090 662 librorum
1127 619 1162 664 ex
1193 602 1296 663 eadem
1326 602 1482 680 disciplim

258 688 408 768 prodiisse
434 693 592 764 utrumque
619 687 822 759 demonstrat,
849 685 923 758 sed,
950 683 977 746 si
998 684 1065 764 quis
1088 686 1241 764 utriusque
1262 685 1328 746 loca
1349 696 1483 748 secante

260 770 425 842 contulerit,
447 761 575 847 magnus‘
594 771 650 830 erit
672 789 688 830 a
710 787 743 832 se
765 768 938 830 Tertulliani
962 767 1128 842 dissensus,
1157 769 1207 847 qui
1234 777 1370 864 nostram
1392 769 1482 830 multo

259 873 355 1000 tlt:
376 853 1057 1016 ttttmttitttaltitudini
1077 851 1484 998 latinitatis

260 1022 337 1084 banc
357 1020 600 1082 consuetudinem
621 1021 762 1094 defendit,
784 1020 838 1081 sed
860 1020 890 1082 in
912 1027 1018 1080 nostro
1040 1021 1077 1080 de
1092 1019 1234 1084 Oratione
1255 1019 1356 1082 bbello
1381 1029 1423 1092 (o
1438 1024 1484 1084 22

260 1107 363 1184 pili.)
385 1121 446 1164 non
468 1105 625 1166 tenendam
646 1103 728 1166 iubat
748 1105 825 1164 bano
833 1103 1089 1177 consuetudinem,
1113 1105 1259 1186 legensque
1269 1105 1347 1166 adeo
1359 1109 1486 1183 odgini

262 1191 316 1252 bns
344 1204 467 1269 quoqne.
487 1191 665 1250 inficientem
693 1188 910 1258 celamentum,
944 1187 1000 1256 ait,
1034 1193 1180 1250 encncori
1201 1206 1307 1268 posse,
1346 1197 1440 1266 atque
1460 1191 1485 1248 ia

260 1271 414 1353 principiis
435 1271 514 1332 illius
535 1270 744 1350 disputationis
755 1275 793 1345 (c.
809 1273 885 1346 ab),
907 1276 996 1352 qnasi
1008 1271 1159 1333 incensis
1175 1273 1413 1334 retractandum
1428 1291 1486 1334 esse

261 1357 340 1420 illud
366 1357 445 1438 quod
464 1359 636 1434 promiscue
663 1358 841 1418 observetur
862 1373 921 1434 per
941 1355 1091 1416 Ecclesiae
1116 1355 1253 1416 velarine
1271 1355 1404 1418 debeorn
1428 1361 1487 1416 cic·

261 1445 344 1522 pines
366 1459 406 1501 on
427 1457 500 1501 non.
553 1439 632 1500 beve
660 1439 814 1516 igiturest
835 1438 915 1500 istud
936 1437 991 1500 viri
1013 1437 1093 1500 docti
1120 1443 1337 1517 argumentum,
1368 1441 1486 1517 potuis

263 1538 366 1604 satque
387 1523 436 1584 ille
457 1523 567 1583 rectius
589 1523 626 1584 ad
647 1523 851 1584 testimonium
880 1521 1045 1583 sententiae
1067 1539 1139 1584 suae
1162 1523 1252 1584 citare
1272 1541 1337 1600 cap.
1362 1526 1410 1595 6.,
1433 1523 1487 1594 nbi,

262 1611 332 1670 dum
354 1606 539 1686 rogationem
561 1615 693 1684 quaram
716 1605 858 1668 orationis
881 1604 1045 1667 dominicae
1068 1624 1128 1668 non
1151 1607 1271 1684 proprie
1294 1606 1352 1666 sed
1376 1607 1486 1687 tropice

263 1693 300 1754 de
328 1709 411 1753 sacra
432 1707 523 1752 coena
545 1709 614 1751 esse
635 1689 851 1768 intelligendam
873 1689 995 1760 dixerat,
1018 1691 1071 1752 scd
1092 1701 1121 1751 et
1141 1695 1218 1771 quio,
1242 1689 1353 1761 adiicit,
1380 1710 1487 1752 corse-

265 1777 335 1839 litcc
356 1776 503 1837 admittor
530 1778 590 1835 isto
610 1793 681 1844 coc,
710 1793 769 1836 non
798 1777 862 1835 sine
889 1773 1034 1852 reliqione
1052 1781 1153 1854 potest
1179 1775 1253 1854 fieri
1278 1785 1308 1835 et
1338 1775 1487 1854 spiritulia

264 1858 446 1938 disciplinae,
469 1857 520 1918 ubi
542 1857 692 1937 spiritalis
716 1857 876 1936 disciplina
897 1857 1023 1935 aliquam
1045 1857 1095 1918 dat
1109 1856 1306 1918 blontanistioi
1333 1859 1487 1938 scriptoris

264 1941 475 2022 suspicionem,
507 1941 558 2019 qui
588 1941 735 2021 spiritales
763 1959 806 2013 se,
840 1948 957 2001 ceteros
984 1941 1141 2019 psychicos
1176 1941 1377 2022 appellabant.
1437 1943 1488 2002 Sed

262 2025 359 2105 potuit
380 2023 578 2086 Tertullianus
606 2024 662 2086 sub
693 2024 873 2104 spiritalibus
901 2025 989 2086 etiam
1017 2025 1137 2103 quosvis
1159 2025 1272 2104 probos
1294 2025 1487 2088 bomineset

147 2147 154 2156 ,
264 2109 450 2170 Christianos
472 2107 645 2186 intelligere,
678 2108 757 2186 quod
783 2107 855 2168 mibi
885 2108 978 2185 magis
1006 2109 1102 2187 placat
1122 2117 1289 2188 propterea,
1328 2111 1417 2188 quod
1440 2111 1486 2170 bos

263 2211 324 2254 non
347 2193 386 2252 ita
408 2191 500 2252 multo
521 2203 591 2268 post
610 2191 820 2270 interpretatur
833 2209 886 2269 per
900 2192 1012 2272 fideles,
1036 2211 1147 2271 eosque
1166 2211 1228 2254 non
1244 2193 1438 2254 Ortbodoxis
1452 2194 1488 2254 rei

263 2275 414 2354 Psycbiois
447 2275 580 2353 opponit,
621 2275 673 2336 sed
702 2277 876 2339 notionibus
904 2275 935 2337 b.
958 2295 984 2336 e.
1012 2295 1073 2336 non
1102 2276 1289 2338 credentibus
1318 2276 1351 2337 in
1376 2277 1488 2348 lesum,
1520 2275 1521 2288 ¹

264 2377 359 2437 neque
392 2375 516 2436 usquam
546 2359 649 2439 reperi
678 2358 890 2420 Tertullianum
922 2359 969 2420 vel
995 2359 1026 2420 in
1053 2360 1128 2439 ipsis
1155 2360 1377 2422 blontanisticis
1412 2363 1487 2422 libris

265 2441 447 2506 Ortbodoxis
482 2460 592 2504 nomen
620 2442 748 2504 fidelium
775 2461 911 2520 negasse.
955 2443 1014 2504 lam
1044 2461 1109 2504 cum
1137 2444 1216 2504 buno
1242 2443 1355 2506 librum
1389 2465 1428 2506 ex
1459 2447 1487 2506 iis

265 2545 333 2588 esse
357 2527 428 2587 satis
451 2534 578 2598 constet,
601 2527 650 2604 qui
673 2525 887 2603 castigatiorem
911 2527 1075 2588 doctrinam
1091 2527 1258 2602 continent,
1282 2545 1487 2608 quemcunque

264 2610 306 2672 illi
327 2610 424 2671 locum
445 2610 476 2670 in
496 2609 666 2672 btdusmodi
688 2609 877 2688 Septimianis
898 2610 1017 2689 scriptis
1040 2611 1168 2684 dederis,
1190 2611 1269 2672 idem
1297 2621 1356 2672 est.
1391 2613 1487 2675 Nobis

264 2693 371 2774 quibus
393 2713 428 2755 ex
449 2713 485 2754 eo
507 2693 585 2755 nulla
608 2711 642 2754 se
664 2693 711 2754 vel
730 2693 803 2754 levis
817 2693 949 2772 suspicio
961 2711 1095 2756 errorum
1113 2695 1361 2756 blontanistarum
1379 2697 1488 2758 obtulit

265 2779 408 2857 optimum
428 2777 544 2838 videtur
565 2795 631 2839 eum
654 2777 810 2855 inprimis
832 2777 921 2838 liuius
945 2778 1064 2856 generis
1086 2779 1239 2842 collocare.

791 2981 820 3054 g.
846 2937 957 3068 quv.

348 3111 385 3172 bt
416 3111 525 3182 dicere,
556 3127 699 3188 quaenam
732 3111 865 3172 doctrina
897 3111 1057 3174 asserenda
1090 3114 1129 3174 sit
1154 3111 1231 3174 libro
1259 3111 1296 3174 de
1325 3113 1491 3194 baptismo.

264 3195 370 3256 maiori
391 3203 439 3254 est
459 3211 526 3254 oum
548 3193 716 3256 difficultate
738 3195 936 3256 coniunctum.
980 3195 1124 3274 Equidem
1154 3213 1214 3256 non
1239 3197 1360 3274 ignoro,
1394 3217 1492 3260 omnes

266 3278 310 3338 sic
331 3276 451 3349 sentire,
473 3277 556 3355 quasi
579 3279 619 3338 sit
640 3279 728 3340 buius
748 3277 814 3340 libri
838 3269 1019 3361 ὀρθοδοξία
1041 3288 1122 3342 extra
1138 3299 1256 3342 omnem
1277 3280 1492 3343 dubitationes

264 3361 373 3440 posita,
410 3359 521 3434 leniter,
554 3371 587 3422 ut
614 3362 644 3422 in
673 3362 789 3430 ceteris,
820 3371 1001 3441 repugnante
1023 3363 1219 3436 Holimanno;
1254 3364 1309 3425 sed
1337 3365 1374 3426 in
1405 3387 1441 3428 ea
1468 3386 1491 3426 rc

265 3445 397 3506 miranda
419 3444 501 3506 venit
521 3446 681 3506 multorum
703 3447 857 3508 doctorum
885 3447 1040 3508 bominum
1068 3447 1181 3521 levitas,
1210 3446 1261 3526 qui
1287 3447 1394 3512 libros
1416 3451 1492 3511 alios,

265 3547 389 3608 quorum
412 3538 616 3606 argumentum
637 3537 745 3590 certam
768 3529 856 3590 babet
877 3531 1013 3609 puritatis
1028 3531 1283 3608 significationem,
1308 3531 1492 3596 Tercnffian

265 3613 459 3674 Montanistae
482 3612 650 3685 tribuerint,
674 3623 703 3674 et
724 3613 782 3674 boc
802 3622 866 3674 tuto
890 3613 1053 3676 exemerint
1080 3633 1242 3677 enumero
1264 3616 1384 3680 borum
1407 3619 1492 3680 libro·

265 3715 342 3770 rum,
376 3697 460 3758 cuius
493 3705 591 3757 mmen
624 3696 691 3769 loci,
728 3697 754 3757 si
786 3697 831 3758 vel
859 3698 1030 3778 praecipuas
1052 3699 1294 3760 bloutanietarum
1325 3699 1360 3762 in
1393 3721 1432 3763 eo
1461 3703 1492 3760 sei

267 3781 508 3842 Ortbodoxorum
538 3779 699 3841 sententias
719 3781 923 3859 acquisiveris,
954 3789 1011 3842 tam
1034 3791 1104 3844 sunt
1131 3782 1260 3858 obscuri,
1282 3791 1318 3844 ut
1344 3784 1492 3865 inquisiti

266 3865 404 3927 omnibus
441 3864 489 3924 vix
522 3881 581 3942 quo
615 3882 649 3924 se
675 3872 769 3926 verim
795 3865 910 3926 animus
938 3865 1042 3928 videat.
1097 3866 1155 3927 Sed
1184 3876 1226 3938 ut,
1254 3876 1410 3945 quamum
1442 3873 1491 3930 br

264 3949 374 4028 possit,
407 3947 538 4018 dicamus
568 3955 675 4020 nmen,
698 3966 840 4027 quaenam
872 3950 902 4010 in
928 3949 1005 4011 libro
1027 3959 1133 4012 nostro
1155 3950 1290 4014 doctrina
1313 3952 1366 4012 sel
1391 3955 1432 4016 ad
1454 3955 1493 4013 bs

266 4033 311 4094 rel
338 4034 376 4093 ad
398 4032 463 4094 illas
484 4031 578 4109 magis
607 4031 743 4093 inclinata
771 4042 887 4110 regnet,
924 4033 1052 4112 primum
1080 4034 1174 4113 placet
1201 4033 1379 4098 examinare
1409 4039 1493 4100 toas

268 4117 318 4194 qui
347 4117 417 4178 bulo
442 4115 519 4176 libro
552 4116 753 4195 suspicionem
781 4116 969 4180 Montanismi
1000 4117 1168 4191 conficiunt,
1205 4118 1314 4182 deinde
1349 4139 1423 4190 eos,
1457 4121 1495 4196 qa'

268 4209 338 4260 sunt
358 4199 389 4260 in
411 4199 589 4262 contrariam
617 4212 741 4279 partem,
774 4200 870 4262 rarius
898 4201 975 4273 licet,
1004 4201 1162 4280 propositi.
1206 4202 1311 4281 Atque,
1341 4213 1383 4268 ut
1407 4207 1495 4268 mins·

268 4299 336 4342 mus
359 4301 404 4355 ea,
426 4302 501 4362 quae
522 4283 717 4346 subdubitans
740 4283 849 4346 obiecit
869 4285 1025 4358 Barouius,
1056 4285 1129 4348 satis
1155 4285 1204 4348 ille
1231 4286 1268 4348 ab
1289 4287 1409 4351 dllixio
1433 4307 1495 4350 cor·

267 4367 377 4426 lutatus
400 4367 442 4432 tin
464 4367 528 4430 Vita
549 4368 672 4431 Tertull.
694 4387 724 4448 p.
747 4371 799 4432 29.
823 4372 913 4447 sqq),
932 4369 1130 4432 Holimannus
1151 4371 1184 4432 in
1205 4370 1284 4432 illam
1307 4375 1497 4452 superiores

267 4456 382 4526 partem
404 4449 475 4511 baec
504 4452 609 4515 excitat
635 4461 817 4531 argumenta.
861 4453 993 4514 Primum
1020 4453 1098 4532 quod
1127 4453 1157 4515 in
1184 4453 1260 4518 libro
1283 4455 1324 4516 de
1346 4457 1497 4538 Baptisns

268 4531 467 4596 Tertullianus
497 4535 580 4596 dictis
614 4546 712 4598 utatur
740 4535 884 4600 similibus
914 4556 1026 4610 eormu,
1064 4557 1139 4618 quae
1166 4540 1198 4600 in
1225 4557 1261 4600 eo
1292 4540 1331 4602 de
1360 4541 1513 4604 Pudicius*
