3132 5238
264 377 306 442 66
487 387 678 434 ltlSSEllTfflO
700 387 738 430 ns
760 383 953 430 TERTULLIANI
973 384 1039 428 VlTh
1060 383 1098 427 ET
1120 381 1251 428 sceleris

350 541 434 604 Certe
455 559 528 620 quae
550 538 746 602 Christianum
767 535 882 624 Lupum
902 542 972 616 post
992 534 1066 596 alios
1085 532 1290 596 'demulserunt
1303 531 1476 596 Romanen-

262 629 305 692 sis
327 625 474 689 Ecclesiae
501 624 610 704 elogia,
637 641 697 684 non
725 621 819 699 magis
846 620 970 682 suadent
990 629 1050 682 tum
1074 618 1216 698 temporis
1239 617 1316 680 illius
1337 635 1476 680 commu-

263 713 385 776 nionem
413 710 523 772 lavisse
545 707 772 778 Tertullianum,
801 723 888 784 mam
915 723 988 784 quae
1014 704 1082 765 libri
1103 703 1150 765 lv.
1173 709 1274 764 conus
1294 701 1477 764 Mardonem

263 815 327 876 cap.
350 801 383 861 5:
427 793 590 856 Videamus
609 794 688 874 guod
721 791 775 852 hac
806 789 941 852 aPanlo
966 788 1116 851 Corinthio·
1135 788 1302 859 hauserint,
1325 789 1364 850 cd
1385 807 1479 868 gnara

263 881 400 961 regulam
422 879 545 942 Galatae
567 879 629 941 sint
650 879 830 946 recorrecti,
858 875 928 955 qnid
949 874 1048 952 lepant
1068 872 1289 954 Philippenses,
1316 871 1479 934 Thessala-

262 970 405 1036 nicenses,
427 959 561 1043 Ephesii,
585 963 657 1044 pald
677 964 765 1022 enan
779 959 907 1022 hasnoni
921 959 1106 1039 depromino
1122 967 1237 1028 soant,
1259 957 1364 1038 gnidae
1379 976 1480 1020 euan-

262 1051 371 1132 peh‘nn
392 1059 421 1112 et
442 1048 551 1110 Petras
574 1057 602 1108 et
623 1045 737 1108 Panlns
753 1048 898 1123 sangnine
912 1061 1026 1125 qnoque
1040 1062 1096 1106 sna
1111 1047 1260 1122 signatam
1275 1041 1478 1125 reliquerant.

262 1134 412 1196 ,Habemus
440 1143 469 1194 et
495 1131 619 1194 locnrsis
646 1129 786 1192 alumnas
813 1128 963 1192 ecclesias.
1005 1126 1083 1189 Nihil
1109 1127 1189 1188 videt
1216 1125 1265 1205 qui
1293 1145 1353 1186 uon
1375 1127 1479 1188 omnia

262 1219 312 1283 bic
331 1218 414 1297 paria
434 1235 468 1278 ac
488 1215 603 1295 gemina
621 1214 710 1294 ridet.
753 1213 788 1275 ln
808 1221 933 1292 utroque
954 1211 1020 1274 laco
1041 1229 1125 1273 mens
1153 1211 1193 1272 illi
1221 1210 1275 1274 luit
1301 1220 1478 1290 argumento

263 1311 390 1382 negante
412 1300 573 1364 haereticos
595 1299 759 1371 revincere,
787 1316 862 1376 quac
884 1297 1019 1376 dogmata
1040 1296 1076 1357 ab
1098 1297 1134 1357 iis
1156 1305 1292 1374 nuquam
1314 1297 1479 1375 apostolica

263 1385 514 1468 proponebantur,
536 1403 571 1446 ea
591 1385 668 1464 apud
693 1382 831 1446 ecclesias
853 1399 925 1461 quas
946 1381 1072 1462 apostoli
1093 1379 1282 1442 fundaverant
1296 1389 1325 1442 et
1339 1379 1375 1442 ad
1389 1399 1478 1443 mor-

262 1481 323 1534 tem
344 1489 438 1551 usquc
460 1469 645 1532 excoluerant
666 1469 784 1547 penitus
806 1466 904 1546 ignota
925 1467 1017 1528 luisse
1039 1465 1278 1528 demonstrando.
1321 1464 1354 1526 ld
1376 1475 1478 1528 autem

264 1557 335 1636 quin
355 1565 434 1618 recte
456 1556 551 1617 iacere
572 1553 701 1634 potuerit
722 1552 787 1632 quis
808 1569 869 1613 uon
890 1551 1058 1632 perspiciat,
1080 1567 1145 1612 cum
1170 1550 1247 1611 circa
1261 1551 1390 1629 regulam
1404 1551 1476 1613 fidei

263 1639 342 1702 nulla
369 1647 451 1702 essct
477 1639 554 1700 inter
574 1638 765 1700 Monunistas
792 1644 821 1698 et
843 1635 1007 1698 Catholicae
1027 1633 1203 1714 disputatio',
1232 1642 1265 1696 ut
1285 1634 1349 1714 ipse
1369 1635 1477 1698 demat

265 1723 462 1786 Tertullianus
484 1723 521 1783 de
542 1721 662 1784 ieiuniis
684 1740 746 1801 cap.
771 1724 799 1784 1.
841 1720 885 1784 Hi
903 1719 1061 1783 Paracleto
1084 1724 1323 1783 controversiam
1343 1721 1472 1800 imant,

259 1819 392 1890 propter
424 1807 478 1870 hoc
507 1825 604 1869 novae
633 1807 809 1887 prophetiae
842 1815 1040 1876 recusantur,
1071 1823 1134 1867 non
1164 1805 1242 1885 qnod
1263 1803 1357 1866 danna
1378 1803 1475 1866 benna

260 1892 438 1974 praedicent
459 1890 622 1954 Montanos
645 1901 673 1952 et
695 1889 836 1952 Priscilla
857 1900 887 1951 et
901 1888 1078 1960 Maximilla,
1102 1907 1155 1950 nec
1176 1889 1255 1970 qaod
1268 1887 1368 1951 leonas
1384 1887 1476 1952 Chri-

176 1981 184 1990 '
263 1987 345 2038 stom
366 1974 496 2045 solvont,
521 1993 576 2036 nec
597 1976 675 2055 guad
695 1975 825 2055 alcheon
846 1973 918 2054 fidei
937 1986 992 2037 ant
1008 1977 1078 2055 ¹spei
1097 1973 1233 2052 reputans
1254 1983 1399 2046 evertant,
1424 1975 1478 2038 sed

264 2060 345 2142 pand
360 2059 452 2140 plone
474 2059 599 2121 doceant
620 2063 740 2139 saepius
762 2061 897 2120 inanare
918 2077 1005 2138 paona
1026 2059 1147 2120 nabere.
1190 2057 1223 2118 ld
1244 2066 1277 2120 ut
1297 2057 1400 2120 sedulo
1423 2059 1478 2120 in-

265 2143 392 2206 culcaret
413 2142 608 2204 Tertullianus
635 2159 695 2204 uon
724 2142 788 2204 sine
816 2141 914 2203 studio
936 2141 1049 2204 videtur
1069 2141 1158 2204 toties
1179 2142 1309 2221 regulam
1330 2143 1398 2205 ndei
1421 2161 1478 2205 ex·

264 2227 414 2307 posuisse,
436 2245 492 2306 qua
513 2225 593 2288 salva
614 2226 704 2288 semel
725 2235 924 2305 permanente,
946 2235 979 2288 ut
1000 2235 1083 2288 namt
1102 2226 1167 2305 ipse
1189 2227 1225 2288 de
1238 2226 1480 2306 Praescriptione

264 2312 409 2376 decretio.
430 2329 492 2390 cap.
507 2314 566 2386 14,
588 2319 684 2372 cetera
705 2329 846 2389 quaerere
868 2320 897 2372 et
911 2319 1033 2373 uacmre
1055 2329 1115 2372 non
1129 2311 1227 2390 possit
1240 2311 1310 2373 vitio
1325 2312 1409 2374 verti.

350 2396 432 2458 Haud
454 2395 551 2456 miuus
573 2403 683 2457 certum
706 2403 752 2456 est
778 2395 938 2474 catalogum
960 2395 1187 2469 haereticorum,
1210 2397 1259 2475 qui
1279 2397 1478 2460 Morrmnistas

264 2482 343 2542 inter
364 2479 528 2541 baereticae
554 2481 660 2552 refert,
688 2497 841 2558 perperam
862 2479 1088 2560 Praescriptioni
1110 2479 1329 2542 Haereticomm
1352 2481 1474 2544 Tertul-

204 2563 209 2572 '
262 2566 358 2627 liauae
384 2565 477 2626 luisse
504 2581 664 2634 annexum,
697 2581 762 2624 cum
791 2564 839 2625 bic
867 2565 1013 2644 catalogus
1035 2565 1156 2626 alterius
1178 2566 1305 2628 sumans
1327 2565 1475 2647 sitopus,

215 2717 216 2724 ,
264 2667 326 2711 non
348 2667 416 2710 vero
440 2646 619 2710 Tertulliani.
655 2646 688 2708 ld
709 2665 770 2708 uon
791 2647 878 2710 modo
898 2649 1004 2728 probat
1024 2649 1089 2729 styli
1111 2649 1275 2712 differentia
1297 2651 1423 2731 insignis
1445 2661 1479 2714 et

265 2750 352 2814 quam
374 2731 450 2794 illico
473 2731 593 2804 sentias,
616 2731 642 2794 si
663 2732 751 2792 modo
767 2751 833 2794 cum
847 2733 941 2812 aliqua
955 2734 1114 2796 attentione
1127 2734 1247 2814 legeris,
1268 2737 1477 2800 verumetiam

171 2851 173 2854 ·
263 2817 529 2897 manuscriptorum
549 2815 694 2878 codicum
723 2815 796 2878 tides
829 2835 863 2877 ac
894 2819 1061 2880 auctoritas.
1106 2818 1191 2880 Certe
1220 2819 1250 2880 in
1272 2822 1477 2901 manuscripto

263 2902 410 2982 hgobardi
430 2901 637 2981 Lugdunensis
663 2893 886 2979 archiepiscopi,
913 2902 962 2981 qui
989 2899 1112 2965 habetur
1133 2903 1163 2964 iu
1184 2903 1359 2967 bibliotheca
1380 2907 1477 2985 regia,

264 2988 340 3050 liber
352 2985 681 3065 dePraescriptionibus
694 3003 729 3046 ex
751 2985 788 3046 iis
811 2992 926 3046 constat
947 3004 1020 3065 quae
1041 2987 1185 3066 capitibus
1198 2993 1248 3053 45.
1260 2989 1411 3065 habentur,
1435 2993 1475 3052 ad
1509 2989 1511 2994 ’

266 3089 388 3151 quornm
411 3071 517 3132 calcem
539 3071 612 3132 baec
632 3069 776 3132 habentur
795 3069 899 3131 verba:
923 3070 1036 3133 Contra
1057 3071 1229 3136 Haereticos
1251 3073 1388 3154 deplicet.
1411 3075 1474 3135 Se-

266 3155 384 3234 quentia
406 3155 499 3232 capita
520 3154 551 3214 iu
573 3171 609 3214 co
629 3171 690 3214 non
712 3162 825 3225 estam,
858 3162 890 3215 ut
910 3171 966 3214 uec
986 3156 1119 3218 extabant
1139 3157 1171 3218 iu
1191 3157 1388 3238 manuscripto
1410 3177 1475 3237 quo

266 3257 339 3300 usus
367 3244 413 3300 est
433 3237 466 3299 Β.
488 3236 646 3298 Rhenanus
672 3238 707 3298 ad
730 3237 854 3316 primam
875 3237 1032 3300 editionem
1054 3258 1176 3319 operum
1199 3242 1384 3318 Tertulliani,
1416 3263 1479 3307 nec

266 3330 365 3384 extem
384 3321 480 3384 adbuc
499 3321 530 3382 in
551 3321 642 3382 reteri
663 3329 694 3382 et
714 3322 842 3400 optimae
862 3329 949 3383 nome
971 3324 1170 3404 manuscripto
1191 3328 1359 3406 huglicanc.

355 3405 461 3468 Fateor
495 3405 526 3466 iu
561 3405 670 3484 &quot
705 3406 914 3484 manuscriptis
950 3416 1048 3468 extare
1083 3409 1140 3470 boc
1174 3411 1399 3474 additamentum
1436 3415 1477 3475 de

265 3491 452 3565 haeresibus,
481 3507 583 3552 verum
609 3489 654 3550 sel
692 3490 754 3569 ipse
790 3491 895 3552 modus
928 3509 986 3569 quo
1017 3491 1171 3555 exhibetur
1204 3496 1235 3556 in
1267 3477 1478 3577 manbscriptis

265 3575 414 3638 codicibus
445 3573 678 3654 suppositionem
711 3575 815 3655 arguit.
880 3574 1041 3637 Tritbemio
1073 3586 1105 3638 ut
1136 3577 1304 3642 distinctum
1337 3601 1413 3661 opus
1442 3576 1474 3644 iu

263 3659 341 3722 libro
364 3658 400 3722 de
422 3657 621 3739 scriptoribus
636 3659 846 3722 Ecclesiasticis
867 3671 1056 3732 memoratur,
1079 3671 1108 3722 et
1129 3665 1318 3742 praeponitur
1337 3665 1414 3728 bbro
1437 3668 1477 3730 de

264 3744 498 3824 Praescriptione
519 3743 753 3819 Haereticorum,
782 3763 869 3824 quem
898 3745 984 3806 etiam
1012 3745 1144 3808 ordinem
1165 3757 1261 3810 serrat
1281 3749 1341 3812 MS.
1358 3749 1476 3813 biblio-

265 3831 368 3894 tbecae
389 3829 542 3892 Vahcauae
563 3828 664 3891 codex.

349 3914 466 3979 Accedit
491 3913 648 3976 maximum
674 3913 791 3992 pondus
820 3932 855 3975 ex
876 3913 1004 3976 clausula
1026 3933 1111 3994 quam
1133 3916 1221 3980 babet
1241 3918 1277 3980 ad
1298 3918 1386 3980 tinem
1408 3939 1478 4000 cap.

265 4002 329 4073 45,
348 4015 404 4077 qua
425 4017 458 4060 se
478 4015 539 4060 nan
560 3997 774 4060 baereticorum
795 3998 914 4060 uomina
936 4007 987 4060 aut
1006 4001 1144 4063 haereses
1157 4001 1200 4062 sic
1216 4001 1344 4064 breviter
1358 4003 1475 4066 descri-

266 4088 401 4160 pturum,
423 4099 478 4161 qua
499 4081 611 4144 ratione
633 4083 738 4144 iactum
760 4083 790 4142 in
812 4083 972 4162 appendice
993 4084 1030 4144 de
1051 4085 1235 4158 haeresibus,
1257 4087 1309 4149 sed
1331 4088 1477 4166 operibus

266 4165 386 4244 integris
408 4166 546 4244 quasdam
567 4167 804 4246 impugnaturum
825 4166 982 4246 signifieat:
1006 4167 1064 4230 Sed
1084 4189 1166 4233 nunc
1186 4173 1301 4253 qaa'hern
1320 4174 1479 4251 generals·-

267 4258 316 4314 ter
337 4261 434 4313 cotum
455 4252 643 4315 estanchia
665 4252 811 4314 adversm
835 4252 968 4315 haereses
992 4271 1092 4315 ornnes
1115 4261 1205 4318 certis
1227 4269 1256 4320 et
1270 4261 1357 4318 lastis
1374 4267 1403 4319 et
1416 4273 1477 4322 ne-

266 4337 408 4396 cessariis
426 4336 714 4415 praescriptionibus
737 4335 922 4417 repellendas
944 4355 964 4398 o
986 4337 1144 4402 collatione
1166 4346 1408 4421 scripturaram:
1439 4345 1478 4406 de

266 4415 391 4498 reliqna,
415 4423 444 4480 si
463 4417 521 4480 liei
539 4424 638 4498 pratia
659 4425 815 4492 annuerit,
845 4425 933 4483 etiarn
955 4423 1126 4502 specialiter
1147 4427 1322 4504 pnihnsdoss
1342 4445 1475 4509 reopan-

266 4502 407 4566 debinass.
449 4501 529 4564 Haec
558 4507 591 4565 in
622 4505 681 4585 hdr
711 4509 847 4570 cantatis
875 4510 904 4568 ci
924 4550 930 4568 .
954 4551 963 4567 .
987 4552 996 4569 .
1020 4553 1027 4569 .
1050 4507 1214 4590 lepenta'has
1233 4529 1299 4590 poa
1320 4521 1348 4574 et
1368 4517 1476 4592 pratia

262 4587 389 4651 Domini
406 4591 508 4650 nostri
526 4585 595 4651 leon
618 4589 732 4654 Christi
748 4594 781 4652 o'n
803 4601 966 4653 aeternnm.
