3196 5250
279 311 342 374 444
375 325 566 370 nlsssnrtrto
582 325 612 368 tn
628 324 676 375 Qu.
692 325 777 369 ster.
792 321 879 368 stol.
896 323 1092 368 multumt!
1105 323 1361 368 thornensibus
1378 325 1465 369 ΟΞΠ.

361 473 463 552 Neque
489 473 577 536 etiam
603 473 663 534 tlcti
691 471 844 552 gentilium
871 471 912 534 dii
939 471 975 534 ab
1003 471 1064 534 ullo
1087 473 1144 536 alio
1167 471 1375 538 divinitatem
1397 475 1521 554 accipere

277 565 447 639 potuerunt,
476 557 535 620 nisi
561 556 619 620 illis
646 558 742 619 maior
769 556 978 636 patentiorque
1006 557 1110 632 luerit,-
1131 566 1187 620 aut
1216 565 1257 622 ut
1281 557 1465 622 Tertulliani
1490 561 1521 622 ad

277 642 411 705 ethnicos
438 641 538 704 verbis
565 649 696 704 utamur:
733 640 869 708 Necesu·
886 651 932 703 est
959 643 1127 704 conndots's
1155 653 1233 705 esse
1265 643 1410 725 aliqum
1432 644 1520 707 sarili·

275 731 403 788 rna'orcm
422 726 519 788 Deum
547 737 576 788 et
604 730 769 808 muncr'pam
794 726 942 806 quendum
962 726 1130 790 diuinitatis
1152 726 1279 805 (ibid).
1328 727 1452 790 Nomen
1473 746 1519 791 au·

276 817 337 872 tem
362 828 503 891 rnonreps
531 828 548 871 a
575 809 721 889 politioris
749 808 901 872 latinitatis
923 807 1121 889 scriptoribus
1143 829 1204 890 pro
1231 829 1274 872 eo
1312 811 1449 874 sumitur
1476 812 1519 892 qui

277 893 386 973 aliquid
413 893 531 972 publice
553 893 700 967 conducit,
729 893 831 956 vendit
851 902 881 955 et
900 893 1029 955 redimit.
1073 895 1111 956 ht
1131 913 1219 956 nunc
1244 895 1287 958 ab
1311 897 1448 958 Auctore
1468 913 1519 956 no-

277 985 341 1040 stro
370 977 462 1058 accipi
491 977 592 1057 potius
620 977 735 1040 ridetur
762 995 817 1057 pro
839 978 937 1057 aliquo
959 977 1120 1042 divinitatis
1143 979 1294 1052 custode,
1328 991 1520 1042 curatorem

261 1062 425 1142 ,praelecto
459 1063 553 1134 (ldeut
579 1061 629 1124 lib.
654 1063 690 1124 de
711 1061 908 1141 ldolol..cap.
934 1065 962 1124 1.
991 1071 1021 1124 et
1040 1063 1091 1125 lib.
1115 1063 1152 1124 da
1172 1063 1318 1126 Pudicit.
1351 1081 1421 1146 cap.
1446 1068 1519 1140 tt),

276 1165 335 1225 quo
357 1164 450 1208 sensu
470 1147 502 1208 in
523 1145 625 1208 codice
647 1146 858 1208 Theodosiana
880 1145 1062 1210 thermarum
1088 1147 1285 1228 charumque
1308 1167 1417 1213 rerum
1438 1167 1519 1210 mon·

278 1233 356 1311 cipes
378 1238 520 1292 vocantur
548 1229 633 1305 (God.
657 1231 807 1292 Theodos.
829 1230 886 1310 leg.
908 1229 965 1292 Un.
987 1231 1204 1311 dellaneipib.
1232 1233 1284 1294 tit.
1309 1233 1346 1294 V.
1371 1251 1403 1312 p.
1430 1234 1517 1306 1834.

275 1316 314 1376 At
335 1315 501 1394 quicunque
522 1313 650 1376 dixerint
664 1316 824 1377 Saturnum
845 1313 978 1393 aliosque
999 1325 1134 1377 mortuos
1156 1316 1311 1378 homines
1335 1335 1425 1380 sunm
1447 1315 1517 1378 diri-

277 1399 400 1460 nitatem
422 1399 573 1479 accepisse
595 1399 631 1461 ab
654 1399 710 1461 alio
732 1398 811 1460 illius
833 1399 979 1478 mancipe,
1006 1399 1065 1461 hoc
1084 1401 1151 1480 ipso
1173 1419 1243 1462 non
1268 1419 1346 1462 esse
1369 1400 1446 1462 deos
1468 1418 1516 1479 pa·

275 1483 335 1544 lam
357 1484 544 1546 confitentur.
587 1483 681 1547 Verus
704 1483 852 1563 siquidem
872 1482 951 1544 Deus
973 1501 990 1544 a
1013 1502 1046 1546 se
1069 1485 1135 1546 solo
1158 1493 1188 1548 et
1212 1495 1370 1548 aeternus
1394 1485 1445 1559 sit,
1466 1503 1515 1545 ne-

277 1585 364 1630 cesse
387 1567 510 1628 omnino
528 1575 583 1630 est.
1088 1601 1094 1614 ι

361 1651 518 1714 Praeterea
539 1651 636 1713 nullus
658 1669 797 1729 uuquam,
820 1650 879 1712 nisi
900 1650 986 1731 plane
1007 1650 1144 1732 desipiat,
1171 1652 1292 1716 dixerit
1315 1653 1356 1716 ab
1381 1651 1514 1731 omnipo-

277 1743 357 1796 tente
379 1755 413 1796 ac
433 1735 652 1816 sapientissimo
669 1735 732 1796 Deo
754 1734 863 1815 aliquid
884 1735 1113 1808 inconsiderate,
1135 1745 1255 1800 temere
1279 1757 1318 1800 ac
1342 1736 1411 1799 sine
1434 1751 1513 1797 ouusa

278 1820 395 1882 lactum.
430 1819 518 1898 Atqui
540 1819 618 1881 nulla
639 1837 765 1898 prorsus
787 1838 876 1882 cause
897 1819 1042 1898 assignari
1065 1827 1166 1899 potest
1187 1834 1246 1882 cur
1270 1821 1325 1884 illc
1350 1839 1439 1882 suam
1454 1836 1513 1880 cum

277 1903 403 1966 mortuis
425 1903 595 1966 hominibus
618 1904 848 1966 communicaret
863 1903 1044 1966 divinitatem
1068 1904 1256 1978 (Tertullian.
1273 1905 1438 1985 Apologet
1454 1921 1511 1982 cap.

279 1992 353 2065 11.).
375 1988 489 2068 Duplex
510 1987 618 2068 quippe
641 1995 754 2050 tantum
776 1988 849 2050 haec
869 2005 959 2050 causa
980 2007 1049 2051 esse
1070 1988 1117 2049 sel
1138 1989 1244 2067 potius
1270 1989 1439 2068 ucogitari
1460 2005 1510 2066 po·

277 2073 343 2134 tuit.
374 2073 416 2134 hc
436 2073 533 2152 primo
556 2072 685 2151 quidem,
708 2071 775 2151 quia
796 2071 877 2134 Deus
897 2073 1003 2134 horum
1025 2071 1187 2151 indiguerit
1208 2073 1326 2136 officiis
1349 2081 1382 2136 et
1397 2070 1507 2141 auxilio,

278 2157 420 2228 secundo,
449 2155 517 2235 quia
538 2155 586 2218 illa
608 2155 723 2219 eximiis
746 2156 809 2217 suis
831 2155 913 2218 lactis
936 2164 966 2217 et
986 2155 1142 2220 virtutibus
1170 2157 1367 2220 divinitatem
1395 2172 1508 2218 maue-
1582 2120 1583 2215 i

277 2248 356 2302 runt
399 2235 615 2319 neutrumque
637 2240 710 2301 lalso
732 2240 835 2301 salsius
858 2258 927 2301 esse
949 2240 1141 2303 convincitur.

365 2324 430 2397 Qua
452 2323 530 2386 enim
552 2333 604 2386 aut
623 2333 808 2386 mortuorum
831 2333 881 2385 aut
901 2323 990 2384 etiam
1010 2325 1145 2388 rivorum
1166 2325 1331 2388 homiuum
1356 2342 1415 2404 ope
1435 2322 1506 2382 Deus
1582 2310 1583 2393 l

279 2409 468 2487 omnipotens
490 2425 618 2487 unquam
641 2405 789 2487 indiguit?
831 2407 979 2487 Numquid
1001 2409 1038 2470 ad
1060 2409 1251 2474 condendum
1275 2405 1450 2472 muudum?
1474 2403 1507 2464 nt

217 2565 220 2574 ,
278 2493 444 2578 quicunque
472 2492 596 2571 gentiles
614 2493 643 2553 id
665 2493 859 2566 asseruerint,
887 2501 1100 2571 repugnantem
1122 2494 1280 2558 habebunt
1300 2491 1504 2573 Pythagoram,
1581 2496 1583 2554 l

277 2577 338 2656 qui,
366 2585 509 2656 utsupra
531 2577 657 2640 vidimus
691 2576 856 2648 (Dissertat.
879 2575 909 2638 in
931 2576 1061 2640 Laclant
1085 2595 1149 2656 cap.
1172 2581 1224 2641 et.
1248 2580 1317 2642 hrt.
1342 2581 1399 2654 2.),
1421 2589 1503 2635 mun·
1581 2557 1583 2600 ³

276 2662 346 2724 dum
375 2661 536 2722 increatum
563 2661 757 2740 praedicabat
803 2661 935 2724 Tametsi
963 2679 1034 2722 vero
1062 2662 1202 2735 mundus,
1233 2671 1271 2724 ut
1291 2661 1379 2724 Plato
1402 2657 1502 2752 aliique
1580 2607 1583 2710 i

275 2745 456 2826 philosophi,
472 2745 718 2824 quemadmodum
734 2745 830 2806 adhuc
843 2753 1014 2806 annotatum
1029 2754 1086 2817 est,
1108 2755 1189 2808 recte
1204 2747 1389 2818 docuerunt,
1412 2755 1503 2818 reipsa
1582 2742 1583 2782 l

277 2837 394 2893 creatus
418 2830 466 2901 sit,
488 2848 577 2892 verus
601 2829 793 2891 nihilominus
808 2830 898 2904 Deus,
921 2829 1005 2890 cuius
1028 2829 1140 2891 infinita
1161 2839 1300 2909 potestne
1318 2836 1375 2901 cst,
1400 2823 1506 2888 nudus
1582 2864 1583 2873 η

276 2913 361 2996 plane
384 2914 418 2974 ad
441 2914 523 2975 illum
546 2912 745 2975 fabricandum
769 2913 902 2976 subsidio
925 2914 1014 2992 eguit.
1477 2988 1482 3000 Ι
1582 2926 1583 2981 l

363 2997 439 3070 Quid
462 3017 543 3072 vero,
567 2999 646 3077 quod
668 3007 787 3061 constat
807 3009 875 3060 ante
896 2997 1055 3060 Saturnum
1077 3015 1111 3058 ac
1132 2997 1286 3077 quoslibet
1309 2997 1385 3060 alios
1407 2998 1498 3071 genb-

277 3083 348 3144 lium
377 3082 461 3154 deos,
492 3082 626 3161 plancius,
662 3082 740 3144 sicut
761 3082 801 3143 ait
823 3081 1030 3155 Tertullianus,
1065 3084 1100 3144 de
1124 3083 1205 3144 coelo
1229 3087 1335 3145 missa
1356 3090 1386 3142 et
1406 3075 1500 3172 sidero
1582 3110 1583 3171 q

277 3165 461 3237 (Tertullian.
483 3165 550 3226 luco
566 3166 637 3243 cit),
659 3174 731 3246 puta
754 3166 848 3227 solem
870 3185 904 3228 ac
923 3166 1033 3238 lunam,
1057 3167 1195 3228 radiasse
1217 3179 1247 3229 et
1270 3167 1398 3232 lumino,
1421 3157 1496 3220 ude·

276 3248 345 3309 licet
372 3249 532 3321 stellarum,
561 3250 732 3328 floruisse?
774 3249 838 3311 hlio
866 3249 1011 3330 siquidem
1039 3250 1070 3310 in
1097 3249 1174 3311 libro
1205 3251 1344 3330 scripsit:
1384 3241 1496 3308 castam

267 3332 438 3413 ,torminibus
460 3335 629 3413 floruisset,
650 3339 745 3414 napis
767 3335 815 3396 sol
836 3335 932 3397 radiis
954 3335 1135 3398 insultasset
1156 3335 1279 3408 (libth.
1304 3333 1342 3396 ad
1363 3326 1494 3398 naraon·
1582 3341 1583 3356 ¹

277 3433 340 3494 cap.
362 3418 439 3492 42).
470 3417 564 3488 Quam
586 3418 675 3496 igitur
697 3437 785 3497 opem
806 3418 843 3479 ad
864 3417 1006 3480 mundum
1028 3420 1187 3482 ermndum
1208 3419 1272 3482 bec
1295 3419 1375 3480 serre
1396 3413 1491 3473 Satur·

275 3519 334 3562 nus
355 3508 406 3561 aut
426 3495 549 3578 quilibet
570 3501 644 3562 alius
666 3509 813 3581 poterant,
837 3501 887 3581 qui
908 3503 997 3582 longo
1020 3511 1090 3581 post
1109 3502 1216 3578 solem,
1238 3505 1342 3566 lunam
1357 3507 1387 3560 et
1401 3491 1493 3558 stellas

275 3594 410 3664 tempore
443 3585 500 3645 orti
532 3584 625 3649 sunt?
668 3586 756 3647 Addit
776 3585 975 3649 Tertullianus
1007 3597 1074 3648 ante
1107 3607 1211 3652 omnes
1244 3585 1398 3668 gentilium
1424 3577 1490 3638 dots

275 3675 415 3734 tonitrno
434 3674 565 3748 mugisse
587 3681 616 3732 et
636 3675 736 3752 ipsam
751 3671 859 3742 loven,
882 3691 957 3753 qnae
977 3675 1011 3733 in
1031 3691 1125 3734 monn
1147 3675 1337 3753 susspendio
1360 3664 1448 3760 (silet.
1462 3661 1490 3716 ¹¹¹

275 3755 305 3818 in
320 3753 537 3834 antiquioribus
553 3753 639 3817 editis
655 3762 685 3817 et
699 3755 819 3818 ineditis
841 3755 1004 3828 codicibus,
1027 3756 1196 3837 imponitis)
1220 3757 1351 3837 fulgura
1364 3754 1489 3812 rimante

276 3839 460 3913 (Tertullian.
475 3838 628 3919 Apologet
644 3859 708 3919 cap.
727 3844 800 3916 11.).
843 3840 882 3902 llt
902 3857 971 3902 vero
994 3859 1063 3902 curu
1083 3853 1196 3902 certum
1218 3841 1259 3903 sit
1281 3837 1407 3902 tonitrua
1426 3841 1486 3888 mll-

160 3943 164 3950 ·
276 3924 367 4002 gisse,
398 3932 554 4004 nunquam
584 3924 696 4002 iupiter
723 3925 882 3999 extitisset,
921 3923 1044 3986 dubium
1070 3926 1181 3998 nemini
1203 3943 1278 3988 ‘esse
1301 3921 1395 3990 debet,
1423 3907 1485 3990 quin

276 4008 366 4070 insito
390 4007 528 4070 omnibus
550 4008 720 4074 hominibus
742 4009 849 4072 timore
869 4009 990 4072 lulmina
1011 4027 1160 4090 nunquam
1182 4011 1279 4073 audita
1293 3989 1482 4092 primumd-

222 4093 231 4102 '
276 4099 335 4152 tem
368 4093 507 4154 timuerit.
552 4093 751 4165 Quamobrem
773 4094 972 4156 Tertullianus
1003 4092 1068 4155 iure
1101 4094 1206 4157 merito
1240 4095 1318 4156 ridet
1350 4085 1481 4150 ethn¹⁰⁰³r

276 4174 327 4252 qui
359 4175 472 4254 fulgura
499 4184 529 4238 et
555 4177 676 4241 ltdmiua
705 4179 736 4241 in
764 4179 828 4242 eius
850 4194 939 4242 manu
961 4196 1030 4240 esse
1051 4187 1082 4240 et
1103 4179 1140 4242 ab
1162 4199 1208 4254 eo,
1240 4179 1308 4242 licet
1328 4188 1387 4236 non
1405 4165 1477 4226 felib

275 4257 384 4319 vibrari
406 4261 586 4324 effutiebant
1468 4320 1474 4332 .

316 4415 319 4421 ¹
361 4342 420 4404 Sed
448 4344 544 4408 acrius
572 4347 668 4410 adbuc
694 4355 780 4428 urget
808 4347 882 4409 nihil
909 4347 1113 4427 imperfectum
1140 4347 1177 4410 ab
1206 4345 1402 4428 omnipotente
1415 4329 1476 4428 ,ἢθη

274 4432 361 4504 atque
390 4427 500 4490 ideirco
527 4433 677 4494 mundum.
697 4432 835 4494 omnibus
865 4431 1033 4494 absolutum
1061 4434 1194 4496 numeris
1222 4433 1258 4496 ab
1287 4450 1322 4492 eo
1342 4417 1478 4502 conditu!n

274 4509 377 4574 luisse.
424 4511 530 4575 Omnia
550 4515 649 4594 igitur,
673 4535 747 4597 quae
769 4516 805 4580 ad
829 4516 1052 4596 sustentandum
1072 4517 1202 4582 hominis
1224 4517 1311 4582 vitam
1324 4505 1474 4575 semermi
