3196 5250
313 385 376 450 40⁴2
412 374 602 443 nissanrirro
618 399 649 440 m
665 399 711 448 on.
724 386 811 442 serr.
827 396 912 440 reon.
927 393 1122 438 rnnrueuaur
1135 392 1358 438 arouocerrcuu
1372 393 1449 439 carr.

310 551 401 614 ullius
423 549 541 629 quidem
560 547 703 622 hominis,
725 547 818 610 multo
840 544 937 608 miuus
960 543 1147 624 imperatoris
1169 544 1199 606 et
1220 544 1311 606 totius
1332 545 1439 624 generis
1452 546 1496 606 hu·

316 635 395 697 mani
421 634 525 694 hostes
554 642 646 694 erant.
689 633 727 694 Et
754 639 833 693 certe
860 627 993 709 quamvis
1021 627 1102 690 omni
1124 629 1365 692 contumeliarum
1383 639 1495 692 tormen·

315 729 472 798 torumque
500 737 607 798 genere
637 718 672 780 ab
695 713 922 797 imperatoribus
949 713 1072 792 aliisque
1094 713 1219 774 ethnicis
1242 714 1497 786 excamilicareutu,

312 804 390 866 inter
421 801 564 883 plurimos
598 811 712 876 tamen,
749 801 786 863 de
813 799 919 880 quihus
947 799 1033 878 paulo
1056 806 1127 878 post
1147 799 1308 878 agendum,
1345 801 1392 880 qui
1418 809 1498 862 contra

313 889 435 952 eosdem
456 887 650 968 imperatores
674 896 703 948 et
724 883 932 968 rempublicam
954 884 1193 956 coniuraverant‚
1221 883 1319 946 nullus
1341 903 1456 964 uuquam
1473 903 1498 946 ex

309 973 370 1036 'illis
393 973 529 1034 inventus
552 981 606 1034 est

362 1085 365 1098 ’
396 1081 500 1162 Neque
526 1090 624 1142 nmen
650 1079 721 1142 illud
745 1079 911 1141 eorundem
939 1077 1173 1140 Christianorum
1208 1081 1258 1139 aul
1285 1077 1438 1142 infirmitati
1465 1087 1499 1138 aut

311 1167 503 1248 impotentiae
524 1174 588 1228 erat
608 1165 844 1228 adscribendum.
888 1165 1028 1226 Poterant
1049 1161 1127 1224 enim
1149 1164 1239 1224 lactas
1261 1162 1317 1224 sihi
1339 1163 1499 1242 agentilibus

310 1252 435 1316 iniurias
457 1270 518 1314 non
539 1251 637 1312 solum
659 1249 731 1311 clam
755 1268 789 1310 ae
809 1247 893 1310 tectis
916 1245 1067 1320 cuniculis,
1091 1247 1145 1306 sed
1166 1245 1260 1326 palam
1276 1255 1306 1308 et
1319 1256 1417 1328 aperto
1431 1249 1499 1329 llarte

307 1335 423 1400 ulcisci.
467 1335 504 1396 Et
526 1335 639 1396 pertrita
660 1333 793 1414 quidem:
821 1335 940 1415 quaudo
963 1333 1010 1394 uel
1031 1350 1094 1392 aaa
1115 1350 1187 1402 noro,
1211 1331 1288 1393 sicut
1308 1333 1349 1394 ait
1369 1333 1498 1394 Tertullia-

312 1441 380 1494 nus.
400 1419 541 1500 pauculis
562 1419 674 1500 [oculis
697 1419 826 1499 lorpa'ter
846 1418 972 1480 ultiouis
991 1426 1097 1497 posset
1111 1421 1236 1496 operari
1248 1416 1427 1494 (Tertullian.
1439 1423 1499 1496 spa-

313 1507 402 1585 loget.
426 1523 489 1585 cap.
512 1506 587 1582 37.),
609 1504 639 1566 id
662 1511 708 1566 est
728 1512 866 1582 poterant
886 1519 939 1582 per
961 1502 1105 1564 obscurae
1127 1499 1223 1562 noctis
1245 1501 1361 1564 silentia
1381 1501 1499 1582 paucissi·
1542 1545 1543 1554 a

236 1645 241 1654 ,
312 1591 370 1654 ruis
393 1588 494 1652 lanulis
521 1588 705 1668 minimoque
724 1588 822 1666 pretio
847 1587 954 1668 emptis
977 1587 1066 1648 urbes
1089 1585 1256 1646 incendere,
1312 1587 1413 1650 Verum
1433 1589 1500 1654 alsit,
1542 1591 1543 1620 l

313 1674 410 1755 pergit
423 1673 482 1748 ille,
504 1683 539 1736 ut
561 1684 615 1736 orat
636 1677 699 1754 ipat
721 1673 850 1735 homnae
873 1675 1043 1734 vindicetur
1065 1671 1167 1732 daniae
1189 1682 1270 1732 secto
1284 1682 1339 1733 aut
1353 1672 1444 1736 doleat
1453 1673 1502 1751 poti

314 1765 348 1824 r'a
369 1775 426 1839 pao
445 1759 596 1840 probetur
617 1758 726 1835 (lbid.),
750 1757 811 1818 sive
833 1765 865 1818 ut
886 1757 951 1836 ipsc
973 1757 1008 1818 ad
1031 1754 1184 1834 Scapulam
1206 1755 1367 1818 scribebat:
1389 1757 1462 1820 atra
1478 1763 1502 1814 ut

313 1843 434 1922 iadipae
454 1844 591 1921 [memus
614 1862 649 1904 ea
670 1861 725 1904 nos
744 1845 814 1922 poti
839 1861 913 1923 paene
937 1852 1083 1920 optamus,
1106 1850 1142 1902 ct
1162 1839 1309 1902 ultionem
1331 1861 1349 1902 u
1371 1839 1501 1904 urbisali-

314 1947 403 2010 qnam
428 1927 647 2000 machinemur,
682 1947 768 2008 paam
802 1947 821 1990 o
848 1927 910 1989 Deo
945 1937 1135 2005 expectamus
1167 1923 1260 1998 (ldem
1282 1925 1333 1992 lib.
1357 1926 1392 1988 ad
1412 1920 1501 2003 Scapul.

315 2031 378 2092 cap.
401 2014 455 2087 2.).
500 2011 574 2073 Tres
596 2011 684 2090 igitur
706 2010 791 2072 affert
812 2010 953 2082 rationes,
981 2019 1104 2090 propter
1124 2027 1197 2087 quas
1219 2009 1379 2072 Christiani
1399 2011 1500 2070 ollerrsas

316 2115 397 2171 suas,
421 2095 497 2158 sieut
517 2104 687 2178 promptum
706 2095 766 2156 ilus
788 2103 859 2168 erat,
883 2095 954 2156 clam
978 2095 1125 2156 vindicare
1147 2093 1307 2156 noluerint.
1342 2095 1435 2160 Primo
1454 2089 1500 2172 qui-

315 2182 393 2254 dem,
416 2181 483 2259 quia
505 2182 606 2242 da'ca'ao
628 2189 674 2240 e'st
695 2179 813 2242 illorum
836 2193 924 2252 saeta,
948 2179 1030 2242 cuius
1053 2177 1166 2258 legibus
1196 2177 1340 2242 ultionem
1366 2178 1500 2260 prohiben-

314 2265 393 2328 tibns
416 2282 476 2325 uon
499 2264 620 2326 obedire
642 2265 725 2325 nefas
747 2263 897 2344 putabant.
920 2264 1082 2333 'Secundo
1116 2262 1194 2324 illam
1216 2263 1360 2328 ultionem
1392 2271 1500 2344 expecta·

248 2367 251 2372 '
314 2349 387 2412 bant
408 2349 444 2410 ab
464 2347 667 2428 omnipotente
689 2347 750 2408 Deo
774 2367 847 2421 suo,
880 2348 1060 2428 aequissimo
1083 2349 1227 2410 scelerum
1248 2349 1374 2412 vindice.
1415 2345 1500 2410 Terta,

200 2456 207 2469 ¹
316 2453 420 2496 ornnes
453 2433 598 2496 cruciatus
631 2431 689 2494 sibi
722 2433 758 2494 ab
791 2432 915 2494 ethnicis
948 2432 1076 2494 inflictos
1109 2432 1306 2494 libentissime
1338 2433 1501 2515 patiebantu.

316 2518 384 2598 quia
404 2526 547 2663 adnuerant
568 2517 605 2580 iis
628 2537 662 2580 se
682 2536 745 2578 uon
765 2516 850 2590 laedi,
873 2518 925 2578 sed
947 2517 1066 2596 probari
1083 2526 1180 2579 utrum
1203 2527 1322 2580 aeterna
1338 2519 1414 2598 digni
1428 2521 1502 2578 essent

317 2621 414 2665 merce
437 2621 463 2663 e.

401 2719 479 2783 Solis
501 2719 598 2799 itaque
618 2719 665 2780 his
687 2718 866 2793 rationibus,
896 2738 956 2780 uon
978 2728 1074 2781 autem
1097 2720 1156 2780 ulla
1177 2719 1345 2784 infirmitate
1367 2720 1410 2782 vel
1429 2720 1502 2795 impo-

316 2805 407 2868 tentia
435 2824 452 2866 a
479 2803 620 2867 sumenda
643 2805 679 2866 (le
702 2804 826 2866 ethnicis
849 2804 985 2865 hostibus
1009 2804 1072 2866 suis
1094 2804 1206 2866 ultione
1228 2805 1421 2868 abstinebant.
1446 2796 1502 2862 llll

318 2891 397 2952 enim
418 2889 476 2950 illis
498 2889 590 2968 magis
619 2889 702 2950 lacile
725 2889 950 2968 expeditumque
972 2897 1043 2951 erat.
1087 2889 1160 2950 Nam
1182 2891 1323 2969 superius
1348 2888 1501 2952 ostendinus

318 2975 428 3054 (Supra
450 2993 513 3054 cap.
539 2977 588 3038 ta.
610 2974 671 3035 hrt.
698 2977 738 3051 1.)
761 2974 828 3036 illos
851 2973 948 3034 omnia
972 2974 1064 3036 totius
1087 2981 1232 3036 terrarum
1255 2975 1339 3036 orbis
1360 2975 1419 3037 loca
1439 2987 1502 3032 exce·
1542 2941 1543 3030 i

316 3060 375 3140 ptis
398 3057 470 3120 solis
492 3057 633 3120 lalsomm
655 3058 778 3120 deornm
800 3058 917 3138 templis
939 3057 1108 3138 implevisse
1129 3077 1163 3120 ac
1183 3059 1270 3138 longe
1297 3059 1433 3122 maiorem
1454 3054 1503 3116 illo-
1542 3101 1543 3158 p

317 3163 384 3206 rum
410 3161 496 3222 quam
524 3143 676 3222 gentilium
698 3142 791 3204 luisse
812 3161 978 3204 numerum.
1023 3143 1101 3216 Quid
1123 3161 1193 3221 ergo
1216 3145 1375 3222 prohibere
1396 3161 1443 3204 eos
1461 3155 1502 3218 po·
1542 3169 1543 3246 p

319 3235 402 3300 terat,
425 3225 582 3306 quominus
604 3226 714 3288 indicto
735 3226 812 3288 bello
835 3227 968 3288 ethnicos
990 3228 1140 3289 vincerent
1160 3228 1314 3308 victosque
1340 3228 1444 3291 meritis
1465 3219 1502 3284 al·

318 3313 439 3372 ficerent
461 3310 613 3390 suppliciis
636 3311 819 3386 (Tertullian.
835 3311 988 3390 Apologet
1008 3331 1071 3392 cap.
1088 3310 1177 3388 3¹1.st
1219 3313 1278 3374 Fac
1299 3323 1404 3387 tamen,
1426 3311 1449 3372 si
1466 3323 1502 3365 re·

318 3395 366 3468 lis,
387 3395 454 3471 illos
477 3403 507 3455 et
527 3412 650 3456 numero
673 3404 703 3456 et
724 3397 817 3475 copiis
839 3396 932 3456 luisse
953 3397 1010 3458 illis
1033 3398 1171 3476 impares,
1201 3399 1345 3478 numquid
1366 3397 1463 3459 idcireo
1479 3386 1503 3450 ti

318 3478 427 3542 bellum
449 3478 610 3558 gerendum
632 3488 661 3540 et
683 3479 966 3558 hosusyiucenaos
987 3481 1085 3542 miuus
1107 3481 1207 3544 idonei
1229 3483 1335 3546 erant‘l
1362 3483 1457 3544 Nonne
1473 3475 1503 3536 [³-
1542 3531 1543 3544 t

318 3563 455 3627 tehantur
477 3563 585 3624 etluuci
606 3573 733 3624 mortem
756 3564 792 3625 ab
814 3565 871 3625 illis
893 3583 954 3624 nou
976 3566 1073 3627 timeri
1095 3565 1217 3643 (lbid.l?
1260 3569 1297 3630 At
1325 3577 1403 3630 certe
1422 3568 1504 3644 qnassll

318 3649 417 3712 minus
439 3665 504 3709 eam
525 3648 718 3721 verebantur,
751 3656 831 3710 tauto
854 3649 950 3711 acrius
973 3650 1103 3730 quolibet
1123 3651 1235 3713 incerto
1257 3653 1327 3714 belli
1349 3659 1448 3714 eventu
1465 3645 1503 3705 dr·

317 3741 501 3816 pugnassent
522 3731 623 3812 sicque
644 3732 812 3812 potuissent
832 3733 946 3796 debitas
968 3735 1005 3798 (le
1024 3734 1160 3796 hostibus
1181 3736 1245 3798 suis
1259 3755 1372 3817 poenas
1386 3741 1502 3814 repetere
1542 3789 1543 3800 t

278 3827 286 3840 ⁸
320 3820 427 3881 Verum
449 3816 592 3896 religione
614 3835 667 3878 sua
689 3817 824 3880 obstricti
846 3819 916 3880 illud
938 3838 1087 3900 uunquam
1109 3820 1171 3882 sire
1191 3824 1297 3885 armmi
1319 3823 1382 3884 sire
1401 3821 1502 3882 uerna
1542 3835 1543 3852 ¹

319 3913 433 3966 tentare
453 3901 620 3996 voluerunt.

403 4012 488 4075 Nullo
517 4020 669 4092 praeterea
701 4011 738 4074 ad
768 4011 925 4076 vindictam
956 4013 1032 4076 bello
1064 4013 1203 4094 nullaque
1230 4016 1257 4078 ri
1286 4035 1362 4098 opus
1388 4010 1502 4078 habebat

320 4097 430 4175 (ibim).
473 4097 517 4158 Ad
545 4105 610 4160 ea'm
636 4115 761 4176 namque
791 4098 954 4160 sufficiehat
981 4097 1100 4160 illorum
1120 4099 1156 4161 ab
1178 4101 1302 4164 etltmcis
1323 4097 1502 4164 alvertune

195 4259 199 4270 .
321 4181 463 4264 secessio.
491 4181 529 4244 Hi
551 4182 658 4262 quippe
680 4190 751 4244 tuuc
772 4182 930 4244 sohbudine
953 4201 1006 4244 sua
1028 4185 1222 4265 obstupefacti
1243 4187 1343 4266 plures
1357 4179 1501 4248 habuissent

319 4265 424 4326 hostes
451 4285 539 4346 quarn
567 4267 646 4329 circs
674 4285 708 4328 ac
736 4268 842 4347 quibus
875 4268 1054 4347 imperarent
1087 4277 1165 4332 certe
1191 4271 1404 4350 paucissimos:
1436 4263 1501 4328 Naar
1542 4327 1543 4332 ,

318 4353 407 4420 mm,
429 4349 470 4410 ait
484 4351 688 4426 Tertullianus,
709 4358 869 4433 panciores
892 4353 991 4416 hostes
1014 4353 1126 4418 lebetis
1144 4373 1222 4436 prae
1235 4356 1421 4418 moereamus
1436 4345 1502 4412 Cln'·

321 4433 613 4516 raouornmffaeae
629 4443 761 4500 omnium
775 4442 891 4510 civium,
904 4456 999 4518 pocae
1015 4457 1116 4502 omnes
1133 4441 1405 4504 ctaesChra'str'aaos
1416 4433 1502 4498 lata

322 4519 391 4595 doe
420 4527 450 4579 et
471 4518 570 4613 hostes
592 4523 742 4587 ataluistia
761 4541 869 4586 cocere
889 4527 1008 4604 peteris
1037 4524 1162 4586 homnae·
1176 4531 1279 4606 portes
1301 4543 1388 4605 poam
1407 4513 1502 4606 erroris

314 4601 458 4688 ,bomanel
476 4602 584 4681 (lbra).
620 4605 663 4666 lta
684 4606 802 4685 mildam
824 4607 854 4668 iu
876 4606 988 4670 nostris
1006 4608 1160 4672 codicibus
1183 4609 1388 4690 manuscriptis
1408 4613 1435 4668 el
1452 4597 1500 4660 ea-
1542 4623 1543 4652 l

1542 4687 1544 4782 l
