3144 5236
231 207 294 270 232
327 189 520 264 o‘rsssnrrrro
536 217 567 258 rn
581 199 630 266 oo.
647 213 730 256 sarr.
747 211 833 256 raon.
849 200 1045 256 rsnrauun'nr
1059 200 1286 256 moaoasrrcmr
1301 209 1389 254 carr.

231 373 344 436 Femin.
367 388 431 448 aap.
453 371 507 444 4.).
551 364 696 438 Quocirca
717 361 784 424 illos
806 361 874 422 alibi
896 361 1022 441 appellat
1043 361 1172 440 Angelos
1195 361 1366 432 deeertmer
1387 359 1455 430 Dei,

231 467 385 520 amatores
418 456 612 533 suranorum,
646 466 681 509 aa
710 456 875 527 propterea
907 448 1064 508 damnatos
1090 462 1109 506 a
1137 445 1200 507 lieo
1228 443 1322 520 (Idem
1343 442 1457 504 illude

231 539 365 602 ldololat.
387 555 450 616 cap.
472 537 528 611 9.).
571 533 675 594 Nonne
701 537 799 592 autem
812 529 927 608 duplex
948 527 989 588 ibi
1011 529 1165 607 distinguit
1186 521 1358 608 angelorum
1380 545 1454 606 pec·

232 633 339 695 natum,
354 622 481 701 primunr
497 617 625 698 quidem,
641 633 701 695 quo
715 613 944 692 repudiaverunt
957 613 1069 674 eaelum
1088 622 1119 674 et
1135 613 1228 674 Deum
1248 613 1454 684 deserueramt,

233 707 395 769 seeundum
417 722 487 766 vero
506 717 680 782 perversum
697 699 872 759 feminarum
890 715 1021 758 amorem
1040 703 1071 757 et
1093 696 1191 758 earnis
1210 693 1456 758 matrimonium?

317 791 359 851 [le
380 791 438 850 hoc
458 804 550 866 porro
571 782 703 847 secundo
725 800 830 842 eorum
851 781 974 842 crimine
995 781 1035 842 ita
1061 780 1178 859 quidem
1204 780 1270 841 ille:
1301 775 1453 850 umnam

232 874 337 954 inquit,
358 878 391 936 in
409 887 538 952 poenam
558 873 666 931 mortis
688 868 876 946 deputantur
897 865 948 926 illi
967 865 1080 930 scilicet
1102 863 1209 944 angeli,
1239 867 1293 944 gui
1312 865 1350 924 ad
1368 863 1468 944 filinae

234 959 384 1020 dominum
407 958 442 1018 de
465 953 545 1017 eaelo
568 962 708 1021 ruerunt,
731 960 767 1011 nt
789 951 858 1011 daea
881 967 994 1030 quoque
1012 952 1178 1029 ignominia
1191 950 1321 1027 snnr'nae
1334 948 1456 1010 accedat

232 1041 325 1118 (ldem
349 1041 400 1102 lib.
423 1040 460 1101 de
483 1037 569 1099 Cultu
590 1035 702 1097 Femiu.
727 1051 790 1112 cap.
813 1036 856 1108 2.)
889 1033 934 1093 .At
955 1032 980 1095 si
1003 1051 1039 1092 ex
1060 1033 1119 1093 hoe
1138 1031 1318 1110 Angelorum
1340 1031 1457 1092 scelere

232 1121 534 1202 leminisiguomiaia
556 1118 692 1190 accessit,
715 1117 740 1178 si
762 1125 929 1196 propterea,
953 1116 996 1181 uti
1017 1117 1126 1177 dietum
1148 1115 1185 1177 ab
1207 1115 1313 1177 eodem
1327 1114 1458 1176 Auctore
1496 1125 1505 1184 ι

185 1242 189 1258 ·
231 1217 337 1270 nostro
365 1225 433 1268 mox
460 1205 598 1276 vidimus,
626 1200 728 1280 Angeli
755 1201 884 1262 damnati
913 1208 993 1272 sunt,
1021 1217 1073 1260 eur
1095 1217 1177 1279 ergo,
1205 1199 1318 1278 inquiet
1338 1198 1457 1278 aliquis,

231 1292 301 1354 illud
332 1290 514 1369 simpliciter,
542 1290 767 1350 matrimonium
795 1289 907 1353 cantis,
937 1302 1000 1346 non
1024 1289 1121 1344 autem
1149 1284 1295 1345 netarium
1317 1293 1457 1362 stuprum
1507 1343 1511 1349 ,

232 1376 268 1438 ab
291 1377 340 1436 illo
362 1372 506 1436 vocaturi
549 1371 648 1432 Cuivis
679 1370 777 1447 itaque
800 1367 830 1429 id
853 1367 979 1428 anobis
1001 1367 1162 1446 postulanti
1184 1368 1232 1428 lris
1254 1366 1456 1446 respondebi-

187 1455 195 1476 “
232 1479 299 1522 mus
321 1441 501 1535 totidemque
522 1455 679 1534 ipsiusmet
693 1451 866 1513 Tertulliani
887 1451 1000 1512 verbis:
1025 1452 1199 1531 Conspicati
1216 1450 1278 1531 filei·
1295 1451 1353 1512 Dei
1372 1449 1457 1531 filias

232 1545 384 1605 dominum
413 1541 491 1622 quod
513 1538 662 1619 pulchrae
688 1546 797 1606 essent,
827 1546 1008 1614 acceperunt
1033 1535 1092 1596 ridi
1118 1553 1233 1597 umores
1255 1553 1295 1597 ec
1318 1537 1457 1597 omnuim

232 1646 306 1709 quas
339 1627 484 1704 leporum.
530 1621 587 1682 Hic
615 1625 694 1682 enim
721 1637 830 1682 nomeu
861 1619 1024 1680 mollierunt
1050 1637 1191 1697 praecum
1216 1637 1334 1682 umores
1363 1625 1457 1698 sapit,

232 1715 302 1792 quia
325 1712 359 1772 de
380 1712 495 1788 nuptiis
517 1710 627 1768 mentio
649 1715 703 1766 eet.
735 1703 809 1764 Cum
831 1720 901 1781 erpo
923 1703 1005 1783 filias
1024 1703 1177 1764 dominum
1191 1705 1271 1774 dr‘cr't,
1294 1704 1459 1782 omniseate

232 1799 365 1872 uirgines
395 1791 561 1873 portendit,
594 1806 669 1869 guae
700 1788 797 1848 adduc
831 1789 913 1867 apud
937 1797 1081 1867 parentes
1115 1788 1338 1866 deputarentur
1371 1787 1458 1866 (nam

100 1881 107 1888 “
231 1887 344 1958 nuptae
372 1879 555 1938 maritorum
576 1868 807 1952 nuncupantur)
842 1889 908 1932 cum
926 1875 1065 1949 potuerit
1086 1871 1199 1932 dimisse
1219 1889 1334 1932 umores
1358 1869 1459 1932 doner·-

232 1981 320 2034 num;
349 1977 439 2040 aeque
466 1975 530 2020 uon
550 1956 706 2017 adulteros
728 1959 888 2016 nominans
910 1953 1043 2032 angelos,
1072 1956 1123 2015 sed
1143 1959 1281 2024 maritos,
1313 1955 1385 2014 ἀνα
1406 1958 1458 2015 r'n-

232 2029 344 2124 nuptas
373 2053 496 2104 sumunt
521 2040 604 2121 filius
635 2039 795 2109 dominum,
827 2056 901 2117 puae
930 2046 1018 2098 natas
1040 2056 1136 2116 supra
1159 2040 1246 2113 dr'rar't,
1275 2041 1319 2099 sic
1339 2055 1457 2120 peraque

133 2153 136 2158 ·
232 2132 363 2205 uirgines
386 2126 569 2204 significum,
594 2140 691 2202 supra
712 2135 811 2192 natas,
835 2132 867 2182 at
889 2121 936 2181 lrr'c
957 2121 1071 2199 angelis
1094 2131 1205 2200 nuptas
1228 2121 1321 2196 (idem
1342 2120 1394 2182 lib.
1419 2123 1456 2182 de

232 2211 343 2289 Virgin.
366 2210 484 2270 veland.
508 2225 571 2286 cap.
596 2211 649 2282 7.).
692 2205 763 2267 ldeo
791 2204 880 2283 igitur
900 2203 1077 2282 Angelorum
1100 2205 1367 2283 praevaricatorum
1388 2223 1457 2266 ma-

231 2293 403 2358 trimonium
430 2291 566 2371 appellat,
599 2290 666 2368 quia
688 2287 730 2350 illi
752 2289 827 2350 filias
849 2288 1001 2349 hominum
1023 2305 1085 2348 noa
1106 2297 1226 2368 nuptas,
1249 2289 1303 2350 sed
1324 2287 1457 2368 virgines

232 2384 435 2456 sumpserunt,
458 2374 617 2436 etidcirco
640 2391 696 2434 nec
716 2372 775 2451 ipsi
796 2370 919 2434 adulteri
945 2379 1096 2432 vocantur.

317 2461 417 2540 Neque
440 2468 537 2520 tamen
559 2458 618 2518 hoc
638 2456 856 2518 matrimonium
878 2455 991 2516 liaitum
1006 2455 1128 2534 putavit,
1152 2455 1205 2516 sed
1221 2454 1351 2517 illicitum
1367 2457 1459 2536 plane

232 2563 266 2608 aa
289 2545 458 2617 seelestam,
480 2549 603 2621 propter
624 2541 703 2620 quod
726 2540 844 2601 leminis
867 2539 1027 2617 ignominia
1049 2539 1174 2602 accessit
1194 2547 1224 2600 et
1239 2539 1352 2617 angelis
1368 2541 1458 2602 darn-

231 2629 321 2690 natio.
367 2627 566 2700 Quamobrem
588 2624 645 2685 alio
667 2623 715 2684 ille
738 2624 768 2684 in
790 2623 881 2684 libro:
905 2622 1032 2692 Sciebat,
1055 2623 1160 2702 inquit,
1191 2633 1221 2684 et
1242 2623 1402 2702 apostolus
1427 2630 1460 2687 r'n

233 2713 322 2774 caelis
350 2722 478 2792 operata
506 2727 571 2771 erse
599 2707 774 2804 spirituulr'a
795 2709 946 2786 nequitiae
968 2707 1153 2801 Angelprum
1174 2707 1462 2771 scandalizatorum

229 2789 1462 2955 ltillidaturtiit?llnlnttt?ultitimumlaudnt

231 2982 284 3024 seu
315 2962 414 3040 potius
443 2979 513 3021 vero
542 2968 656 3038 stupro,
685 2957 764 3020 haud
793 2957 885 3018 semel
914 2957 1129 3035 disputavimus
1152 2976 1218 3020 cum
1239 2958 1270 3018 in
1292 2967 1398 3021 nostra
1422 2962 1461 3024 dc

231 3046 375 3106 Laetantii
398 3043 546 3122 Operibus
568 3043 785 3114 dissertatione,
808 3049 871 3101 tum
893 3041 956 3101 aliis
979 3042 1010 3101 in
1031 3041 1105 3102 ideis
1127 3042 1168 3102 ibi
1190 3042 1337 3104 adnotatis
1372 3044 1459 3118 (llis-

231 3134 333 3189 sertat.
357 3127 387 3187 in
408 3127 539 3188 Lactant.
563 3143 625 3206 cap.
649 3129 700 3190 20.
723 3127 785 3186 Art.
800 3127 838 3190 ,3.
862 3133 892 3186 et
913 3129 967 3200 4.).

317 3209 429 3282 Quinto
458 3209 576 3270 tandem
603 3228 638 3270 ae
663 3220 817 3288 postremo
844 3209 911 3268 loco
934 3208 1150 3270 observandum
1173 3218 1312 3288 superest
1333 3211 1459 3274 Tertul-

152 3323 157 3328 ·
230 3293 340 3354 lianum
369 3293 400 3353 in
421 3291 612 3371 Apologetioo
640 3293 698 3353 ulla
719 3291 831 3370 absque
852 3292 1048 3354 haesitatione
1068 3311 1256 3355 asseverasse
1279 3312 1315 3355 ex
1337 3295 1461 3358 illorum

231 3383 439 3456 corruptorum
459 3375 638 3452 Angelorum
661 3394 727 3436 crim
749 3376 865 3438 tiliabus
887 3377 1041 3437 hominum
1061 3377 1220 3438 concubitu
1242 3387 1338 3439 ortam
1360 3379 1459 3444 luisse

231 3459 447 3539 corruptiorem
481 3467 597 3536 gentem
631 3459 818 3520 daemonum.
862 3460 900 3522 At
928 3478 990 3520 non
1022 3460 1154 3522 minores
1187 3461 1306 3540 quidem
1335 3463 1365 3523 in
1388 3463 1457 3536 hae,

230 3563 317 3625 mam
340 3543 395 3605 alia
416 3543 454 3604 de
468 3543 645 3619 Angelorum
669 3561 735 3604 aum
758 3543 876 3604 leminis
899 3544 1087 3606 matrimonio
1110 3545 1251 3622 opinione
1267 3545 1458 3610 difficultates

219 3636 397 3692 ,occurrunt
427 3625 484 3688 Eas
508 3635 606 3687 autem
629 3633 737 3704 augent
758 3645 832 3705 quae
854 3627 903 3688 ille
925 3627 961 3688 de
983 3629 1144 3690 eorundem
1167 3629 1343 3690 daemonum
1367 3639 1458 3710 atque

108 3741 109 3746 ¹
230 3713 408 3792 Angelorum
431 3711 494 3772 sive
516 3710 663 3772 bonormn
687 3711 750 3771 sire
771 3709 915 3772 malorum
933 3719 1041 3772 natura
1056 3713 1198 3774 decernit
1228 3713 1312 3786 Quae
1333 3715 1458 3792 quidem

229 3813 247 3858 a
268 3797 356 3858 nobis
378 3796 507 3875 primum
530 3802 560 3856 et
580 3794 635 3854 alia
657 3793 765 3856 deinde
785 3793 987 3873 investiganda
1009 3803 1089 3858 suut.

734 3947 902 3998 sustentus
922 3947 950 3996 ll.
1050 3985 1051 3994 .

231 4045 306 4090 amn
324 4045 474 4092 Tenultinnus
500 4048 618 4092 crediderit
641 4047 778 4104 spiritualem
803 4060 853 4092 aare
877 4050 976 4092 omnium
993 4050 1128 4104 Augetonrm
1146 4057 1167 4094 et
1185 4052 1317 4094 daemonum
1332 4059 1456 4105 aeturnum
1558 4101 1559 4112 χ

229 4119 312 4166 quanta
330 4125 357 4156 ea
376 4115 403 4156 de
422 4125 446 4156 re
463 4122 552 4171 propter
570 4115 662 4159 istorum
680 4127 706 4158 cr
723 4117 797 4170 pravis
814 4116 899 4172 nugalis
917 4123 939 4158 et
956 4117 1069 4160 hominum
1086 4118 1174 4162 llllabus
1192 4119 1301 4172 originem
1319 4118 1455 4170 difficultates

230 4178 257 4222 de
277 4179 399 4223 eorundem
417 4181 549 4226 daemonum
567 4182 659 4236 invidio,
678 4194 722 4238 qun
739 4184 761 4226 iu
780 4183 901 4235 hominurn,
920 4183 999 4238 quibus
1013 4185 1093 4228 subditi
1105 4191 1163 4236 eunt,
1181 4185 1301 4240 perniciem
1316 4187 1456 4242 conspirant.
1557 4227 1558 4234 ,

316 4291 405 4353 Suam
427 4294 464 4356 de
487 4297 605 4374 angelis
621 4306 650 4359 et
671 4297 864 4360 daemonibus
887 4297 1115 4376 disputationem
1138 4299 1184 4362 his
1200 4299 1400 4362 Tertullianus
1424 4304 1456 4364 in

203 4375 420 4458 .Apologetioo
442 4378 542 4440 ierbis
565 4381 697 4444 inchoat:
736 4382 869 4446 Dicimus
892 4399 956 4444 erse
979 4385 1167 4448 substantiae
1189 4386 1334 4464 maedam
1356 4391 1455 4466 spire·-
1555 4433 1556 4462 r
