3196 5250
242 353 306 416 440
339 366 532 412 otsssnrurto
549 365 579 408 IN
595 364 644 415 ott.
658 363 743 408 ΒΜ.
759 361 845 406 reon.
862 361 1059 406 TUMULUM!
1072 359 1302 404 APOLOCETTCU!
1314 359 1401 404 (ΧΠ.

740 645 860 708 CAPUT
884 643 972 708 XXV.

244 771 336 831 Qnihm
354 767 501 832 argumentis
513 766 677 818 Tertullianus
695 766 844 816 demonstret
862 764 948 814 latram
967 779 1021 818 ease
1040 763 1165 828 gentilium
1184 763 1326 827 religionem
1345 778 1374 814 ae
1391 763 1466 814 talene

715 847 800 884 omues
819 833 917 882 illoram
935 832 1003 882 dena.

751 1049 919 1103 torrentes
940 1051 958 1101 l.

243 1164 313 1215 Quam
332 1167 406 1216 aperte
425 1158 510 1200 salsitas
528 1155 642 1210 religionis
661 1123 982 1199 ethnicorum'demonstrenrr
1008 1165 1033 1195 er
1058 1152 1191 1197 christianae
1216 1153 1319 1204 veritate,
1344 1151 1420 1194 eiectis
1437 1161 1464 1194 er

244 1231 387 1274 obsessorum
406 1236 499 1281 corpore
517 1223 675 1274 daemonibus.
700 1229 760 1266 certa
779 1214 892 1265 homion'm
911 1221 1060 1272 conscientiae
1085 1219 1165 1276 potiori
1184 1227 1206 1263 et
1222 1220 1316 1270 notiori,
1340 1219 1381 1262 sed
1397 1218 1464 1274 plane

169 1307 176 1322 ²
244 1298 301 1342 nus
319 1295 430 1340 diuinitate
448 1292 550 1343 Saturni,
574 1290 611 1346 qui
630 1291 696 1335 homo
714 1290 754 1333 mit
771 1296 792 1332 et
810 1300 822 1332 a
839 1289 893 1332 lano
911 1288 1013 1332 initalia
1031 1294 1135 1343 exceptus
1152 1299 1219 1332 suum
1236 1298 1319 1332 nornen
1337 1286 1397 1330 dedit
1414 1287 1467 1330 civis

244 1364 282 1408 tati
299 1375 365 1419 quam
383 1355 532 1416 depalaverat,
550 1359 633 1414 totique
650 1357 736 1409 ltaliae,
754 1367 812 1412 qnae
829 1355 890 1412 prius
909 1354 1014 1399 Oenotria
1031 1355 1164 1406 vocabaturr
1182 1355 1234 1398 item
1253 1355 1338 1406 Thalli,
1356 1354 1428 1398 Cassii
1446 1361 1468 1396 et

316 1430 407 1485 Nepotis
427 1425 551 1471 testimonio
570 1437 596 1470 ao
614 1425 706 1482 proinde
723 1425 804 1467 taleam
823 1435 873 1466 esse
891 1424 961 1478 ipsam
979 1433 1068 1478 quoque
1087 1423 1143 1467 lovis
1161 1421 1301 1477 aliorumque
1318 1421 1382 1464 vendi

663 1499 729 1536 tatem
747 1492 774 1536 rb
792 1490 886 1536 ethniaie
905 1491 1046 1534 divinitatem.

330 1609 446 1684 Quibus
468 1609 616 1670 rationum
638 1607 798 1670 momentis
821 1606 1014 1669 invictissime
1037 1613 1180 1667 assertam
1196 1603 1430 1684 vindicatumque
1451 1623 1469 1666 a

245 1694 428 1757 Tertulliano
456 1693 583 1755 vidimus
610 1692 786 1754 christianae
814 1691 966 1770 religionis
994 1689 1162 1764 veritatem,
1199 1689 1305 1752 iisdem
1337 1689 1469 1750 ineditus

245 1788 417 1841 evertuntur
446 1795 549 1839 omnes
578 1777 728 1855 gentilium
756 1776 796 1838 dii
825 1785 854 1838 et
882 1775 1110 1854 superstitiosae
1134 1773 1305 1853 religiones.
1347 1773 1423 1835 Nam
1444 1774 1471 1836 si

245 1881 315 1925 vera
338 1871 384 1924 est
405 1861 515 1922 Christi
538 1860 684 1935 divinitas,
707 1861 793 1922 sicuti
809 1859 1006 1922 Terurlliauus
1028 1869 1131 1922 noster
1153 1859 1227 1921 scite
1249 1857 1395 1930 observat,
1418 1877 1468 1920 se-

246 1947 348 2028 quitur
369 1959 405 2010 tet
424 1946 509 2026 tolon
530 1949 727 2009 renuntietur
747 1949 869 2027 quernis
885 1944 947 2006 ulio
964 1947 1123 2006 contrariu
1138 1954 1264 2024 repertu
1285 1941 1469 2016 l'l'ertulliau.

245 2031 398 2110 npotogeu
422 2049 486 2109 cap.
508 2034 584 2105 21.)
638 2029 795 2091 Praeterea
827 2028 1071 2090 manifestissime
1104 2046 1169 2088 uum
1202 2027 1252 2088 illo
1286 2026 1470 2090 ostendimus

247 2117 355 2194 (Supra
377 2133 440 2194 cap.
454 2119 483 2178 7.
505 2115 568 2175 hrt.
583 2118 624 2192 1.)
646 2133 737 2176 unum
759 2114 963 2176 tantummodo
986 2131 1054 2174 esse
1076 2131 1167 2192 posse
1188 2111 1282 2173 Deum
1297 2130 1331 2172 ao
1345 2111 1471 2191 proinde

246 2199 339 2261 falsos
361 2199 436 2260 alios
460 2217 575 2270 omnes,
599 2207 743 2277 quotquot
764 2195 947 2260 ah‘etlinieis
969 2197 1040 2276 fingi
1062 2205 1233 2276 potuerunt.

248 2312 255 2332 ι
331 2283 392 2344 Nee
419 2283 517 2344 minus
546 2282 702 2362 perspicue
729 2301 746 2344 a
773 2281 860 2344 nobis
888 2281 1123 2343 demonstratum
1145 2291 1191 2342 est
1221 2281 1331 2360 (Supra
1352 2299 1417 2360 cap.
1440 2281 1470 2345 8.

246 2367 308 2428 hrt.
333 2369 374 2442 1.)
398 2365 556 2428 daemones
578 2385 595 2427 a
618 2365 793 2428 Christianis
817 2366 928 2426 eiectos
951 2365 1044 2428 luisse
1065 2365 1101 2428 ah
1124 2383 1228 2427 eorum
1249 2383 1326 2444 qnae
1347 2364 1470 2426 obside·

246 2451 319 2512 bant
339 2448 526 2530 corporibus,
550 2450 677 2529 illosque
698 2460 761 2512 tum
783 2461 901 2512 coactos
924 2450 1020 2529 palam
1041 2450 1127 2511 lateri
1150 2469 1183 2511 se
1205 2449 1363 2522 nondeos,
1385 2449 1472 2510 sicuti

247 2535 390 2616 putabant
411 2535 530 2608 ethnici,
554 2535 607 2596 sed
622 2535 789 2597 immundos
804 2553 872 2596 esse
886 2534 1018 2614 spiritus,
1040 2535 1159 2598 unicum
1173 2551 1257 2607 voro,
1279 2551 1369 2614 quem
1383 2533 1471 2595 Chri-

248 2618 336 2681 stiani
358 2619 576 2698 praedicabant,
594 2637 662 2680 esse
684 2619 786 2692 Deum,
809 2638 844 2680 ae
865 2618 1016 2681 Christum
1037 2619 1125 2680 huius
1148 2637 1214 2680 esse
1236 2619 1393 2692 Virtutem,
1416 2619 1472 2680 Sa·

247 2703 397 2784 pientiam,
430 2703 586 2764 Rationem
616 2703 782 2774 athilium,
814 2703 899 2764 euius
930 2703 1051 2766 nomine
1084 2721 1119 2764 aa
1150 2703 1258 2766 virtute
1286 2702 1472 2780 fugabantur.

246 2785 326 2849 Nihil
348 2805 419 2866 ergo
442 2805 566 2849 neeesse
588 2797 651 2849 erat
673 2787 730 2848 alia
757 2787 841 2867 plura
862 2807 879 2848 a
901 2787 1081 2848 Tertulliano
1111 2787 1296 2862 (Tertullian.
1318 2787 1473 2867 Apologet.

247 2889 311 2950 cap.
334 2874 399 2950 23.)
422 2872 541 2950 congeri
564 2879 746 2952 argumenta,
774 2871 881 2950 quihus
904 2871 1030 2951 amplius
1052 2871 1260 2950 comprobaret
1280 2871 1367 2950 plane
1389 2890 1473 2933 com·

246 2955 400 3017 mentitins
428 2955 572 3034 fictosque
600 2975 671 3018 esse
699 2956 884 3018 ethnicorum
913 2956 986 3018 deos
1013 2975 1048 3017 ac
1074 2955 1205 3035 proinde,
1229 2955 1333 3018 lainam
1355 2955 1475 3017 illorum

247 3039 432 3118 religionem.
477 3040 585 3100 Verum
614 3049 645 3102 et
672 3040 794 3103 eosdem
823 3039 957 3101 ethnicos
980 3040 1064 3120 impii
1085 3041 1210 3102 deorum
1231 3059 1355 3102 suorum
1378 3039 1475 3102 nunu

247 3141 282 3183 ac
303 3141 459 3201 perversae
481 3123 633 3202 religionis
656 3125 773 3186 medem
796 3124 962 3204 aliquando,
986 3125 1012 3186 si
1034 3125 1099 3186 fieri
1119 3132 1245 3204 poterat,
1269 3125 1392 3187 omnino
1415 3145 1475 3205 pu-

248 3205 340 3278 deret,
369 3206 459 3268 variis
489 3207 584 3270 adhunc
610 3208 758 3272 rationum
787 3208 946 3270 momentis
969 3209 1244 3272 manifestissimum
1265 3207 1385 3271 cuilibet
1406 3209 1476 3272 iacit

250 3296 309 3350 mm
336 3299 453 3368 apertas
482 3290 573 3352 salsae
600 3291 679 3354 illius
708 3293 860 3374 religionis
882 3301 969 3354 notas
992 3292 1183 3373 deprehendi,
1211 3300 1245 3354 nt
1266 3293 1317 3372 qui
1339 3312 1391 3356 eas
1413 3311 1475 3356 nou

248 3372 419 3452 perspiciat,
441 3393 474 3436 se
496 3373 595 3452 ipsum
616 3375 735 3454 penitus
759 3395 913 3438 excaecare
936 3375 1014 3438 velit.

332 3455 434 3520 Primo
462 3457 561 3535 itaque
589 3459 748 3538 ipsammet
774 3460 932 3538 gentilium
960 3461 1173 3523 conscientiam
1202 3468 1309 3522 testem
1337 3460 1476 3542 appellat,

248 3558 306 3620 qua
328 3539 482 3602 constricti
504 3543 598 3613 lateri,
621 3551 654 3604 ut
676 3558 767 3622 supra
788 3543 924 3620 vidimus,
947 3545 1127 3626 cogebantur
1148 3546 1268 3607 unicum
1290 3564 1359 3606 esse
1381 3545 1476 3606 Deum

248 3643 362 3704 eosque
385 3642 499 3700 ornnes,
522 3644 597 3704 quos
618 3623 763 3689 vocabant
784 3627 977 3708 colebantque
999 3629 1071 3690 deos
1094 3648 1196 3691 revera
1218 3629 1311 3692 luisse
1326 3629 1476 3691 homines.

247 3709 281 3770 Si
308 3709 374 3788 quis
403 3728 473 3770 vero
502 3709 662 3774 sceleratus
685 3711 852 3774 certissimo
876 3713 1074 3782 consuentiae
1095 3732 1166 3774 suae
1188 3713 1359 3775 testimonio
1384 3731 1477 3794 repu-

247 3811 344 3874 gnare„
361 3811 452 3854 ausus
475 3793 591 3870 luisset,
614 3795 640 3860 ia
663 3795 749 3875 plane
764 3796 968 3860 revincebatur
983 3797 1091 3878 elingui
1107 3796 1236 3877 quidem,
1259 3798 1313 3859 sed
1328 3797 1476 3878 eloquen-

246 3877 363 3940 tissimo
387 3877 536 3942 civitatum
558 3879 690 3941 omnium
712 3879 849 3956 damone,
872 3881 904 3944 iu
926 3881 1032 3960 quihus
1053 3881 1084 3942 hi
1106 3881 1157 3955 dii,
1180 3881 1266 3942 sicuti
1288 3881 1367 3943 haud
1384 3881 1478 3944 semel

248 3961 469 4024 observavimus
499 3964 608 4044 (Supra
629 3983 692 4043 cap.
717 3965 831 4026 11η.
857 3969 909 4044 1.),
936 3966 1008 4040 nati,
1035 3965 1155 4041 versati,
1182 3966 1293 4027 mortui
1317 3976 1346 4028 et
1367 3963 1475 4048 sepulti

248 4054 327 4106 sunt.
359 4043 507 4118 Quoniam
528 4066 600 4109 vero
622 4047 736 4111 infinita
757 4060 820 4111 erat
841 4049 958 4111 illorum
980 4049 1137 4112 multitudo
1160 4067 1194 4110 ae
1215 4049 1350 4129 singulos
1367 4068 1476 4112 recen·

248 4145 317 4190 sere
343 4129 389 4190 vel
418 4133 506 4194 eham
528 4131 699 4193 nominihus
722 4133 785 4196 suis
808 4133 955 4214 appellare
977 4133 1095 4214 longius
1116 4136 1201 4207 leret,
1232 4134 1331 4214 ipsum
1354 4133 1475 4196 Tertul-

246 4209 344 4272 lianus
365 4214 440 4291 petit
459 4215 577 4279 illorum
599 4225 687 4297 caput
708 4226 738 4279 et
758 4219 851 4298 magis
873 4225 974 4280 notam
989 4219 1127 4283 omnihus
1142 4217 1289 4298 omnnem
1311 4219 1398 4296 (ibid.
1410 4236 1476 4298 cap.

249 4299 287 4358 11
313 4303 343 4356 et
363 4299 415 4360 29.
438 4306 467 4359 et
487 4300 538 4362 lib.
560 4301 597 4362 lt.
625 4302 661 4363 ad
683 4301 799 4364 Nedon.
822 4319 885 4382 cap.
911 4305 964 4379 1.).

332 4379 474 4442 Ethuiens
509 4385 609 4464 itaque
637 4386 682 4448 sie
709 4395 795 4466 urget
823 4394 854 4448 et
879 4385 1056 4466 alloquitur:
1090 4387 1167 4450 Arate
1198 4381 1370 4464 Saturum
1389 4387 1475 4448 osee

242 4479 338 4544 peasa
370 4481 426 4526 eea
454 4483 541 4530 oneo
574 4480 636 4533 est:
670 4471 707 4533 ob
737 4472 793 4534 illo
828 4489 935 4534 nemus
969 4473 1063 4532 totius
1096 4471 1146 4534 nel
1171 4474 1305 4554 potioria
1338 4471 1387 4534 uel
1416 4486 1477 4532 rea-

247 4552 336 4612 tieais
362 4548 536 4646 ¹de'ue'ru'tntr'e
569 4554 754 4630 (Tertnlhan.
781 4555 935 4637 Apologet.
964 4573 1028 4635 cap.
1051 4559 1087 4624 11
1118 4564 1150 4618 et
1174 4555 1225 4618 lih.
1248 4555 1272 4618 1.
1295 4555 1332 4618 ad
1354 4554 1474 4618 Nahum.
