3126 5250
260 355 323 418 314
358 371 551 416 nrssrnrarro
565 371 596 415 ra
611 372 659 424 ou.
675 373 759 416 saer.
774 373 861 416 mon.
876 371 1070 416 rsnrucuanr
1083 373 1303 417 aronoasrrcun
1316 371 1392 416 carr.

262 521 451 598 creditores,
473 526 526 604 qui
544 517 657 586 dicitnr
677 522 770 598 (idern
790 521 841 586 lib.
863 523 900 585 ll.
922 523 957 586 ad
978 523 1068 586 Uxor.
1091 527 1228 604 cap..4.).
1269 521 1355 585 Simili
1373 519 1444 583 edam

260 606 350 668 modo
373 605 532 686 Cyprianus
554 607 590 669 ad
613 607 770 670 Caecilium
789 608 862 670 baec
883 608 913 670 in
935 607 1023 670 verba
1045 609 1181 688 scripsit:
1217 608 1284 671 Nisi
1302 611 1329 669 n'
1346 611 1375 668 ia
1391 625 1445 668 na-

262 694 369 755 tatiar‘r
398 690 453 753 hac
480 696 546 772 quia
573 703 712 765 veretur,
745 712 783 754 na
807 711 867 774 par
892 711 1031 774 saporem
1057 694 1276 757 ainiredoleat
1296 696 1446 772 cannabem

263 775 379 840 Christi
403 774 548 856 (Cypriam
576 777 670 856 Epist.
700 779 750 842 63.
780 777 816 839 ad
839 777 943 840 Caecil.
971 797 1036 858 pag.
1061 781 1155 855 1552).
1199 779 1279 852 Quae
1309 785 1396 839 tamen
1422 776 1446 836 iu

260 859 325 924 aliis
346 859 480 940 pluribus
509 861 658 922 codicibus
679 862 889 942 manuscriptis
918 863 958 924 ita
977 863 1129 942 leguntur:
1166 862 1230 926 Hoc
1250 866 1313 944 puis
1333 873 1446 930 carator,

260 950 422 1008 acacianae
444 946 567 1028 offerat,
599 965 637 1008 ne
655 965 714 1027 per
735 951 877 1028 saporam
897 951 963 1010 cini
996 949 1088 1010 odore
1114 950 1265 1028 flagrante
1297 948 1331 1009 ab
1352 943 1448 1026 infideli

262 1033 443 1094 conscimtia
470 1033 546 1093 odor
576 1035 643 1093 einr·
668 1032 751 1094 horis
778 1037 935 1095 matutinis
962 1033 1061 1112 [narrt
1086 1035 1206 1114 agnitas
1233 1041 1261 1095 at
1287 1039 1448 1110 ayaoroatar
1526 1111 1527 1116 ἵ

261 1133 325 1178 ersa
348 1113 548 1187 Christianus,
578 1117 648 1178 dnm
668 1135 724 1179 aas
746 1120 920 1196 conpiano
943 1117 1110 1180 Christian
1130 1122 1197 1179 oa'aa'
1222 1116 1364 1180 oblatione
1383 1133 1448 1176 core
1526 1167 1527 1178 ,

258 1217 469 1262 memoramus.
1526 1259 1527 1270 ,

343 1283 525 1345 Difficultatis
540 1283 627 1345 buius
643 1284 753 1346 nodum
768 1285 886 1364 quidam
901 1286 976 1347 solvi
990 1303 1083 1363 possa
1096 1293 1248 1348 autumant
1266 1281 1448 1363 distinguendo
1526 1309 1527 1324 π

261 1367 367 1448 duplex
395 1386 543 1449 synaxeon
569 1387 671 1448 genus.
715 1369 811 1432 Unum
837 1371 916 1432 enim
943 1388 1011 1432 esse
1032 1369 1122 1444 aium,
1151 1370 1182 1431 in
1211 1389 1269 1450 quo
1298 1366 1449 1431 eucharistia
1526 1401 1527 1450 t

260 1472 278 1516 a
306 1453 481 1515 Christianis
513 1453 619 1515 ieiunis
648 1473 765 1516 summo
792 1473 877 1516 manc
905 1455 1083 1516 sumebatur.
1137 1455 1269 1516 Alterum
1300 1471 1364 1516 vero
1393 1449 1449 1512 illud
1526 1462 1527 1470 ¹

261 1546 486 1611 caesarensem,
520 1538 636 1617 dequo
659 1538 782 1618 agimus,
804 1539 882 1618 quod
905 1557 1016 1618 agapen
1036 1539 1179 1600 vocabant
1215 1539 1377 1618 solebatque
1405 1535 1449 1596 sub

259 1641 416 1702 vesperum
449 1622 590 1685 inchoari.
635 1623 692 1684 Sed
721 1632 822 1685 contra
850 1624 926 1685 banc
951 1624 1179 1704 responsionem
1212 1627 1306 1687 lacere
1335 1622 1449 1684 videaur

262 1707 401 1768 Socrates
424 1713 454 1768 et
475 1707 674 1782 sozomenus,
701 1709 751 1788 qui
772 1717 911 1770 asserunt
930 1727 991 1770 non
1013 1709 1138 1770 eundem
1160 1707 1271 1790 ubique
1292 1728 1309 1770 a
1328 1705 1449 1770 Cbristia·

152 1838 154 1848 .
260 1791 309 1853 nis
332 1798 480 1854 servatum
501 1799 602 1854 coetus
623 1811 694 1854 suos
723 1793 827 1872 agendi
854 1811 976 1855 morem.
1020 1793 1145 1855 Narrant
1166 1795 1277 1874 quippe
1297 1794 1326 1854 in
1346 1790 1447 1871 quibos-

261 1877 328 1938 dam
342 1875 483 1938 Ecclesiis
504 1875 636 1950 sabbato,
659 1878 689 1938 in
711 1878 776 1939 aliis
798 1878 945 1940 dominica
967 1877 1014 1939 die
1035 1887 1114 1940 actas
1137 1897 1280 1959 synaxes3
1301 1895 1376 1941 sacra
1388 1891 1449 1954 quo-
1526 1891 1527 1932 ι

261 1980 320 2041 que
340 1961 479 2041 mysteria
500 1961 531 2022 in
552 1959 700 2023 nonnullis
723 1963 778 2024 sub
800 1981 953 2042 vesperam
975 1981 992 2024 a
1013 1963 1155 2037 coenatis,
1177 1963 1208 2024 in
1231 1964 1295 2026 aliis
1316 1981 1378 2025 raro
1396 1965 1449 2020 ante

239 2064 381 2108 1omnem
403 2046 499 2108 cibum
521 2053 638 2124 accepta
660 2047 776 2121 (Socrat
796 2046 846 2109 lib.
862 2047 896 2108 V.
918 2047 1030 2108 Hister.
1046 2048 1165 2116 Eccles.
1188 2067 1253 2129 cap.
1277 2051 1306 2112 2.
1319 2063 1377 2128 pag.
1390 2045 1445 2108 tot.

261 2132 330 2193 Soa.
351 2131 403 2192 lib.
426 2129 486 2192 Vll.
509 2130 619 2191 llistor.
642 2131 754 2193 Cocles.
777 2151 839 2212 cap.
866 2136 914 2196 17.
936 2149 1002 2212 pag.
1026 2137 1121 2208 755.).
1166 2133 1197 2194 Si
1221 2141 1318 2195 autem
1345 2131 1396 2192 illos
1415 2125 1443 2184 de

263 2233 318 2276 suo
346 2215 446 2296 potius
474 2234 560 2294 quam
583 2215 788 2295 antiquissimo
811 2224 897 2296 atque
919 2217 1006 2279 etiam
1028 2217 1201 2279 Tertulliani
1224 2219 1322 2279 nostri
1341 2223 1442 2292 tempora

260 2299 342 2380 loqui
364 2300 480 2374 dixerit,
503 2319 558 2361 nec
578 2300 608 2360 id
629 2300 713 2361 facile
733 2300 871 2379 probabit
892 2321 947 2362 nec
966 2301 1090 2363 multtun
1111 2304 1257 2383 proliciet.
1301 2302 1366 2364 Nan
1384 2295 1442 2357 Ter·

261 2385 398 2448 tullianus
427 2405 486 2446 uon
515 2403 601 2446 secus
623 2393 709 2464 atque
730 2385 859 2448 lustinus
880 2386 997 2466 blartyr,
1020 2387 1061 2446 uti
1086 2405 1121 2448 ex
1141 2388 1179 2448 iis
1201 2395 1283 2466 patet
1296 2397 1446 2467 quaesupe-

260 2469 326 2531 rius
348 2469 562 2542 annotavimus,
584 2469 714 2548 disputat
735 2469 875 2532 adversus
898 2471 1041 2543 ethnicos,
1064 2471 1114 2550 qui
1137 2479 1195 2532 tam
1211 2474 1286 2534 salso
1307 2487 1386 2551 quam
1407 2481 1449 2526 au·

262 2553 362 2616 dacter
383 2553 569 2616 clamitabant
589 2555 736 2615 horrenda
757 2573 882 2634 prorsus
899 2555 929 2616 in
944 2555 1177 2618 Christianorum
1192 2556 1348 2636 synaxibus
1361 2550 1451 2615 scelera

260 2638 448 2719 perpetrari:
479 2639 584 2702 Nonne
613 2657 683 2718 ergo
712 2638 748 2700 de
779 2639 916 2702 omnibus
943 2640 1030 2719 plane
1052 2639 1290 2704 Christianorum
1317 2634 1451 2720 synaxibus

261 2722 400 2803 loquitur,
421 2723 452 2784 in
473 2723 580 2802 quibus
602 2741 645 2797 ca,
668 2743 742 2802 quae
765 2723 925 2802 agebantur
944 2724 1073 2786 breviter
1094 2733 1124 2786 et
1145 2745 1214 2787 vere
1237 2722 1373 2806 exponit?
1393 2719 1451 2782 Cer·

260 2816 323 2871 tum
351 2826 469 2888 quoque
497 2816 544 2869 est
565 2807 749 2870 Christianos
776 2808 950 2888 quibusdam
977 2808 1007 2869 iu
1034 2809 1289 2884 solemnitatibus,
1322 2810 1392 2870 sicut
1408 2803 1454 2864 Pa·

261 2893 368 2956 schalis
391 2893 470 2966 resti,
503 2901 594 2954 totam
626 2902 742 2954 noctem
773 2893 973 2972 pervigilasse.
1016 2895 1060 2955 Ad
1089 2913 1172 2956 suam
1200 2913 1326 2974 namque
1350 2903 1454 2953 uxorem

262 2977 459 3040 Tertullianus
473 3019 475 3026 -
490 2977 623 3056 scripsit:
664 2977 739 3050 Quia
762 2978 944 3042 solemnibus
966 2977 1097 3040 Paschae
1119 2981 1328 3043 abnoctantem
1347 2987 1454 3040 aarum
1526 2978 1527 2986 ’

131 3125 136 3132 ,
262 3064 421 3125 sustinebit
443 3062 625 3132 (Tertulliau.
647 3062 698 3124 lib.
721 3061 757 3124 ll.
780 3061 815 3123 ad
837 3062 925 3123 Uxor.
949 3081 1011 3142 cap.
1034 3062 1102 3137 hh?
1146 3063 1206 3125 Sed
1234 3065 1265 3126 iu
1285 3057 1454 3142 hpologetico

143 3169 149 3194 v
261 3164 324 3208 uon
355 3146 392 3207 de
424 3145 471 3208 bis
504 3155 632 3219 tanturn,
669 3146 722 3208 sed
754 3147 819 3208 aliis
848 3147 1005 3226 synaxibus
1028 3147 1164 3222 disserit,
1200 3169 1274 3229 quas
1303 3150 1332 3210 iu
1352 3143 1455 3207 muna

261 3236 379 3292 noctem
401 3230 565 3308 producere
587 3230 744 3294 Christiani
770 3241 994 3293 consueverant.
1038 3231 1116 3293 Nihil
1138 3251 1209 3312 ergo
1240 3232 1374 3314 probibet
1392 3243 1456 3306 quo-

261 3313 361 3375 minus
383 3314 546 3375 antelucani
568 3323 668 3376 coetus
692 3323 722 3376 et
742 3324 904 3378 nocturnae
926 3317 1150 3378 convocationes
1171 3317 1392 3398 appellarentur.

347 3397 447 3458 Tertio
469 3398 664 3460 Tertullianus
692 3408 790 3461 narrat
816 3409 884 3480 post
911 3401 990 3463 illam
1018 3401 1254 3464 Christianorum
1283 3417 1407 3470 coenant,
1430 3403 1459 3454 td

263 3487 385 3566 quisque
407 3483 440 3544 de
462 3481 632 3563 Scriptura
647 3483 764 3546 Sanctis
787 3485 837 3546 vel
856 3483 891 3548 di
909 3489 1043 3566 proprio
1064 3489 1181 3566 r'nyeaa'o
1194 3498 1304 3568 potest,
1322 3497 1458 3566 provoco-

262 3577 316 3632 tur
337 3572 370 3629 in
389 3567 518 3630 madiam
539 3567 601 3630 Deo
625 3586 732 3630 canere
753 3569 844 3644 (ldem
865 3571 1017 3649 apologet
1040 3589 1102 3649 cap.
1126 3574 1199 3647 39.).
1236 3572 1358 3633 Remota
1376 3568 1458 3643 itaque

242 3655 245 3660 “
261 3671 364 3716 mensa
387 3651 587 3731 unnsquisque
602 3651 741 3732 hymnum
756 3653 882 3732 aliquem
903 3663 953 3716 aut
974 3655 1159 3736 desumptum
1176 3675 1211 3717 ex
1227 3657 1314 3718 Sacra
1325 3653 1458 3730 Scriptura

261 3747 311 3800 aut
338 3737 462 3818 proprio
488 3736 605 3816 ingenio
627 3737 658 3798 in
681 3738 823 3799 bonorem
845 3739 896 3800 Dei
924 3739 1120 3819 compositum
1146 3741 1177 3801 in
1206 3741 1295 3802 totius
1316 3747 1459 3800 consents

163 3877 167 3892 .
262 3831 292 3886 et
313 3841 439 3885 coronae
460 3821 557 3884 medio
585 3823 749 3884 cauendum
768 3823 990 3903 provocabatur.
1032 3825 1070 3885 ht
1091 3824 1252 3904 Cyprianus
1273 3825 1410 3886 nonaum
1428 3813 1457 3876 ad

260 3908 391 3988 psalmos
422 3908 548 3987 quodam
576 3907 624 3968 die
656 3907 855 3970 concinendos
877 3908 959 3970 hisce
981 3908 1151 3970 adhortatur
1179 3908 1291 3971 verbis:
1327 3907 1365 3968 la
1394 3917 1459 3986 pao·

262 3997 345 4055 niara
370 3994 484 4070 seriata
511 4011 593 4053 nnnc
619 3997 700 4072 paics
722 4011 757 4056 aa
780 4005 896 4073 tempas
923 4004 970 4056 est
998 3997 1134 4068 odaeum,
1163 3995 1305 4075 puidpar'd
1329 3989 1459 4054 inclinato

262 4081 323 4140 iant
348 4076 413 4140 cole
438 4081 472 4138 in
498 4094 654 4156 uesperam
680 4078 739 4139 diei
758 4087 907 4158 superest,
936 4078 1079 4140 ducamus
1102 4079 1180 4140 hanc
1211 4079 1287 4141 dicar
1310 4077 1388 4146 laeti,
1413 4083 1459 4131 att

262 4165 303 4224 sit
324 4160 373 4222 ool
394 4161 471 4223 horo
500 4164 631 4224 convicia·
648 4165 750 4241 pratia
772 4163 905 4224 caelenis
926 4165 1082 4225 immanis:
1111 4175 1197 4228 sonet
1215 4162 1348 4244 psalmos
1369 4154 1458 4220 amvi·

263 4250 346 4307 aiam
372 4245 507 4307 sobriam
533 4257 563 4309 et
582 4256 619 4308 ot
640 4245 695 4308 tibi
713 4251 860 4309 marrona
881 4257 974 4308 tanao
994 4260 1051 4336 cst,
1079 4267 1141 4311 voc
1162 4265 1285 4320 canora,
1315 4241 1459 4326 aggredere

263 4329 319 4392 hoc
337 4347 447 4390 munus
470 4348 508 4392 aa·
527 4350 620 4394 more.
666 4330 761 4411 blopis
791 4335 962 4394 carissimas
987 4350 1104 4412 pasees,
1131 4337 1161 4395 a·
1179 4337 1220 4395 sit
1239 4332 1325 4394 nohis
1347 4328 1458 4408 spirita·

264 4413 302 4477 b'a
323 4415 457 4491 auditio,-
481 4415 629 4493 proleatet
650 4434 741 4494 aures
763 4417 906 4496 religioso
926 4417 1049 4479 dulcedo
1073 4417 1217 4497 (Cypriam
1238 4415 1288 4477 lib.
1311 4413 1346 4476 ad
1366 4411 1457 4473 nouat
1526 4455 1527 4466 .

261 4499 294 4561 in
315 4498 365 4559 fin.
387 4515 417 4576 p.
443 4500 514 4575 lb).
558 4499 590 4561 Si
617 4501 683 4579 quis
714 4507 810 4562 autem
839 4499 957 4562 obiiciat
982 4501 1024 4563 ibi
1046 4500 1220 4582 Cyprianum
1241 4500 1278 4562 de
1298 4496 1386 4560 sacris
1405 4503 1457 4554 nou

261 4583 343 4665 loqui
364 4581 623 4665 synaxibus,'quid
642 4585 711 4647 inde
731 4583 939 4666 promovebit?
969 4585 1002 4650 Si
1024 4586 1103 4650 enirn
1122 4587 1155 4650 in
1175 4583 1376 4650 communibus
1395 4591 1457 4638 ⁰⁰⁰·
