3166 5250
308 383 370 448 478
406 396 596 442 ntssnurn'tto
612 397 642 440 lli
657 397 705 448 Qll.
721 395 805 441 ΒΜ.
820 396 905 441 FLOR.
922 395 1115 441 rennuentem
1128 395 1353 440 nrownssrtcmt
1367 397 1446 441 cern.

394 547 494 610 Tertia
515 565 605 627 porro
627 547 697 620 dea,
731 547 815 609 caius
836 547 937 609 currui
959 546 1074 610 innatae
1095 555 1180 610 erant
1199 545 1330 621 bestiae,
1359 546 1497 610 ateren-

269 645 272 652 '
309 634 386 696 bano
408 641 528 694 vocatur
551 631 708 705 Caelestis,
737 631 780 695 uti
802 631 833 692 in
854 631 1005 694 codicibus
1026 631 1139 694 nostris
1159 633 1320 712 scriptum,
1342 631 1371 692 in
1392 631 1497 710 quibus·

309 720 375 780 dam
402 729 474 778 vero
501 715 566 777 aliis
591 716 696 779 Cereri
719 715 834 795 lagiurr.
876 717 914 778 At
940 716 1014 778 haec
1039 717 1157 797 quidem
1184 716 1344 779 vocabatur
1365 714 1497 788 Caelestis,

309 804 431 882 eiusque
453 819 556 864 currus
577 801 737 863 vehebatur
758 800 910 880 anguibus,
934 801 1178 881 quemadmodum
1200 800 1247 864 his
1264 800 1385 864 Ovidius
1406 801 1497 862 couir-

309 895 370 950 mat
389 886 539 948 versibus:

459 1020 499 1032 -
523 1019 566 1030 -
587 1017 626 1030 ·-
650 985 789 1050 Geminos
812 987 866 1049 dea
886 986 1003 1067 fertilis
1024 1005 1137 1068 unques

460 1072 607 1134 Curribus
630 1071 761 1134 admonit
780 1073 954 1152 [ramisque
976 1075 1109 1134 cotrarii
1131 1089 1195 1142 ora,

459 1157 497 1221 lit
517 1157 645 1218 medium
667 1155 743 1218 caeli
763 1167 920 1237 terraeque
937 1174 997 1236 per
1018 1161 1091 1217 atra
1112 1169 1197 1219 aeota
1219 1165 1274 1218 eat.

912 1240 1009 1314 (Ouid.
1031 1239 1082 1301 lib.
1098 1241 1131 1301 V.
1150 1240 1265 1302 Metam.
1289 1240 1346 1302 tab.
1369 1240 1430 1340 ult.)

308 1361 373 1422 Non
402 1359 466 1422 sola
493 1367 589 1421 tamen
619 1357 727 1432 Ceres,
761 1357 813 1419 sed
836 1357 933 1420 Venus
963 1357 1050 1420 etiam
1078 1343 1341 1438 cognominabatur
1367 1357 1496 1428 Caelestis,

308 1463 485 1524 currumque
508 1443 586 1506 illius
610 1441 740 1504 oloribus
763 1451 793 1504 et
814 1441 955 1506 columbis
977 1443 1053 1505 tralri
1074 1441 1250 1524 garriebant.
1283 1443 1315 1505 Si
1338 1451 1438 1506 testem
1456 1461 1496 1522 pe·

309 1539 363 1604 tao,
386 1529 469 1592 adest
489 1529 585 1590 adhuc
606 1526 741 1590 Ovidius:

463 1630 548 1696 Vecta
570 1629 631 1692 leui
652 1647 748 1692 eterra
770 1630 881 1692 medalu
905 1609 1051 1709 Cytherea
1068 1648 1128 1710 per
1149 1647 1253 1703 aurat,

462 1715 583 1795 cypron
606 1713 734 1778 olorinis
755 1715 889 1778 nondum
907 1727 1089 1796 peruenerat
1110 1714 1177 1776 alis.

1080 1797 1164 1874 (ibid.
1187 1795 1236 1860 lib.
1261 1797 1297 1860 Χ.
1320 1801 1351 1876 ὅ.
1373 1795 1432 1873 ult)

307 1849 416 1947 Postea
438 1901 523 1945 vero:

459 1983 575 2067 Perque
597 1983 676 2046 hocs
698 2001 792 2046 aures
813 1987 925 2046 inantia
946 1987 1064 2046 iuuenta
1086 1982 1238 2048 columbas.

307 2101 439 2181 lienique
461 2101 596 2174 lunonis,
628 2119 702 2180 quae
725 2099 865 2162 Caelestis
886 2118 1003 2180 quoque
1030 2098 1265 2181 nuncupabatur,
1301 2119 1417 2163 currum
1437 2097 1495 2178 equi,

308 2187 385 2248 siout
406 2186 569 2260 Homerus,
603 2183 757 2264 Virgilius,
782 2193 811 2246 et
831 2202 976 2264 pavones,
1009 2193 1042 2247 ut
1063 2185 1111 2248 alii
1132 2185 1344 2264 testificantur,
1368 2184 1496 2247 docebant.

308 2271 381 2332 Nam
403 2287 523 2332 rursum
546 2267 649 2331 cecinit
672 2269 811 2331 Ovidius:
1061 2285 1066 2296 “

459 2401 815 2416 ------
837 2371 942 2433 Habili
962 2369 1109 2435 Saturnia
1132 2391 1228 2434 curru

460 2454 637 2535 ingreditur
660 2453 801 2536 liquidum
822 2455 989 2535 pavonibus
1012 2456 1134 2520 aetlero
1152 2461 1253 2538 pictis.

735 2538 832 2614 (ovid.
855 2539 905 2601 lib.
928 2539 966 2602 ll.
988 2539 1105 2602 Metam.
1126 2539 1212 2621 paulo
1234 2549 1304 2603 ante
1326 2541 1432 2617 finem.)

309 2657 382 2720 'lam
404 2675 474 2738 ergo
496 2656 612 2719 difficile
635 2655 713 2719 dictu
734 2657 802 2736 quid
826 2657 967 2719 Caelestis
989 2659 1109 2722 nomina
1129 2678 1147 2720 a
1169 2658 1349 2722 Tertulliano
1372 2655 1495 2738 signitica-

308 2750 358 2804 tur
389 2761 475 2822 quam
503 2741 628 2821 probatu
655 2741 738 2804 facile
759 2741 870 2804 bestias
892 2762 909 2804 a
931 2743 1104 2822 gentilibus,
1137 2743 1213 2805 sicut
1243 2743 1285 2805 ait
1313 2742 1496 2808 tertuliani.

307 2825 446 2908 applicari
474 2825 531 2888 diis
558 2825 621 2889 sais
652 2827 714 2888 sire
743 2826 860 2888 illorum
888 2825 1061 2902 simulacris.
1104 2828 1141 2890 tt
1174 2847 1263 2890 nemo
1298 2847 1387 2891 sanae
1412 2823 1496 2890 menti

308 2913 399 2974 bomo
420 2929 548 2992 unquam
571 2911 688 2991 negabit
709 2911 783 2973 nibil
806 2931 872 2974 esse
895 2911 1050 2974 absurdius
1073 2931 1158 2992 quam
1180 2912 1352 2976 huiusmodi
1366 2911 1495 2975 simulam

308 3006 444 3076 tanquam
477 3015 563 3058 veros
597 2996 670 3059 deos
700 3003 750 3058 aut
782 2996 879 3059 divina
912 2997 1018 3059 virtuta
1044 2996 1193 3078 praeditos
1221 2998 1302 3060 serio
1332 2995 1495 3061 veneranti

308 3081 442 3144 adorare.

806 3250 973 3302 auricomis
992 3250 1022 3300 ll.

310 3354 382 3405 Quam
399 3352 495 3397 maurde
513 3353 595 3396 omnini
618 3353 709 3398 dixerint
726 3353 844 3398 simulacra
868 3365 922 3398 auos
940 3365 990 3398 esse
1009 3354 1063 3398 deos
1080 3355 1167 3398 tametsi
1184 3355 1271 3409 plurimi
1294 3359 1401 3410 quasdam
1418 3353 1460 3398 aliia
1473 3349 1495 3392 it·

310 3420 411 3474 cognitos
429 3427 451 3464 et
468 3432 481 3463 n
499 3431 524 3464 ee
542 3422 657 3476 adoptatos
675 3422 774 3466 colerent
792 3429 829 3466 aut
847 3423 980 3467 domesticae
997 3422 1151 3477 pignerarent.
1176 3423 1313 3468 venditarent
1337 3433 1401 3480 atque
1418 3423 1437 3466 in
1452 3415 1494 3462 uas·

310 3487 366 3532 sima
384 3493 542 3534 commutarant
558 3499 620 3540 vasa,
637 3496 674 3532 aut
691 3489 793 3546 publicos
811 3490 832 3532 ln
851 3489 947 3534 lanntnrio
965 3490 1055 3532 renatae
1073 3489 1181 3532 baberent
1198 3501 1282 3544 eosque
1309 3492 1427 3538 sanationes
1443 3483 1495 3532 anai·

522 3563 608 3600 marem
624 3555 661 3611 qui
678 3555 748 3610 magis
766 3555 871 3600 tributarii
889 3564 951 3600 eraut
974 3557 1091 3612 cariusque
1109 3558 1305 3602 venumdabantur.

393 3671 459 3732 Non
481 3670 576 3750 potnit
596 3669 790 3732 Tertullianus
809 3671 954 3750 patienter
974 3673 1051 3732 terre
1073 3672 1215 3743 ethnicos,
1237 3673 1287 3752 qui
1308 3681 1405 3736 rectae
1424 3667 1495 3731 ratio·

308 3757 356 3819 nis
370 3754 472 3818 lumini
494 3754 557 3817 sole
579 3755 740 3816 meridiano
763 3755 869 3818 alarius
890 3755 1011 3836 fulgenti
1033 3755 1133 3818 oculos
1158 3757 1235 3819 ultro
1261 3757 1426 3820 claudentes
1440 3751 1495 3814 min

309 3840 470 3921 pervicacia
492 3837 644 3918 imagines,
667 3848 789 3914 statuas,
811 3840 964 3904 simtdama
985 3841 1125 3903 falsorum
1148 3841 1270 3904 deorum
1292 3841 1440 3904 retinenda
1458 3853 1495 3896 oo·

308 3926 452 4005 lendaque
475 3944 543 3986 essa
565 3923 787 3995 contendebant.
830 3925 891 3987 Pro
912 3925 1026 3988 rationo
1052 3925 1146 4000 enim,
1181 3926 1277 4006 inquit
1308 3926 1371 4001 ille,
1405 3919 1496 3987 iosus

309 4011 459 4074 dumtaxat
480 4008 616 4074 matilia
644 4009 830 4072 vociferatio:
863 4010 942 4074 llaec
973 4010 1059 4074 nobie
1081 4011 1131 4073 dii.
1144 4024 1216 4075 meat
1243 4011 1375 4084 (Tertull.
1395 4005 1495 4090 Apolot·

310 4113 374 4174 cap.
398 4097 470 4172 ts).
500 4095 607 4157 Verum
629 4113 709 4156 mern
731 4095 818 4156 verba
840 4103 932 4168 erant,
961 4094 1066 4174 quibus
1088 4095 1145 4176 ipsi
1167 4105 1285 4162 suomet
1304 4094 1409 4166 iudicio
1430 4091 1495 4172 plant

310 4179 587 4241 condemnabantur.
631 4177 755 4242 Dilliteri
782 4181 890 4260 quippe
918 4197 979 4241 non
1004 4187 1141 4259 poterant
1167 4180 1279 4244 nullmn
1305 4181 1370 4244 sine
1397 4181 1495 4240 senatu

310 4263 532 4342 approbatione,
554 4271 697 4345 utsupra
718 4263 842 4326 vidimus
865 4267 940 4344 (cap.
958 4263 1083 4329 tetra
1098 4266 1153 4341 9.),
1176 4265 1263 4328 deum
1283 4265 1415 4346 potuisse
1434 4273 1494 4322 nun·

311 4347 411 4426 aspari
433 4355 463 4408 et
483 4348 632 4412 honorari.
676 4349 884 4412 Verumtamen
904 4350 935 4411 ia
957 4349 1065 4411 ethnici
1086 4349 1241 4413 cuiuslibet
1262 4357 1405 4430 potestate
1425 4344 1496 4408 sitan

309 4431 365 4493 init
393 4449 480 4511 qoem
500 4431 643 4495 volabaut
664 4433 751 4496 deum
779 4434 840 4496 sivo
867 4434 1061 4515 quodcunque
1088 4433 1146 4496 sibi
1167 4435 1324 4514 placuisset
1344 4431 1391 4496 dei
1411 4421 1496 4493 sind·

309 4533 410 4578 amum
430 4525 481 4578 aut
502 4516 608 4595 eligere
630 4526 680 4580 aut
700 4519 869 4599 reprobare.
914 4518 1090 4598 Sasoeptnm
1105 4519 1215 4600 'itaque
1242 4520 1279 4582 ab
1306 4519 1399 4599 aliquo
1426 4513 1495 4576 donn

309 4599 382 4664 alias
403 4618 459 4683 pro
480 4598 562 4662 libito
583 4602 802 4682 aspernabatur.
844 4602 882 4667 tt
902 4602 974 4669 illud
994 4602 1059 4668 sine
1079 4603 1230 4687 reprobati
1251 4602 1356 4668 iniuria
1375 4599 1436 4666 ueri
1448 4605 1495 4659 πω
