3078 5248
272 382 336 444 554
357 397 396 439 BE
411 397 484 438 vurta
498 395 611 439 AETATE
625 397 660 438 AG
676 395 822 439 nocuum
836 395 1022 438 scutatorum
1037 393 1233 438 TSBTULUSM
1248 395 1433 438 utsrurarto

274 546 388 608 aeneo
410 545 511 623 nmo,
539 544 667 618 messae,
695 545 745 624 qut
765 545 871 606 uerno
899 507 1057 605 aetianae
1085 543 1237 606 otacrum
1265 543 1440 604 nioman
1458 545 1482 602 a

276 629 366 692 sidias
388 631 528 702 iacerent,
552 636 582 690 et
601 628 657 689 bae
680 629 799 708 quidem
820 637 942 707 repente
964 629 1095 692 detecme
1124 637 1211 700 sunt;
1239 628 1391 708 quocirca
1418 631 1491 704 mapa

274 715 488 793 apparatione
511 732 589 774 auno
612 713 732 774 CXCVI.
756 721 887 774 semente
910 711 1053 773 Severum
1081 712 1112 772 in
1134 711 1255 774 Galliam
1288 713 1491 773 concessisset

841 900 871 974 §-
894 895 930 958 x.

362 1015 422 1076 Sed
451 1015 508 1076 ista
536 1015 654 1093 quidem
681 1025 715 1077 ut
740 1016 872 1076 nondum
901 1014 972 1076 daut
998 1023 1107 1075 certam
1129 1013 1205 1074 riam
1227 1019 1376 1076 aceurate
1400 1031 1491 1092 cogno

275 1101 376 1162 scendi
399 1117 509 1160 annum
530 1099 635 1160 Albino
650 1099 764 1161 iamlam
779 1108 947 1178 prepterea,
963 1099 1042 1177 quod
1058 1097 1190 1158 nondum
1205 1105 1346 1176 apparet,
1373 1098 1492 1175 quarnd'u

274 1185 332 1246 ista
355 1185 391 1245 de
413 1201 528 1244 summa
551 1183 667 1263 imperii
688 1183 837 1247 dimicatio
860 1183 1017 1255 duraverit,
1038 1181 1142 1260 magis,
1166 1181 1285 1260 opinor,
1311 1180 1411 1242 nobis
1429 1201 1492 1240 sna

274 1269 376 1348 pidum
399 1267 508 1329 eximet
536 1275 651 1347 tempus
679 1268 830 1346 dignitatis
854 1267 1014 1328 Caesareae
1035 1265 1182 1328 Caracallo
1216 1265 1360 1338 collatae,
1398 1285 1434 1325 ex
1453 1285 1494 1344 qna

274 1351 427 1425 efficiemr,
450 1352 586 1414 Albinum
607 1372 633 1413 a.
658 1351 791 1414 CXCVll.
812 1351 970 1430 periissek.
1015 1351 1090 1411 Sunt
1118 1349 1196 1410 euim
1223 1349 1424 1427 antiquitatis
1444 1369 1491 1410 mo

274 1445 415 1500 uumeuta
443 1437 595 1515 quaedam,
625 1437 720 1514 qualia
746 1436 879 1515 Pagiusl,
908 1453 1002 1514 enque
1024 1433 1168 1496 (lutherio
1194 1433 1394 1494 llosbemius
1419 1435 1493 1494 attuit

275 1521 320 1596 (in
342 1521 415 1582 diss.
437 1521 515 1582 laud.
538 1523 567 1598 ᾗ.
591 1520 718 1595 litut).
747 1520 778 1580 in
807 1519 913 1599 quibus
943 1519 1089 1580 Laterano
1119 1525 1149 1580 et
1170 1518 1277 1578 Rufino
1312 1535 1401 1578 coss.
1426 1519 1493 1578 dan-

275 1605 366 1666 callus
389 1623 424 1666 ex
447 1605 477 1665 S.
500 1605 533 1665 C.
556 1605 665 1666 Caesar
686 1604 850 1665 destinatus
871 1611 1001 1665 secatur.
1045 1604 1083 1663 tt
1108 1602 1158 1662 illo
1186 1602 1379 1680 cognomine
1410 1623 1493 1682 quam

275 1688 320 1749 vis
343 1689 401 1750 iarn
424 1687 587 1750 Caracallus
608 1708 625 1749 a
647 1697 728 1767 patre
750 1697 813 1750 tum
835 1697 994 1748 exornatus
1017 1687 1130 1758 luisset,
1154 1705 1220 1747 eum
1243 1687 1387 1747 Severus
1411 1689 1493 1748 adrer-

277 1791 330 1833 sus
364 1771 501 1834 Albinum
537 1773 815 1852 proficisceretur¹²‚
849 1771 928 1832 istud
966 1779 1063 1832 tamen
1099 1789 1246 1848 nusquam
1282 1773 1492 1850 reperimnsa

277 1857 387 1918 Senatu
417 1857 620 1917 confirmatum
649 1875 717 1918 osse
745 1857 838 1935 prius,
875 1873 963 1935 quam
986 1855 1078 1916 vietor
1100 1853 1228 1915 Severus
1251 1853 1411 1929 Romam,
1442 1875 1492 1934 pn«-

275 1945 368 2002 strato
391 1940 505 2011 Albino,
542 1940 698 2014 rediissct3
731 1949 793 2001 tum
820 1941 900 2002 euim
922 1940 1064 2012 Severum
1091 1939 1216 2018 legimus
1244 1938 1419 2000 &osorem
1441 1941 1492 1999 lias·

275 2023 393 2086 sianum
421 2025 512 2086 lilium
544 2043 630 2086 suum
652 2024 833 2086 Antoninum
855 2024 994 2104 appellari
1022 2023 1149 2084 iussisse
1178 2025 1236 2101 (ap.
1261 2022 1372 2100 Spart.
1399 2023 1419 2084 l.
1440 2044 1462 2084 e
1478 2044 1491 2079 r.

278 2113 351 2181 lb).
405 2109 442 2170 llt
474 2109 553 2169 enim
575 2109 751 2170 Lateranum
786 2117 815 2170 et
837 2109 975 2170 Rtrliuum
1003 2107 1142 2170 eonsules
1174 2107 1268 2167 brisse
1296 2109 1337 2168 Α.
1365 2107 1403 2168 P.
1426 2107 1491 2168 nt

277 2191 410 2254 cxcvii.
433 2193 539 2253 docent
560 2192 628 2253 rasti
650 2192 799 2266 uuiversi;
830 2193 928 2271 itaquo
956 2192 996 2252 sit
1024 2192 1090 2262 boo,
1112 2190 1249 2252 Albinum
1272 2192 1393 2253 eodem
1417 2205 1491 2254 anm·

278 2293 343 2335 cum
366 2276 424 2336 vita
446 2276 602 2354 imperium
624 2277 769 2338 amisisse.
815 2277 898 2349 Quae
921 2295 987 2336 natm
1009 2275 1049 2336 ita
1071 2275 1141 2348 sint,
1163 2283 1244 2353 patet
1265 2277 1356 2354 quod
1382 2279 1490 2338 ellium

278 2358 347 2418 dnm
369 2359 568 2438 promisimus,
593 2379 628 2420 er
650 2361 704 2420 hae
726 2361 881 2422 occasione
902 2360 980 2440 plebi
1001 2360 1038 2420 ad
1054 2358 1238 2420 Christianos
1259 2362 1428 2422 vexandos
1447 2375 1491 2440 pa:

277 2441 373 2502 Albini
396 2443 547 2504 interitum
563 2451 629 2504 nata
652 2445 724 2506 istas
749 2445 865 2524 priores
880 2445 1115 2506 Christianorum
1131 2443 1314 2504 calamitates
1334 2463 1364 2506 a.
1383 2445 1490 2506 uictu
1513 2445 1514 2452 ’

278 2525 393 2588 initium
417 2527 543 2607 cepisse.

839 2698 869 2772 a.
892 2696 940 2757 ru.

361 2811 534 2874 Accedimus
557 2813 592 2873 ad
615 2811 738 2874 altemm
761 2821 989 2892 argumentum»
1004 2833 1039 2874 ex
1060 2831 1118 2892 quo
1141 2812 1256 2874 initium
1278 2812 1382 2876 istius
1408 2825 1492 2875 tuma-

276 2903 324 2956 lus
347 2915 363 2958 a
385 2896 471 2975 plebe
493 2897 607 2958 excitati
631 2897 752 2958 delinire
774 2896 959 2970 volebamus,
988 2897 1085 2958 boum
1109 2897 1197 2958 istum
1218 2896 1349 2974 quidem
1376 2903 1493 2979 supern-

276 2981 319 3058 (β.
340 2979 401 3056 Ἦ.)
422 2981 598 3059 productum
622 3000 657 3041 ex
679 2981 755 3041 libro
777 2981 948 3042 Tertulliani
976 2982 1011 3041 ad
1035 2981 1198 3060 Scapulam,
1228 2981 1259 3040 iu
1291 3000 1360 3060 quo
1387 2985 1494 3044 Seven.-

276 3063 383 3125 dieitur
411 3065 618 3139 „clarissimas
651 3065 775 3126 seminas
808 3065 1049 3145 clarissimosque
1082 3065 1162 3126 viros
1197 3073 1296 3126 sectae
1331 3068 1493 3130 christiana

276 3165 337 3208 nou
360 3149 449 3209 modu
472 3169 533 3210 non
554 3149 690 3224 laesisse,
713 3169 815 3210 verum
839 3157 868 3212 et
890 3169 1050 3210 exornasse
1073 3149 1254 3221 testimonio,
1277 3152 1461 3232 populoque
1478 3155 1494 3210 ia

311 3332 326 3380 i.
346 3333 420 3380 attam
439 3333 498 3382 aiam
518 3335 641 3395 ingressus
660 3343 696 3385 est
714 3334 861 3384 lloslremius
912 3336 974 3396 gusti
1000 3333 1125 3384 Caracallo
1150 3278 1433 3388 collatam‘odbibers.
1466 3351 1494 3385 s.

277 3393 390 3462 §.llll
426 3401 861 3466 Namqnea.CllCll.‚iuquit‚er·
913 3403 981 3451 istius
1001 3401 1133 3452 Clarissimi
1151 3401 1196 3450 Viri
1220 3409 1305 3466 partos
1334 3407 1487 3456 desereret

277 3473 406 3528 pugnatam
426 3481 479 3515 esse
488 3467 670 3530 byzantinorum
682 3469 780 3530 urbem
800 3467 862 3518 hano
912 3473 988 3518 setius
1006 3477 1043 3517 cst
1060 3470 1144 3518 visum.
1171 3469 1231 3518 Num
1250 3469 1356 3532 ipso.)
1376 3474 1467 3523 Carae.-
1489 3508 1493 3516 .

277 3547 342 3592 aare,
362 3533 497 3584 Herodiano
517 3543 576 3586 teste
595 3535 780 3595 irretitae)
799 3551 860 3586 non·
913 3539 997 3600 inquit,
1021 3538 1120 3597 legasti
1144 3537 1256 3598 dignitate
1286 3548 1401 3590 ornatus
1428 3551 1461 3590 est
1479 3561 1493 3584 r-

276 3599 439 3670 dnm-luisse
474 3603 497 3650 in
533 3609 674 3664 potestatem
708 3603 861 3667 imperatoris
913 3618 984 3662 anno,
1009 3605 1048 3667 qui
1068 3603 1186 3667 proelium
1207 3605 1376 3665 lugdunense
1400 3620 1494 3658 atria·

275 3668 412 3724 redactam,
431 3683 484 3718 eum
503 3669 588 3720 llbino
608 3680 761 3732 occurreret;
790 3671 862 3732 igitur
913 3677 1018 3720 secutus.
1054 3671 1136 3734 ltaque
1160 3685 1213 3720 enm
1234 3681 1436 3732 constet-cunr
1455 3680 1494 3722 rs*

276 3749 331 3785 cnm
350 3751 404 3785 asse
423 3745 504 3786 eontra
523 3739 633 3786 Albinum
653 3753 672 3785 a.
688 3739 782 3787 exult.
802 3753 860 3801 pro·
912 3753 932 3787 a.
953 3737 1069 3787 cxctttt.
1089 3740 1220 3801 accepisse,
1238 3739 1347 3789 Albinus
1367 3757 1393 3792 a.
1406 3745 1494 3792 extu

275 3804 371 3854 lectum.
409 3806 478 3863 Quod
503 3814 677 3865 argumentum,
702 3806 764 3854 barad
790 3820 860 3866 nego,
912 3805 1030 3854 occubuit.
1068 3805 1151 3854 liuius
1166 3807 1309 3867 argumenti,
1342 3809 1436 3858 dubito
1455 3813 1489 3856 tn·

275 3882 330 3920 'csse
355 3873 469 3922 maiorem
495 3873 539 3920 rim
566 3885 619 3920 meo
638 3873 789 3932 habiturum,
815 3873 860 3922 nist
911 3887 941 3922 an
960 3873 1072 3935 superior
1090 3874 1216 3936 proposito
1236 3887 1263 3922 er
1288 3877 1427 3934 omnibns,
1451 3894 1492 3940 qa·

273 3935 403 3988 llerediaui
423 3939 491 3987 rerba
512 3946 646 4002 pugnarent
664 3953 717 3988 cum
736 3939 775 3998 iis,
799 3955 860 4004 quae
912 3940 1037 4000 habemus,
1061 3941 1220 4004 scriptoribus
1240 3943 1272 3990 sit
1289 3945 1442 3997 maniiesta.
1465 3961 1493 3990 te.

272 4005 359 4054 tradita
378 4013 433 4055 sent
452 4021 464 4054 a
484 4005 558 4054 Dione
578 4006 670 4064 Cassio,
689 4007 729 4069 qni
746 4007 860 4056 Severum
912 4009 995 4056 eadem
1014 4021 1067 4056 csse
1086 4015 1211 4058 cerasentur
1230 4021 1283 4057 cnm
1297 4009 1398 4059 alters:
1421 4011 1467 4060 dre
1486 4031 1490 4041 ·

274 4073 307 4122 sit
331 4075 445 4124 nuncium
471 4074 500 4122 de
519 4079 588 4138 capto
608 4073 719 4136 Byzantio
739 4075 761 4122 iu
781 4073 859 4123 bleso·
912 4074 1024 4136 dignitate
1049 4075 1146 4136 Augusti
1179 4091 1201 4124 a.
1228 4075 1353 4126 cxctttt.
1384 4093 1458 4128 susce

273 4141 379 4206 potamia
404 4141 535 4204 accepisse.
570 4145 646 4204 Atque
670 4140 690 4190 is
712 4142 796 4190 merito
816 4157 860 4190 su·
911 4157 972 4205 quae
990 4143 1111 4191 consentit
1130 4156 1184 4191 cum
1203 4143 1254 4190 eius
1272 4143 1308 4191 rei
1329 4145 1492 4207 significante

274 4205 376 4255 diendus
402 4217 439 4256 est
463 4217 486 4256 et
504 4208 651 4272 repudianda
671 4209 799 4258 Herodiani
818 4223 863 4258 au·
911 4209 1081 4258 monumentis.

276 4273 383 4333 ctoritas,
407 4275 472 4338 qnod
497 4278 543 4324 inm
563 4277 659 4338 egregie
679 4276 771 4325 monuit
790 4277 812 4324 V.
833 4277 858 4326 C.
944 4275 960 4325 l.
979 4276 1006 4326 ln
1025 4275 1111 4326 Critiee
1129 4275 1255 4326 Annalium
1273 4275 1372 4328 Eccles.
1396 4280 1493 4329 Caesus

274 4337 305 4387 ll.
323 4339 348 4388 S.
367 4342 492 4390 Reimarus
516 4343 539 4392 in
565 4351 615 4392 not.
642 4343 672 4393 ad
695 4343 764 4392 lliou.
791 4343 858 4394 Cass.
910 4343 980 4394 Card.
999 4343 1104 4406 baronii,
1122 4343 1190 4393 Sanc.
1210 4344 1236 4392 ll.
1256 4343 1286 4394 ad
1306 4360 1327 4392 a.
1349 4346 1377 4395 C.
1402 4343 1489 4396 exsut

274 4417 299 4470 p.
320 4405 392 4456 1252.
411 4405 436 4470 ἦ.
456 4409 496 4457 to.
516 4417 539 4458 et
556 4425 580 4474 p.
601 4409 675 4460 taso.
693 4407 718 4474 ὅ.
739 4411 781 4460 t«
909 4425 974 4460 uum.
995 4409 1018 4460 2.
1037 4412 1093 4461 edit.
1112 4411 1187 4461 Paris.
1206 4409 1396 4463 blllclffllx.
1423 4430 1448 4476 p.
1465 4412 1494 4459 SS-

309 4473 330 4522 la.
352 4475 391 4523 Usi
410 4489 495 4524 somus
513 4477 543 4524 od
562 4477 623 4527 banc
641 4491 692 4527 rem
708 4479 857 4528 efficiendam
944 4493 974 4527 m.
994 4479 1017 4527 V.
1037 4479 1190 4542 spartianum
1210 4479 1233 4527 iu
1253 4479 1344 4528 Severo
1365 4497 1387 4530 o.
1413 4483 1453 4530 lb.

274 4539 388 4602 (lignitate
408 4541 524 4591 Caracalli
544 4543 743 4602 Caesareanum
762 4545 858 4595 lloslre-
944 4561 967 4594 n.
985 4545 1015 4594 Et
1033 4547 1069 4594 tit.
1090 4547 1186 4610 quidem
1205 4546 1303 4596 catenat.
1316 4547 1400 4603 ¹llart.‚
1421 4561 1492 4613 qur-s-

275 4611 338 4658 mins
356 4609 468 4660 maluerit
485 4609 516 4658 ad
534 4624 585 4660 eam
605 4627 654 4661 rem
665 4612 858 4675 dignitatemlo-
909 4611 1038 4662 admodum
1059 4613 1281 4676 babatSpartlanes
1300 4613 1359 4664 loco
1372 4615 1416 4664 tit.
1437 4613 1482 4665 ct
