3196 5250
502 365 636 412 sacroue
655 365 715 410 nro.
736 366 774 410 us
795 365 922 412 noamr.
1253 351 1316 416 428
1396 355 1398 364 ⁴

116 523 298 578 autemnon
325 515 422 580 solum
443 517 530 580 baius
559 509 642 580 urbis
664 517 769 592 situm,
801 517 856 581 sed
882 516 961 582 illiue
988 523 1107 598 auoque
1131 518 1246 600 minam
1274 521 1319 586 sic

115 599 279 680 descripsit:
312 600 467 682 Pompeios
489 602 631 666 celebrent
654 604 831 684 ponpam
851 603 971 678 arbori,
999 609 1032 666 in
1053 623 1140 686 paam
1161 606 1197 667 ab
1219 605 1319 671 alnes

113 697 200 767 parte
230 671 431 750 Surrentinum
462 687 714 770 Sabiniananspne
747 687 848 761 littus,
885 689 922 752 ab
962 689 1061 750 altera
1092 688 1317 756 Herculanense

117 775 295 834 ommniuat
331 789 472 854 marepae
504 790 543 834 ec
568 783 674 852 aperto
704 775 881 836 conductum
910 766 1017 854 cinpitss
1047 774 1318 839 assentatores

110 867 199 926 nats,
223 859 347 918 cenom
364 875 552 938 paninperc
572 859 746 921 adiacebant
767 859 948 938 ropionibus,
970 860 1138 922 Miainm
1160 869 1190 921 et
1204 856 1320 941 quidese

112 940 209 1002 diebus
232 939 365 1002 bibernis
377 939 472 1004 Nonis
485 941 647 1004 Februarii
662 953 763 1006 notas
785 943 841 1016 hta,
857 942 969 1022 liepulo
991 953 1020 1006 et
1034 942 1163 1024 Virpinio
1186 945 1319 1008 comdi-

88 1025 163 1090 aar
190 1025 308 1099 (Sanco.
336 1025 387 1086 lib.
416 1025 462 1088 Vl.
484 1026 612 1088 Natural.
641 1027 762 1100 Quaest.
791 1045 855 1106 cap.
880 1031 930 1104 1.).
978 1027 1167 1090 Paueiorihus
1200 1029 1319 1092 modam

109 1108 203 1172 rerhis
228 1108 382 1172 Cornelius
404 1108 531 1180 Tacitus.
554 1111 604 1173 uhi
625 1112 663 1172 de
683 1111 800 1174 Nerone
820 1113 1013 1192 imperatore:
1042 1112 1127 1176 llotu
1148 1124 1249 1176 terrae
1270 1133 1319 1178 ce-

108 1193 186 1256 lebre
215 1194 395 1275 Campaniae
426 1197 567 1276 oppidum
599 1194 733 1278 Pompeii
761 1215 870 1278 napea
897 1215 936 1259 ec
958 1209 1048 1277 parte
1069 1202 1193 1277 proruit
1214 1198 1319 1271 (Tacit.

107 1278 155 1341 lib.
177 1279 239 1340 XV.
263 1280 364 1341 bonel.
387 1298 447 1340 non
468 1281 555 1358 longe
575 1289 646 1360 post
666 1281 752 1357 init).
795 1281 901 1344 Verum
924 1281 997 1344 baec
1016 1299 1077 1342 non
1097 1282 1182 1360 plane
1203 1283 1317 1346 condu-

108 1373 174 1428 cuut
194 1365 231 1426 ad
257 1363 429 1426 Tertulliani
450 1365 652 1445 propositum,
685 1365 734 1444 qui
756 1367 843 1428 buius
864 1365 948 1428 urhis
970 1366 1114 1429 excidium
1140 1385 1202 1428 nou
1221 1375 1318 1430 terrae

106 1457 196 1522 motu,
221 1448 278 1510 sed
300 1448 377 1527 igne,
405 1467 461 1510 nec
481 1458 621 1530 regnante
641 1450 769 1523 Nerone,
798 1451 850 1513 sed
872 1457 939 1512 anm
961 1450 1070 1513 Christi
1091 1459 1222 1530 tempora
1244 1469 1317 1514 con-

107 1535 207 1614 tipisse
235 1533 355 1596 asserit.
400 1533 586 1614 Quapropter
612 1535 637 1596 si
665 1535 731 1614 quis
764 1535 845 1598 illum
878 1553 937 1596 non
968 1535 1005 1596 de
1032 1536 1090 1598 hoc
1109 1537 1319 1616 Pompeiorum

105 1619 223 1698 oppido,
248 1619 304 1682 sed
325 1619 361 1680 de
376 1618 500 1698 Tarpeia
522 1637 588 1680 aree
610 1620 728 1684 caelesti
750 1620 817 1699 igne
840 1638 940 1682 eversa
961 1619 1090 1683 locutum
1113 1639 1179 1684 esse
1192 1621 1317 1684 demon·

106 1705 262 1775 suaserit,
294 1722 355 1765 non
376 1704 499 1766 multum
522 1703 639 1783 quidem
660 1703 893 1766 reclamabimus.
938 1705 996 1766 Sed
1025 1705 1163 1779 observa,
1196 1723 1317 1784 quaeso,
1391 1721 1396 1736 ·

103 1787 316 1868 Pompeiorum
345 1789 447 1850 urbem
476 1788 505 1849 in
534 1788 640 1863 altero,
673 1808 758 1868 quarn
783 1789 906 1850 Vesuvio
934 1797 1034 1850 monte
1061 1791 1153 1852 luisse
1181 1789 1318 1869 positam.

105 1873 189 1951 Atqui
211 1874 238 1934 si
265 1873 486 1952 erumpentibus
509 1893 544 1934 ex
561 1872 615 1934 illo
640 1874 765 1948 Vesuvio
788 1882 887 1935 monte
908 1873 1033 1937 flammis
1055 1883 1123 1936 ante
1144 1875 1319 1954 divulgatam
1399 1917 1403 1927 ·

103 1957 296 2022 christianam
318 1957 487 2038 religionem
510 1959 666 2038 aliquando
688 1966 860 2036 exustaest
882 1976 981 2020 nonne
995 1959 1053 2022 boc
1067 1966 1204 2038 tanqum
1218 1967 1316 2022 extra·

103 2043 286 2104 ordinarium
309 2044 417 2105 iactum
438 2062 455 2104 a
476 2043 655 2104 Tertulliano
677 2051 781 2105 nostro
803 2043 899 2104 notari
921 2041 1040 2123 potuit?

183 2127 287 2189 llinor
308 2146 397 2207 porro
420 2128 573 2190 difficultas
596 2136 644 2189 est
665 2127 701 2190 de
723 2127 863 2189 Vulsiniis
890 2128 951 2189 sire
979 2127 1129 2200 Volsiniis,
1152 2147 1227 2208 quos
1249 2127 1318 2192 alibi

102 2212 292 2286 (Tertullian.
324 2213 477 2292 hpologet
510 2231 573 2292 cap.
597 2216 671 2288 ld),
709 2212 751 2274 uti
786 2213 861 2275 intra
897 2213 1028 2276 dicemus
1059 2211 1147 2284 (lutra
1175 2231 1237 2292 cap.
1266 2215 1317 2278 ll.

100 2299 160 2362 brt.
182 2302 239 2374 2.),
268 2297 469 2360 Volsinienses
491 2297 661 2360 nominavit.
704 2297 746 2358 De
768 2297 815 2358 bis
837 2297 983 2376 siquidem
1005 2297 1082 2360 canit
1102 2297 1262 2372 luvenalis:

260 2383 338 2456 Quis
362 2389 444 2445 timet
465 2395 518 2444 ont
540 2387 639 2446 timuit
658 2382 755 2462 polida
777 2381 938 2446 Praeneste
959 2387 1089 2454 necnon,

254 2469 319 2531 Aut
337 2469 447 2548 positis
469 2486 627 2529 nemorosa
649 2472 729 2529 inter
751 2471 821 2546 iupa
847 2467 993 2529 Volsiniis.

770 2551 908 2622 (luvenal.
931 2549 1019 2612 Satin.
1041 2549 1090 2612 111.
1116 2570 1144 2612 v.
1168 2553 1250 2628 181.)

99 2637 250 2720 Oppidum
279 2644 376 2718 autem
396 2635 513 2698 illorum
534 2655 551 2697 a
572 2635 718 2697 Strabone
740 2636 900 2714 appellatur
926 2626 1109 2709 Gliciam,
1132 2635 1221 2714 quod,
1245 2635 1321 2698 sicut
1373 2645 1378 2654 '

96 2722 135 2784 ait
156 2721 384 2792 Tertullianus,
418 2722 484 2799 igne
507 2721 658 2798 perfusum
681 2720 727 2781 bis
750 2719 862 2781 Plinius
886 2719 1064 2797 totidemque
1085 2719 1181 2780 verbis
1203 2737 1318 2781 memo-

96 2815 154 2868 rat:
192 2809 327 2870 Volsinii
347 2807 487 2888 oppidum
513 2805 674 2867 Tuscorum
701 2803 918 2866 nobilissimam
947 2815 1166 2866 concrematam
1187 2814 1233 2865 est
1252 2803 1320 2882 sal-

97 2897 175 2955 nn‘ne
198 2893 293 2966 (Plio.
317 2889 366 2950 lib.
389 2889 425 2951 ll.
447 2891 547 2951 Natur.
571 2889 644 2949 iiist.
669 2908 692 2950 c.
717 2891 791 2965 52).
820 2887 910 2948 Tacet
931 2895 1027 2948 nmen
1050 2886 1091 2948 ibi
1113 2905 1170 2965 quo
1186 2893 1318 2966 tempore

96 2975 125 3038 id
158 2975 340 3056 contigerit:
378 2975 430 3036 sed
458 2992 631 3054 persuasum
660 2972 792 3051 plerique
822 2989 926 3032 omnes
958 2971 1067 3032 bahent
1098 2979 1253 3050 utrumque
1283 2972 1319 3034 de

95 3062 202 3124 eodem
228 3060 455 3137 intelligendum
477 3057 614 3119 incendio
637 3057 714 3136 quod
737 3065 804 3118 anto
826 3064 909 3118 artos
932 3055 1116 3118 Christianos
1139 3055 1269 3134 contigit.

181 3147 285 3210 lostat
319 3144 414 3206 adhuc
447 3142 645 3204 Tertullianus
683 3142 798 3220 alioque
832 3140 989 3202 notissimo
1018 3140 1153 3202 omnihus
1186 3141 1318 3221 exemplo

95 3231 236 3294 ethnicos
263 3231 310 3292 sio
331 3237 428 3308 urget:
464 3227 554 3290 Nemo
576 3228 672 3290 adbrrc
693 3226 808 3289 Rornae
824 3226 920 3288 Deum
942 3244 1047 3288 aerum
1068 3227 1230 3298 adorabat,
1254 3245 1319 3290 curs

92 3317 230 3380 Annibal
253 3317 340 3396 apud
364 3315 481 3376 Cannas
500 3331 559 3394 per
580 3312 730 3374 Romanos
757 3310 888 3374 annulos
911 3312 1012 3373 caedes
1040 3329 1111 3374 suas
1138 3313 1235 3374 modio
1256 3329 1320 3374 rne-

95 3403 232 3465 tiebatnr
258 3397 443 3474 (Tertullian.
465 3397 616 3476 apologet
639 3415 702 3476 cap.
719 3400 800 3468 Aba.
843 3395 932 3458 Eccui
954 3395 1032 3456 enim
1054 3395 1150 3474 ignota
1173 3404 1220 3457 est
1241 3395 1318 3458 Can-

92 3488 210 3550 nensis·
223 3503 340 3566 pugna,
363 3492 432 3562 post
452 3499 538 3562 quam
561 3483 654 3544 victor
673 3480 807 3552 Annibal,
828 3481 870 3542 uti
893 3489 991 3542 narrat
1012 3479 1122 3554 bivios,
1151 3481 1268 3562 effundi
1286 3485 1320 3542 in

93 3571 250 3634 uestibulo
279 3573 382 3630 carrae
402 3571 493 3632 inssit
514 3568 645 3630 annulos
667 3585 793 3637 aureos,
827 3569 879 3648 pai
900 3577 1003 3629 tantas
1026 3583 1152 3628 aeacus
1174 3567 1251 3644 snit,
1284 3575 1321 3628 nt

89 3657 302 3728 metientibus,
318 3654 468 3714 dimidium
490 3670 583 3733 super
606 3664 667 3715 tres
687 3653 803 3714 modios
822 3650 965 3731 ‘raplem
986 3653 1048 3712 sint
1074 3650 1193 3730 paidans
1214 3657 1320 3710 ancto-

93 3758 153 3803 res.
201 3741 305 3803 Fama
327 3741 438 3808 tenuit,
470 3755 543 3817 puae
562 3739 693 3816 propior
714 3753 785 3796 aero
808 3745 867 3805 est,
901 3734 981 3796 baed
1004 3733 1093 3814 plns·
1105 3735 1201 3812 saian
1222 3732 1319 3795 nodio

90 3823 167 3894 (Lir.
180 3826 237 3888 lib.
258 3819 441 3902 XXlll.cap.
459 3825 530 3896 12).
560 3818 619 3880 Sed
642 3817 697 3879 etsi
718 3836 808 3880 auum
831 3819 1031 3880 tantummodo
1053 3817 1183 3878 modium
1204 3815 1319 3887 luisset,

91 3909 119 3970 id
142 3911 228 3973 haud
253 3907 348 3970 dubie
370 3905 486 3978 sufficit,
507 3914 540 3967 ut
560 3904 616 3965 bos
638 3901 772 3974 anonas,
788 3903 872 3982 ‚siant
892 3903 933 3964 ait
951 3904 1062 3964 ductor
1082 3908 1195 3970 noster,
1217 3898 1319 3964 modia

90 3997 293 4058 metirentur.
322 3991 434 4052 Plinius
453 4000 549 4052 tamen
566 3987 669 4051 scribit
684 3987 819 4049 trimodia
835 3986 1008 4049 annulorum
1024 3985 1060 4046 ab
1074 3983 1215 4046 monae
1229 3982 1318 4046 missa

91 4077 311 4160 Carthaginem
334 4071 957 4150 (Plio.lib.llllel.Natur.Hist.oap.1.)‚
979 4069 1158 4146 totidemque
1178 4067 1319 4148 bugasti·

91 4181 149 4226 nus
171 4167 324 4243 (August.
346 4160 395 4222 bb.
420 4160 468 4222 lll.
491 4160 529 4221 de
550 4158 632 4220 (livit.
655 4157 708 4218 liei
730 4174 793 4235 cap.
817 4159 889 4233 iii).

177 4250 219 4310 ht
250 4247 307 4308 bie
331 4253 429 4308 tacere
451 4244 572 4306 omnino
600 4261 660 4304 oon
688 4259 849 4320 possumus
877 4239 907 4300 in
929 4236 1045 4317 Rigaltii
1068 4235 1195 4298 editione
1217 4244 1319 4300 contm

90 4335 232 4398 codicum
258 4337 436 4392 nostrorum
459 4339 489 4392 et
508 4329 695 4407 andquorum
718 4325 863 4388 editorum
884 4323 1085 4386 auctaritatem
1106 4321 1317 4384 inTertsdliani

89 4427 174 4482 textu
199 4417 357 4480 omissum
376 4433 443 4496 per,
465 4423 494 4476 et
516 4413 656 4492 scriptum
680 4411 765 4474 coede
787 4427 853 4472 aaa.
897 4407 961 4480 Qua
983 4413 1079 4468 autem
1101 4406 1230 4479 ratione,
1262 4425 1317 4487 pe·

91 4504 171 4566 nitus
203 4503 258 4564 ille
291 4499 382 4561 siluit.
427 4499 521 4572 Quam
550 4498 627 4558 eninr
656 4495 765 4558 babere
792 4491 932 4574 poterell
974 4491 1079 4553 Nonne
1107 4491 1178 4554 satis
1200 4490 1241 4553 ibi
1262 4491 1316 4552 de-

91 4588 302 4668 prehenditur
324 4583 493 4646 Tertulliani
514 4583 605 4662 stpbus
627 4590 658 4644 et
678 4579 727 4642 hic
746 4579 810 4642 eius
831 4595 953 4642 seusus:
983 4576 1108 4640 Annibal
1133 4586 1203 4658 post
1222 4576 1317 4638 ricto·
