3036 5230
438 441 575 487 sacroru
596 441 638 487 rc.
661 441 724 488 sin.
746 441 871 486 sennan.
1173 451 1176 457 ·
1201 429 1266 522 693

129 591 304 644 Tertullianus
322 593 374 644 adv.
394 595 508 644 Praxean.
790 593 935 659 Hippolytus
951 601 1034 644 centn
1053 594 1163 646 Nectum.

18 693 102 746 mus,
130 693 200 738 aaa
224 693 266 738 ea
286 681 378 738 unius
399 695 464 739 esse
481 695 628 758 perseus,
681 671 739 762 ἐφ’
762 673 835 752 ἑνὸς
860 675 998 827 tynae,
1029 671 1104 741 ἀλλ’
1127 675 1184 742 ἐπὶ
1206 675 1265 744 δύο
1307 701 1311 708 ·

20 759 106 838 quod
133 758 298 839 pluraliter
320 759 430 822 dictum
454 769 509 822 est.
543 760 630 826 ,Tunc
679 757 845 844 πρόςωπα
899 761 1017 849 δειξυν,
1055 758 1213 844 δύναμιν,
1229 761 1281 830 δὸ-

18 843 105 922 quod
128 860 230 904 unum
254 863 375 918 sumus,
397 862 458 906 non
480 862 557 907 unus
574 862 627 906 su·
678 849 826 927 μίαν.-
1352 877 1354 881 ’

19 946 105 988 mus.
121 959 167 972 -
194 928 296 990 Unum
311 947 424 1002 sumus,
446 929 558 1002 dicens,
574 947 628 1008 ego

20 1021 53 1073 et
73 1021 182 1090 pater:
207 1012 344 1074 ostendit
364 1013 440 1075 dnus
461 1031 531 1075 esse
551 1031 627 1092 quus

20 1105 136 1174 aequat
151 1104 185 1157 et
194 1096 303 1176 iungit.
314 1129 357 1142 -·
370 1097 451 1158 Adeo
465 1105 559 1158 totum
571 1097 630 1158 hec

20 1179 249 1260 perseverabat
269 1181 427 1254 inducere,
448 1192 484 1242 ut
504 1183 564 1245 ιίκο
579 1192 629 1244 tc-

21 1283 96 1328 meu
113 1265 324 1328 crederentur
337 1269 370 1327 ia
384 1284 448 1328 οπο
462 1269 585 1330 uirtute.

255 1399 288 1450 Er
307 1415 359 1464 cap.
378 1399 419 1452 at.

70 1479 174 1543 -m
187 1481 453 1563 pervenimusiam
469 1484 505 1544 ad
516 1481 631 1564 Phiiip-
725 1515 767 1528 —
781 1479 824 1547 El
839 1480 876 1548 ὸὸ
886 1481 940 1547 καὶ
954 1482 1129 1548 Φίλιππον
1141 1479 1269 1566 ἐπερω-

22 1584 112 1645 pum,
136 1566 190 1645 qui
214 1585 271 1646 spe
286 1567 428 1629 excitatus
441 1567 561 1629 ridendi
576 1585 631 1646 pa·
681 1567 742 1632 τᾶν
764 1567 841 1650 περὶ
860 1559 988 1651 πατρὸς
1007 1563 1182 1670 βούλοιντο
1214 1565 1269 1632 λέ-

24 1649 154 1712 tris-
179 1682 221 1694 -
249 1651 391 1724 Ostende,
417 1652 522 1731 inquit,
543 1651 631 1712 nubis
681 1672 760 1736 γειν,
776 1650 884 1730 δεῖξον
895 1645 975 1735 ἡμῖν
985 1673 1042 1716 τον
1053 1654 1200 1736 Πατέρα,
1212 1652 1268 1716 καί

5 1731 160 1813 patrem,
184 1743 217 1797 et
231 1735 451 1799 sufficitnebis.
481 1735 519 1797 Et
533 1735 631 1796 demi·
683 1728 776 1820 ἀρκεῖ
789 1729 877 1819 ἡμῖν.
909 1733 995 1820 πρὸς
1013 1731 1051 1800 ὸν
1066 1727 1268 1821 ἂπεκρίθηὸ
1317 1749 1321 1754 “

25 1836 105 1879 nus:
122 1817 630 1900 Philippe,tantetempurerobis·
682 1815 815 1924 Κύριος,
837 1819 948 1904 λέγων.
977 1821 1137 1885 τοσοῦτον
1150 1817 1268 1904 χρόνον

25 1920 100 1964 cum
122 1919 214 1976 sum,
240 1912 271 1964 et
290 1922 352 1964 nen
372 1903 552 1983 cognovistis
573 1922 631 1965 me.
682 1899 766 1986 μεθ’
784 1906 875 1986 υμῶν
907 1902 984 1986 εἰμι,
1014 1903 1183 1982 Φίλιππε,
1212 1903 1269 1968 καί

28 1986 132 2058 Quem
156 1986 233 2048 dicit
253 1988 392 2066 cognosci
412 1988 521 2050 abillis
536 1987 631 2050 debu·
683 1983 742 2054 οὐκ
764 1985 984 2072 ,έγνωκάςμες
1002 2021 1041 2034 -
1060 2023 1096 2036 -
1127 1987 1271 2054 θέλουσι

26 2071 111 2132 isse:
129 2069 205 2146 (hoc
220 2071 406 2134 enimselum
419 2071 526 2134 discuti
538 2090 631 2151 opor·
682 2072 803 2157 λέγειν,
830 2069 895 2138 διὸ
906 2069 1026 2138 τούτου
1046 2069 1271 2158 κρατύνεσθαι

27 2161 98 2230 tet),
115 2154 207 2234 quasi
223 2164 347 2235 patrem,
363 2149 400 2218 an
416 2157 501 2236 quasi
515 2153 631 2218 filium?
682 2153 721 2222 τὸ
747 2154 806 2242 ὸόγ
830 2180 854 2221 α
878 2150 1002 2236 αὐτῶν,
1031 2151 1270 2240 ὁμολογοῦντος

29 2238 63 2299 Si
98 2239 189 2318 quasi
226 2248 342 2319 patrem
370 2241 476 2302 doceat
503 2240 631 2302 Praxeas
682 2236 783 2308 αὐτοῦ
799 2181 915 2308 favete
931 2245 1069 2327 πατέρα.
1084 2239 1293 2390 γνώτωσαν·

28 2330 116 2384 tanto
150 2331 288 2404 tempore
312 2324 460 2388 Christum
491 2343 556 2387 cum
588 2325 631 2386 eis
684 2320 738 2392 ὅτι
756 2331 911 2411 μέγιστον
934 2325 1065 2403 ἑαυτοῖς
1101 2329 1221 2390 ’νοντίω
1248 2347 1271 2390 α

28 2416 250 2469 conversatum
265 2441 307 2452 —
321 2409 414 2471 Nobis
427 2427 532 2472 omnes
553 2409 631 2470 scri-
684 2408 902 2498 ἐπιφέρουσιν
928 2403 989 2475 ὸπ’
1006 2403 1108 2475 advoc
1131 2410 1190 2474 τοῦ
1211 2348 1271 2510 5:3-

29 2499 151 2572 ptume,
168 2499 201 2554 et
215 2499 341 2564 veteres,
358 2493 508 2556 Christum
524 2492 588 2567 Dei,
604 2501 635 2554 et
683 2497 743 2560 τοῦ
758 2492 963 2578 ἐλεγχόμενοι
976 2494 1043 2558 κτλ.
1066 2487 1102 2559 Ὁ
1117 2491 1271 2596 ὸωρακωρ

29 2595 147 2650 norae,
180 2574 275 2636 fllium
301 2575 365 2650 uei,
389 2577 576 2656 praefiniunt.
591 2607 634 2622 ·-
685 2576 700 2644 έ
726 2579 742 2644 ὸ
768 2577 892 2662 ἑώρακε
916 2576 974 2644 τὸν
1000 2580 1146 2661 Πατέρα,
1173 2577 1255 2640 τοῦτ

32 2661 94 2732 Qui
116 2679 169 2722 me
191 2659 281 2732 videt,
300 2659 431 2722 videt‘et
450 2669 575 2740 patrem.
591 2691 633 2704 -
685 2664 784 2741 dcccv,
813 2661 843 2728 εί
868 2659 925 2744 ἐμὲ
946 2659 1092 2744 ἑώρακας
1115 2655 1160 2724 δι’
1179 2658 1269 2741 ἐμοῦ,

31 2744 213 2806 Secundum
235 2744 309 2806 haec
329 2744 407 2805 enim
432 2743 573 2805 ricarium
599 2761 633 2804 se
684 2743 742 2810 τὸν
756 2749 887 2829 πατέρα
900 2747 1023 2828 γνῶναι
1034 2741 1121 2827 δύνῃ.
1140 2739 1197 2807 διὸ
1199 2739 1269 2846 γὰρ

33 2828 132 2908 patris
156 2827 342 2901 ostenderat,
364 2845 527 2907 perquem
548 2835 633 2906 pater
683 2831 742 2932 τῆς
762 2822 1026 2932 elesdras-‘ductae
1050 2846 1271 2912 τυγχανουσης
1371 2888 1379 2894 ,
1498 2809 1501 2818 ’

33 2921 66 2974 et
86 2913 244 2974 rideretur
264 2912 294 2974 in
310 2911 408 2976 verbis
423 2919 454 2974 et
467 2927 632 2990 cognosce·
684 2913 866 2996 εὐγνωστος
887 2933 906 2975 ο
932 2907 1042 2998 πατὴρ
1060 2915 1197 3015 γίνεται.
1228 2908 1271 2975 Et
1307 2913 1311 2921 '

35 3005 123 3058 retur
145 2997 178 3058 in
201 2995 356 3058 altessera
377 3005 408 3056 et
427 2995 516 3057 rerba
539 2993 631 3074 patris
685 2997 721 3064 δὲ
741 2995 799 3083 τὴν
816 2993 933 3074 εἰκόνα,
960 2989 1033 3080 ἥτις
1048 2995 1137 3060 ἑστιν
1154 2988 1172 3058 ὸ
1187 2990 1269 3072 υἱὸς,

35 3081 285 3143 administrante:
297 3079 527 3158 quiainrisibilis
537 3085 633 3157 pater,
684 3074 743 3147 οὐκ
763 3079 872 3166 ἔγνως,
899 3080 973 3157 πῶς
988 3078 1072 3146 ἰδεῖν
1085 3077 1199 3156 θέλοις
1212 3075 1271 3144 τὸν

36 3167 121 3245 qnod
136 3175 169 3228 et
181 3163 335 3245 Philippus
351 3163 502 3226 didicerat.
515 3195 555 3208 -
684 3169 831 3249 πατέρα,
846 3199 888 3212 -

259 3299 293 3348 Ex
310 3315 363 3364 cap.
382 3298 423 3348 25.
964 3283 990 3355 §-
1008 3289 1033 3342 8.

82 3417 127 3428 -
149 3383 288 3444 Ceterum
309 3382 346 3442 de
366 3399 434 3443 men
456 3387 563 3452 sumet,
585 3379 634 3441 in·
725 3366 884 3460 Ἀνάγκην
906 3360 964 3438 σὸν
986 3370 1052 3454 ἔχει
1071 3373 1125 3438 καί
1146 3369 1192 3460 μὴ
1210 3375 1272 3438 θέ-

37 3468 115 3548 quit,
144 3465 309 3546 sicutipse
330 3467 366 3528 de
380 3465 485 3546 patris,
506 3465 546 3526 ita
560 3483 635 3526 cen·
687 3460 753 3525 λων
769 3453 943 3544 ὁμολογεῖν
952 3461 1081 3542 πατέρα
1089 3453 1174 3561 Θεὸν
1185 3479 1273 3522 παν-

38 3569 138 3612 nexns
154 3551 248 3632 patris
264 3550 293 3612 in
310 3551 381 3624 filio,
397 3559 427 3612 et
441 3549 491 3611 filii
504 3551 535 3611 in
546 3568 634 3629 para·
686 3541 878 3630 τοκράτορα,
907 3544 961 3607 καί
981 3539 1130 3626 Χριστὸν
1152 3543 1272 3640 Incede

40 3636 132 3707 cleto,
155 3644 217 3696 tres
234 3635 324 3697 efficit
339 3636 543 3707 cohaerentes,
559 3635 634 3696 aite-
687 3626 866 3705 υίὸνΘεαὸ,
877 3624 963 3692 Θεὸν
978 3623 1163 3709 ἄνθρωπον
1180 3646 1273 3708 γενο-

40 3737 110 3780 rum
127 3737 165 3778 ex
180 3718 283 3780 altero.
299 3719 358 3791 Qui
374 3730 437 3780 crea
452 3723 637 3792 uuumsunt,
686 3735 794 3796 μενον,
818 3699 846 3796 ᾧ
866 3708 977 3775 πάντα
1000 3707 1109 3793 πατὴρ
1131 3702 1274 3806 ὑπέταξε

42 3819 105 3861 non
121 3819 215 3862 unus:
232 3802 381 3881 quomoda
394 3801 569 3874 dictumest,
580 3817 636 3879 ego
688 3793 851 3881 παρεκτὸς
874 3791 992 3858 ἑαυτοῦ
1012 3793 1066 3856 καί
1086 3811 1273 3894 πνευμρκτος

8 3887 9 3896 ’
43 3892 74 3944 et
88 3891 176 3962 pater
191 3901 282 3946 unum
298 3903 418 3945 sumus:
440 3884 475 3944 ad
492 3883 635 3944 substan·
687 3873 791 3962 ἁγίου,
822 3873 879 3942 καὶ
892 3875 1029 3952 τούτους
1058 3868 1143 3940 εἶναι
1168 3895 1274 3951 ουτως

43 3967 104 4026 tiae
127 3965 270 4029 unitatem
290 3986 351 4029 nen
372 3967 408 4029 ad
433 3966 549 4029 numeri
570 3965 635 4028 sin·
686 3986 706 4027 τ
727 3967 771 4027 ia.
788 3959 830 4027 nt
842 3960 878 4026 δὲ
886 3959 1042 4045 βούλεται
1052 3963 1186 4042 μαθεῖν,
1200 3959 1275 4035 πῶς

43 4049 239 4130 guiaritatem.
688 3985 724 4112 ελ
1264 4121 1274 4146 ⁸

686 4155 734 4196 τιο
750 4125 803 4194 ὅτι
822 4134 884 4212 μία
906 4126 1042 4209 δύναμις
1063 4146 1191 4205 τουτου,
1219 4147 1275 4191 και

688 4209 768 4280 ὅσον
788 4213 849 4298 μὲν
870 4209 953 4278 κατὰ
973 4209 1031 4275 τ“ν
1054 4207 1202 4292 δύναμιν,
1226 4201 1275 4286 εἷς

687 4295 759 4364 ἐστὶ
775 4295 869 4376 Θεὸς,
893 4291 972 4361 ὅσον
992 4235 1031 4360 ὸὲ
1051 4292 1135 4360 κατὰ
1149 4289 1207 4379 τὴν
1222 4291 1276 4359 οἰ·
1332 4357 1337 4367 ,

649 4447 655 4456 ,
686 4386 873 4464 κονομίαν,
889 4385 981 4466 τρίτη
997 4373 1017 4464 ἡ
1033 4377 1202 4456 ἐπίδειξις.

115 4585 137 4622 r.
156 4573 209 4624 Hac
226 4571 323 4621 nomine
342 4577 438 4636 praeter
451 4570 625 4622 Tertullianum
646 4576 670 4620 et
687 4569 751 4619 hunc
768 4567 913 4633 scriptorem
939 4579 1009 4617 nemo
1027 4579 1088 4617 usus
1114 4565 1159 4615 icit
1181 4563 1211 4614 ad
1229 4561 1275 4614 de·

48 4639 202 4693 eadhaedum
220 4639 360 4691 trinitatem.

718 4069 736 4124 ς
752 4043 837 4123 Θεὸς
853 4037 1096 4119 ἀποδείκνυται,
1113 4044 1275 4144 γινωσκέ-
1393 4115 1401 4122 ,
