3126 5250
493 391 628 436 serrone
648 391 715 436 rur..
730 391 767 436 es
787 391 917 438 roms.
1248 379 1310 446 itit

91 543 259 612 mu,
282 541 318 636 rie
333 539 454 622 Spiritu
468 541 589 639 Souris·
601 544 772 640 profestum
784 543 885 640 tTert.
896 541 991 620 tuit),
1011 544 1163 641 quarterio
1185 565 1202 608 a
1221 547 1310 610 sonia

91 625 1310 792 fiiniffiiiiiiiiapiiisffiinffitsiilliiaotixnffi3iintriiiiiim'iari?

91 803 155 858 un
176 795 277 874 itaque
298 793 384 858 abest
404 805 437 858 ut
457 795 616 860 Christiani
637 796 682 860 sio
700 797 795 858 Douma
816 805 972 877 prorantes
994 796 1218 871 eruliesoerant,
1240 802 1308 880 qoi-

87 881 221 942 muns:
243 879 308 942 Nur
328 882 368 942 uri
389 880 485 943 Dm
510 899 672 962 eupuusos,
699 881 870 944 sitiuntur
890 889 1002 954 noster,
1029 883 1160 962 uum
1180 886 1308 964 [odiunt.

87 983 197 1028 eruere
219 966 415 1046 wasiani,
440 971 525 1045 ignea
552 965 695 1038 lumini,
723 966 818 1046 qlslii
835 977 964 1047 guterre
985 967 1171 1040 demmeant,
1202 970 1310 1034 lesura

85 1049 250 1114 uuus-e:
269 1059 401 1132 geratur
419 1062 469 1114 est
490 1051 529 1112 uel
550 1065 635 1112 eurus
656 1051 837 1132 augustulum
857 1056 921 1132 ipre
944 1051 1061 1114 liuline
1084 1057 1202 1116 orantia
1219 1055 1308 1118 011νέ-
1342 1129 1348 1134 ,

84 1137 186 1196 mussi
205 1133 386 1209 (Tertulliani.
408 1132 561 1214 Apologet
583 1134 640 1196 loo.
662 1134 741 1213 uit),
762 1136 892 1214 quinon
912 1135 1084 1213 mligionem
1106 1155 1189 1200 suam
1211 1139 1306 1218 proti-

85 1219 143 1280 tmi
173 1237 231 1280 nee
248 1219 344 1280 ileum
365 1220 479 1298 pineam
501 1219 704 1282 erubesoebut
747 1220 784 1282 m
804 1238 865 1282 non
885 1228 996 1282 tannim
1020 1225 1115 1302 cupite
1138 1224 1229 1296 uuio,
1250 1223 1305 1286 sed

83 1311 240 1383 anenata
266 1303 356 1366 mem
381 1321 518 1384 menore,
548 1304 626 1366 sieut
644 1304 701 1366 alia
720 1304 754 1366 in
775 1303 984 1366 dissertatione
1005 1306 1190 1369 ostendimus
1223 1307 1304 1382 (Ilie-

83 1395 191 1450 ssrtat.
211 1389 244 1450 iu
265 1388 374 1452 anon
391 1407 461 1469 esp.
483 1391 513 1454 8.
535 1389 597 1450 Art.
613 1392 668 1466 2),
689 1388 785 1468 palam
806 1398 837 1452 et
857 1387 981 1467 osbirin
1002 1389 1033 1450 in
1056 1391 1212 1469 omuibus
1233 1411 1304 1472 pm.

82 1489 130 1535 ees
154 1491 230 1534 suas
250 1473 421 1536 irmdebant

170 1557 217 1619 td
238 1558 312 1620 haee
331 1575 402 1620 vero
423 1558 455 1619 hi
476 1558 514 1620 ati
536 1556 690 1630 orientem,
712 1565 763 1618 aut
782 1557 1030 1636 quemadmodum
1044 1557 1241 1624 Tertullianus
1255 1561 1304 1623 lo-

82 1643 196 1720 quitur,
223 1643 266 1704 al
287 1647 413 1706 orientia
434 1647 586 1722 regiones
607 1642 753 1715 oonrmsi,
780 1642 878 1704 Deum
898 1641 1093 1721 precabantur
1122 1645 1304 1718 (Tertulliau.

80 1727 240 1807 intinget.
263 1745 326 1806 rap.
351 1730 424 1804 to).
466 1726 568 1806 Neque
588 1745 654 1788 mos
675 1726 733 1800 iile,
756 1726 872 1804 dequo
894 1726 962 1788 alibi
981 1727 1196 1806 disputavimus
1218 1732 1304 1804 (tom.

80 1811 103 1874 1.
126 1811 269 1890 tepeat
291 1811 343 1874 lib.
367 1811 416 1873 111.
438 1809 592 1874 Dissertat
614 1811 652 1872 11.
675 1829 738 1890 usp.
761 1812 790 1875 8.
813 1811 873 1872 Art
898 1814 927 1874 7.
949 1830 979 1890 p.
998 1815 1112 1889 illio),
1135 1814 1302 1893 inougm'tos

80 1896 141 1958 init
163 1895 299 1967 etunius,
321 1895 372 1975 qni
393 1895 528 1958 solebant
549 1895 654 1958 eodem
674 1895 913 1975 quoquomodo,
942 1897 996 1958 sed
1016 1897 1103 1976 olam
1124 1899 1301 1978 penitusque

80 1997 228 2061 perverso
255 1980 381 2059 precari.
425 1979 624 2054 Quamobrem
643 1980 755 2042 tuotor
782 1988 887 2042 nostar
907 1979 974 2042 iilos
996 1981 1078 2060 ipsos
1099 1981 1182 2044 hisne
1202 1984 1301 2047 vernis

81 2065 254 2146 unmpsiiat:
291 2065 431 2146 Plerique
458 2076 595 2128 uestrum
623 2067 813 2147 offertou'oae
833 2064 993 2145 dquuudo
1015 2076 1045 2128 et
1067 2068 1206 2130 uselestiu
1224 2069 1301 2132 uio-

82 2153 177 2213 meli
207 2150 342 2212 eisaie
365 2160 467 2212 ortum
489 2150 568 2212 lolio
589 2151 717 2214 oilratis
738 2147 920 2216 trauntur.
943 2149 999 2211 lou
1021 2149 1092 2226 eit).
1122 2151 1231 2214 Eadem
1253 2153 1301 2214 ills

82 2233 238 2315 inprime
266 2235 303 2296 ad
328 2234 469 2297 Nationes
496 2233 573 2296 libro
599 2235 709 2314 repetit
735 2233 797 2304 (lib.
819 2233 842 2295 1.
861 2253 928 2312 esp.
953 2237 1025 2311 tlt).
1070 2236 1190 2299 Testem
1210 2238 1300 2302 huius

84 2321 173 2382 wis
196 2319 225 2380 si
245 2319 392 2398 requiras,
414 2319 565 2399 Virgilium
585 2318 687 2380 andire
708 2317 832 2397 poteris,
860 2318 935 2380 haer
955 2319 992 2380 de
1012 2321 1109 2383 aenas
1131 2331 1302 2386 ranentem.

235 2437 343 2518 Surgit
365 2448 393 2500 et
414 2437 549 2499 aetherei
567 2447 705 2518 spectans
727 2439 857 2498 om'eutia
879 2433 960 2498 Solis

235 2522 370 2592 lumem,
393 2525 450 2583 aute
474 2525 554 2584 eoois
575 2521 686 2584 uniam
708 2521 743 2583 cle
763 2522 888 2600 flumine
906 2521 1016 2601 palmis

234 2605 369 2670 Sustulit
390 2615 418 2668 et
440 2605 514 2668 tales
537 2605 666 2688 effundit
688 2604 727 2666 ool
747 2603 871 2666 uellera
893 2623 989 2667 vocer.

531 2689 642 2770 (Virgil.
663 2688 715 2750 lih.
737 2687 811 2750 vlit.
833 2688 954 2750 Aeneid.
976 2709 1003 2750 v.
1026 2691 1066 2755 68
1089 2697 1119 2750 et
1140 2695 1234 2772 seqq.)

83 2807 116 2872 u
134 2809 192 2872 alio
216 2809 248 2872 in
270 2807 347 2872 libro
368 2808 405 2870 de
427 2807 493 2870 aliis
515 2808 657 2872 sacrificia
678 2807 870 2870 iacientibus:

231 2909 288 2972 llil
307 2911 346 2972 orl
367 2912 701 2990 surgentem-romeu
719 2908 835 2971 lumina
857 2907 966 2984 Selour,

230 2994 316 3056 Daui
335 2996 442 3074 fruges
462 2993 721 3058 maturantem
742 3004 772 3055 et
795 3003 930 3072 temporo
950 2993 1040 3071 [erro

235 3078 358 3142 &teto
378 3091 488 3143 mtuut
505 3080 652 3159 persium
670 3083 844 3158 poterisque
865 3077 980 3139 ultorio
1002 3077 1107 3140 linunt.

709 3161 793 3236 (ibid.
815 3161 867 3222 tiu.
889 3161 951 3223 ΧΠ.
974 3181 1001 3222 u.
1026 3165 1065 3226 72
1087 3171 1118 3224 et
1138 3169 1232 3244 seqq.)

78 3279 197 3344 Servios
227 3289 326 3342 autem
353 3278 384 3340 in
411 3279 468 3340 hos
490 3279 611 3341 ultimus
633 3297 737 3340 versus
758 3277 828 3340 illud
850 3279 1067 3341 animadvertit:
1104 3280 1172 3343 Nou
1194 3285 1295 3364 utique

77 3384 155 3428 uuae
178 3376 354 3445 surgentem
375 3365 467 3426 solem
489 3365 582 3438 damin
611 3365 784 3426 iamdudum
805 3367 882 3427 euim
904 3365 966 3426 dies
988 3375 1071 3426 erut:
1095 3367 1146 3427 sel
1161 3367 1295 3448 discipli-

76 3469 143 3512 ιω
167 3453 426 3512 coeremoniarum
447 3459 566 3512 temtus
589 3460 643 3521 est,
665 3459 700 3511 ut
722 3453 867 3511 orientem
888 3459 1025 3529 opertere
1047 3451 1298 3534 dicereteumqui

76 3545 154 3596 erret
173 3545 362 3615 precaturus
390 3533 486 3605 (Serv.
509 3551 538 3612 p.
559 3535 656 3611 otu).
701 3532 899 3606 Quamobrem
921 3533 1043 3595 Latinos
1065 3534 1187 3598 Pacatus
1208 3537 1293 3598 initio

74 3618 251 3700 panegyrici,
281 3635 368 3700 quem
396 3615 576 3692 Theodosio,
607 3635 702 3698 eoque
729 3627 894 3698 praesente,
922 3619 1137 3697 pronuntiarit:
1174 3621 1292 3682 Divinis

76 3705 166 3766 relus
197 3715 360 3788 operantes
393 3707 426 3764 iu
453 3721 516 3765 eum
544 3702 621 3764 eueli
635 3701 758 3783 plegem
780 3721 835 3764 oro
857 3707 1069 3780 convertimus,
1098 3721 1195 3786 aquo
1219 3704 1292 3766 luris

75 3789 234 3850 mortitium
256 3797 300 3850 ert
322 3787 431 3859 (Perat.
453 3786 594 3868 Panegyr.
617 3785 765 3848 Theodos.
787 3804 853 3865 pag.
877 3789 972 3861 stou.
1012 3787 1143 3867 Doriique
1171 3795 1203 3848 ut
1223 3787 1290 3867 pln-

74 3887 121 3934 res
145 3873 259 3934 missos
282 3873 434 3946 iaciamus,
457 3871 579 3934 Ovidius
602 3871 638 3932 de
661 3871 714 3931 dea
735 3869 803 3931 Pale
826 3870 961 3932 canebat:

223 3991 281 4054 Hir
303 3991 359 4054 leo
376 3989 530 4071 pluruma
551 4001 606 4062 eet,
631 3987 701 4052 iuer
724 4000 756 4052 tu
778 4007 944 4052 eouoersur
964 3989 1004 4051 ol
1025 3999 1113 4052 ortua
1172 3983 1180 3990 ’

276 4075 333 4138 llio
354 4087 461 4158 quater
482 4084 512 4138 et
533 4077 603 4138 uiuo
620 4074 730 4155 perlue
752 4091 826 4135 rore
844 4091 963 4136 monus.

697 4157 795 4234 (ovio.
815 4157 866 4226 tiu
888 4157 934 4219 Ν.
956 4157 1070 4219 Fastor.
1092 4176 1119 4218 r.
1142 4157 1227 4236 365.)

72 4258 109 4321 tt
130 4262 247 4324 tametsi
269 4260 359 4323 inunt
379 4259 546 4322 eommunis
567 4259 616 4320 ille
634 4257 868 4322 Ghnsmnorum
889 4257 1097 4338 gentiliumque
1118 4258 1203 4332 ritus,
1226 4259 1290 4322 aliis

73 4351 171 4406 tamn
201 4344 368 4410 rationibus
401 4345 431 4407 hi
462 4344 533 4408 deos
561 4363 645 4418 suos,
678 4343 719 4406 illi
746 4361 818 4405 vero
839 4343 933 4406 Deum
961 4361 1052 4406 unum
1079 4350 1231 4406 atrorum
1252 4344 1290 4406 sd

74 4427 216 4494 orientem
244 4429 381 4494 conversi
409 4429 547 4503 orabant3
575 4428 698 4508 gentiles
726 4428 815 4502 enim,
843 4435 876 4488 nt
896 4435 979 4490 notat
1000 4425 1207 4503 Tertullianus,
1236 4431 1288 4509 os-

73 4513 202 4589 seetioue
221 4517 355 4596 proiecto
378 4513 507 4594 pessima
528 4513 690 4593 uliquuulo
713 4517 801 4576 etrum
823 4511 961 4575 coelestio
983 4513 1134 4576 aiorouli
1154 4513 1287 4588 (Termll.

74 4595 225 4680 tuotogeu
248 4618 311 4683 cap.
330 4602 380 4666 16.
403 4609 433 4663 et
452 4598 503 4662 lib.
518 4598 542 4659 1.
564 4598 602 4660 ad
621 4597 737 4660 Nation.
761 4615 824 4676 rap.
843 4597 915 4664 iil.
945 4596 1004 4658 Res
1026 4597 1115 4660 iuitur
1136 4597 1286 4664 rariostes,
