3082 5238
260 344 324 409 586
345 362 384 405 bs
397 362 472 405 vexa
485 359 599 404 sextris
613 359 649 403 te
663 357 811 404 metunt
825 357 1010 403 wntrxoumt
1021 357 1218 403 'rithmum
1232 355 1410 400 unrehtero

261 509 388 589 denique
409 527 514 572 recens
543 507 692 588 dignitatis
714 507 804 570 Getae
824 505 969 570 memoria
994 506 1129 568 videatur
1150 505 1339 568 occasionem
1361 505 1481 567 Tertul-

260 594 340 656 liano
361 592 551 672 praebuisse,
584 602 617 654 ut
638 592 703 653 eius
725 592 908 653 mentionem
929 591 1055 663 laceret,
1092 607 1196 670 perum
1217 589 1335 652 ridetur
1355 608 1375 650 a
1397 589 1481 651 caiti·

260 760 366 823 tinere.

662 891 670 905 '
786 929 815 1002 s.
839 924 955 986 xxxn.

344 1040 470 1104 Ultimus
492 1042 567 1103 liber
588 1042 677 1103 huius
700 1041 817 1120 generis
840 1049 870 1102 et
891 1041 953 1101 iere
976 1039 1064 1102 credo
1088 1039 1221 1101 omnium
1243 1035 1426 1099 Tertulliani
1447 1049 1484 1097 est

259 1125 303 1200 is,
336 1144 423 1205 quern
453 1125 573 1205 scripsit
599 1125 635 1186 ad
664 1125 834 1203 Scapulam,
867 1124 980 1184 Alricae
1007 1123 1193 1204 praesidem3
1229 1121 1315 1183 ouius
1345 1122 1484 1182 adversis

260 1209 446 1271 Christianos
464 1209 626 1279 ‚crudelitas
650 1209 715 1270 sine
736 1208 826 1270 dubio
847 1217 916 1286 post
939 1207 1041 1268 Severi
1068 1205 1256 1286 imperatoris
1279 1205 1417 1266 edictum
1440 1225 1483 1265 er-

260 1293 328 1355 titit.
373 1294 439 1355 Fuit
460 1295 539 1354 enirn
560 1291 744 1364 Hilarianus,
778 1292 861 1352 cuius
889 1290 920 1352 in
948 1299 1053 1352 nostro
1080 1289 1178 1352 libello
1200 1290 1393 1350 mentionem
1416 1289 1483 1348 Ter-

259 1376 399 1438 tullianus
421 1377 524 1450 iniicit,
553 1376 665 1437 Africae
685 1393 808 1454 praeses
831 1393 867 1434 eo
891 1382 1035 1454 tempore,
1058 1391 1118 1453 quo
1134 1373 1268 1434 Felicitas
1291 1391 1328 1433 ac
1343 1373 1485 1452 Perpetua

260 1479 326 1522 cunr
349 1460 438 1521 sociis
461 1460 523 1522 suis
545 1460 634 1520 morti
657 1459 780 1520 traditae
802 1467 887 1530 sunt,
921 1477 1008 1538 quarn
1036 1466 1106 1537 post
1132 1457 1213 1536 leges
1236 1475 1252 1517 a
1276 1455 1396 1517 Severo
1421 1457 1484 1516 latas

261 1544 404 1606 accidisse
427 1562 531 1604 omnes
555 1543 741 1603 confitentur.
784 1543 878 1621 Atque
901 1559 934 1602 ex
958 1543 995 1604 iis
1016 1540 1102 1620 ipsis,
1125 1540 1232 1620 quibus
1255 1539 1424 1617 Scapulam
1445 1559 1484 1598 ar-

183 1699 187 1708 !
261 1627 325 1708 guit
347 1645 478 1688 summae
501 1627 674 1698 iniustitiae,
698 1624 869 1686 existimans
892 1631 928 1699 (c.
945 1628 988 1700 4.)
1009 1629 1147 1705 potuisse
1169 1643 1237 1686 eum
1259 1623 1369 1704 officio
1397 1628 1485 1684 ient-

262 1713 400 1773 dietiouis
425 1730 497 1772 suae
518 1712 608 1789 [unp
628 1721 657 1772 et
680 1709 874 1771 humanitatis
898 1719 996 1771 tomen
1017 1712 1200 1779 meenr'm'sse,
1235 1725 1302 1768 eum
1325 1707 1413 1768 nihil
1434 1727 1485 1767 on-

257 1794 343 1876 plius
365 1795 540 1866 mandetur,
573 1812 661 1875 quom
683 1803 822 1854 nocentes
847 1794 1002 1871 confessos
1025 1794 1186 1864 anore,
1218 1801 1368 1869 stipantes
1395 1803 1486 1852 oute·

263 1879 303 1940 od
324 1888 476 1940 tormento
497 1896 648 1950 revocare,
672 1895 707 1937 ex
729 1875 766 1937 iis
787 1875 896 1948 verbis,
925 1876 1055 1955 iuquam,
1077 1875 1155 1936 haud
1178 1874 1304 1935 obscure
1329 1873 1484 1954 colligitur.

261 1969 324 2022 tum
354 1961 486 2024 extitisse
514 1961 594 2040 leges
623 1959 762 2040 quasdam
786 1959 887 2020 Severi
910 1959 1085 2020 Christianis
1114 1959 1259 2020 inimicas.
1304 1957 1394 2019 lstae
1418 1960 1485 2019 enim

261 2053 328 2106 ante
350 2063 437 2123 quarn
459 2045 536 2106 edita
560 2053 643 2106 erant
664 2042 875 2122 praesidesque
897 2043 1023 2122 agebant
1051 2060 1152 2104 earum
1181 2043 1334 2106 dumtaxat
1356 2043 1484 2103 auctori-

260 2135 335 2198 tate,
358 2129 465 2206 quibus
488 2127 557 2188 olim
580 2127 774 2206 imperatores
797 2127 1013 2204 exagitaverant
1033 2125 1232 2199 Christianos,
1262 2125 1415 2187 adversus
1437 2127 1485 2186 rim

261 2229 363 2272 earum
394 2211 593 2272 Tertullianus
624 2210 814 2270 vehementer
845 2210 876 2270 in
906 2209 1096 2288 Apologetico
1129 2211 1268 2289 disputat.
1319 2207 1408 2271 Leve
1440 2211 1485 2270 hor

261 2293 379 2372 quidem
402 2293 563 2366 videbitur,
592 2312 687 2373 neque
709 2294 831 2373 proprio
854 2293 981 2371 quodam
1003 2302 1176 2373 argumento
1199 2301 1318 2372 egeret,
1349 2294 1417 2354 nisi
1439 2293 1485 2354 Ρι-

241 2377 396 2458 ΙιῐιιεΙίιιεἍι
418 2397 444 2438 a.
461 2377 566 2438 CXCV.
589 2372 668 2438 bunc
688 2377 797 2438 librum
820 2377 1032 2456 adsignandum
1054 2385 1202 2458 putasset3
1226 2377 1398 2456 quiquam
1422 2378 1485 2438 len'-

249 2467 308 2526 .ler
331 2460 533 2540 disputaverit,
557 2463 622 2540 ipsa
644 2460 732 2523 rerba
755 2462 872 2532 docent,
895 2460 1002 2540 quibus
1025 2479 1057 2522 se
1080 2463 1121 2522 ait
1142 2461 1292 2522 inductum
1309 2469 1348 2522 ut
1363 2461 1410 2522 ita
1426 2481 1484 2522 sen-

261 2544 340 2616 tiret,
364 2543 530 2623 siquidem
553 2545 751 2607 Tertullianus
774 2552 804 2605 et
824 2542 995 2606 Albinianos
1017 2545 1183 2606 numeravit
1203 2544 1234 2604 in
1255 2545 1407 2606 hostibus
1438 2547 1484 2606 in-

260 2627 407 2707 peratoris
429 2631 504 2707 (cap.
528 2633 557 2693 2.
580 2647 609 2708 p.
634 2632 685 2693 85.
708 2627 766 2704 u).
809 2626 869 2689 lam
893 2628 919 2688 si
941 2647 1043 2689 verum
1072 2627 1186 2701 estid,
1218 2626 1272 2688 has
1295 2629 1484 2691 salernitates.

262 2711 368 2790 quibus
385 2711 508 2792 Scapula
524 2713 708 2774 Christianos
730 2711 891 2773 insectatus
914 2721 970 2784 est,
992 2711 1176 2791 posteriores
1199 2723 1270 2772 esse
1285 2711 1398 2773 Severi
1423 2715 1484 2791 legs.

262 2812 323 2855 non
350 2797 451 2856 minus
479 2815 512 2857 ea
541 2795 743 2874 intelliguntur
772 2803 913 2874 regnante
941 2795 1059 2874 quidem
1082 2796 1192 2856 Severo
1223 2811 1282 2856 uon
1312 2797 1483 2875 contigisse.

262 2878 340 2956 quod
364 2887 459 2940 tamen
481 2879 567 2940 video
588 2879 736 2960 placuisse
759 2877 944 2957 quibusdam.
988 2878 1061 2939 Nam
1083 2879 1113 2939 in
1136 2897 1172 2941 eo
1194 2878 1301 2952 locor,
1338 2879 1395 2940 ubi
1421 2881 1485 2940 Ter-

261 2961 400 3023 tullianus
433 2963 576 3024 Severum
615 2962 686 3024 dicit
716 2974 839 3042 patrem
873 2963 1021 3024 Antonini
1054 2963 1298 3025 Christianorum
1327 2983 1486 3026 memorre

261 3046 367 3124 fnisse,
390 3051 545 3126 ipsumque
567 3046 762 3120 Antoninum,
787 3046 862 3107 lacte
891 3046 1057 3108 christiano
1081 3048 1239 3108 educatum
1260 3049 1393 3108 uouisse
1419 3047 1486 3107 Pro

262 3129 378 3199 colum,
413 3129 490 3189 dicat
516 3125 586 3190 mihi
616 3130 699 3208 quis,
733 3147 785 3189 cur
807 3128 949 3190 Severum
976 3138 1091 3208 patrem
1112 3129 1253 3189 Antonini
1283 3131 1486 3208 appellaverit

261 3210 342 3289 quod
364 3212 399 3271 ad
422 3207 485 3272 r'em
508 3231 580 3274 sane
602 3232 663 3273 non
685 3212 862 3292 pertinebat,
884 3222 934 3273 aut
955 3231 1007 3274 cur
1027 3213 1125 3291 ipsum
1141 3211 1322 3273 Antoninum
1347 3214 1390 3274 ad
1407 3215 1486 3274 testi-

260 3293 394 3354 monium
417 3295 557 3366 citaverit,
580 3296 638 3357 nisi
659 3297 732 3356 haec
753 3297 811 3357 hoc
832 3305 972 3374 regnante
996 3297 1104 3374 scripta
1127 3295 1197 3356 sint.
1231 3295 1337 3374 Neque
1360 3317 1440 3359 vero
1461 3319 1485 3357 ea

262 3375 299 3438 de
322 3395 354 3436 re
377 3377 568 3440 dubitandum
591 3387 636 3442 est
657 3387 826 3458 propterea,
856 3381 934 3459 quod
957 3379 1054 3441 nullos
1077 3379 1316 3440 Christianorum
1341 3384 1486 3443 cmciatus

261 3460 317 3522 sub
340 3459 486 3522 Caracallo
508 3464 673 3542 reperimus
695 3463 731 3524 ab
753 3463 819 3523 aliis
843 3461 1037 3543 scriptoribus
1058 3461 1193 3532 traditos.
1221 3470 1271 3522 aut
1293 3463 1383 3541 quod
1409 3467 1486 3526 etiam

261 3542 282 3604 ii
306 3543 442 3606 Caracalli
464 3555 599 3624 tempore
620 3553 749 3624 possunt
771 3565 840 3607 osse
861 3547 1053 3625 posteriores.
1098 3546 1225 3618 Etenim,
1253 3547 1336 3625 quod
1360 3547 1418 3610 isti
1441 3569 1487 3609 m·-

260 3627 333 3690 mini
356 3629 404 3690 alii
427 3631 649 3691 commemorati
671 3630 749 3703 sint,
783 3629 848 3690 eius
878 3638 925 3691 est
950 3630 1138 3691 hauddubie
1167 3631 1241 3704 ratio
1264 3629 1365 3709 aliqua
1393 3633 1429 3693 in
1451 3653 1488 3692 ar.

260 3713 340 3791 quod
363 3711 403 3772 illi
424 3732 480 3774 nec
499 3713 557 3773 diu
585 3733 641 3774 nec
670 3713 727 3773 nisi
755 3713 786 3774 in
807 3713 904 3774 illrira
927 3712 1085 3775 extiterint.
1129 3713 1260 3792 Namque
1284 3714 1488 3778 Tertullianus

259 3811 340 3858 nunc
371 3797 490 3875 quidem
518 3815 533 3857 a
562 3796 699 3874 praeside
725 3795 851 3874 legionis
880 3805 910 3858 et
930 3797 1120 3858 Mauritaniae
1142 3795 1212 3858 dicit
1233 3795 1381 3860 familiam
1408 3801 1486 3861 Chn-

259 3879 424 3941 otianorum
445 3881 611 3959 impugnari
633 3879 844 3959 Scapulamque
865 3880 950 3958 petit,
973 3888 1005 3942 ut
1026 3881 1121 3942 saltim
1137 3879 1303 3959 Carthagini
1332 3895 1446 3962 parcat
1465 3895 1487 3940 er

258 3963 438 4042 provinciae,
460 3963 596 4043 Arriique
623 3965 763 4026 Antonini
797 3963 963 4042 exemplum
998 3964 1142 4036 imitetur,
1179 3964 1229 4042 qui
1256 3963 1288 4024 in
1316 3965 1395 4027 Asia
1428 3967 1488 4026 olio

260 4046 445 4110 Christianos
469 4056 624 4110 avocasset
644 4048 744 4126 potius
767 4067 784 4108 a
806 4047 1001 4121 eruciatibus,
1034 4065 1121 4128 quam
1143 4047 1180 4108 ad
1201 4047 1349 4126 supplicia
1373 4061 1488 4129 perca

258 4128 361 4191 xisset.
405 4130 464 4192 Eos
486 4139 584 4193 autem
606 4149 662 4192 nec
683 4131 777 4192 hrisse
798 4131 936 4192 Caracalli
965 4140 1100 4212 tempore
1121 4131 1306 4211 posteriores
1332 4151 1372 4193 eo
1400 4135 1488 4195 elliu·

258 4217 317 4286 tur,
341 4215 421 4291 quod
442 4214 662 4296 Hieronymus*
684 4213 899 4277 Tertullianum
928 4214 1004 4276 ultra
1024 4213 1166 4277 Antonini
1194 4223 1334 4292 tempora
1356 4233 1430 4278 non
1451 4217 1489 4276 ri·

258 4293 339 4356 xisse
362 4295 447 4372 dicat,
469 4299 565 4361 nullae
587 4306 740 4381 praeterea
762 4316 857 4380 usque
879 4297 916 4360 ad
935 4298 1221 4370 Deciumadversus
1244 4299 1348 4361 omnis
1371 4299 1489 4380 generis

293 4479 315 4514 x.
335 4463 361 4514 ln
380 4464 429 4514 Vita
448 4467 588 4518 Tertulliani
606 4483 630 4531 p.
650 4467 690 4518 13.
701 4468 727 4518 C.
931 4481 952 4515 ι.
970 4465 1233 4518 correcturarum
1252 4465 1325 4518 att.
1347 4470 1492 4522 cessem

293 4545 315 4593 p.
335 4530 369 4582 De
387 4531 463 4583 l’allio
482 4550 502 4584 c.
521 4535 545 4584 4.
565 4551 588 4598 p.
608 4536 682 4586 etc.
895 4549 920 4599 p.
943 4533 999 4584 126.

261 677 363 740 tudine
385 676 491 739 abesse
513 677 543 738 id
565 674 644 756 quod
667 675 812 750 diximus,
845 673 953 736 librum
981 675 1019 736 de
1039 671 1132 735 Pallio
1160 674 1198 734 nd
1219 692 1245 735 a.
1268 671 1396 736 CCVlll.
1418 693 1482 752 pe·-
1519 751 1520 758 ἵ
