3132 5238
234 333 275 395 20
561 345 608 396 ou.
631 343 714 390 serr.
738 345 822 388 raon.
844 343 1039 388 recreamini
1063 344 1127 386 vrrs
1318 377 1325 384 .

232 505 264 558 et
284 493 479 556 Herodianus.
523 490 603 555 Facit
622 511 677 572 pro
699 493 754 556 hac
775 502 878 556 nostra
899 493 1054 568 sententia,
1077 492 1264 572 quodetiam
1286 510 1401 556 marem
1424 495 1456 554 in

230 580 388 659 triumphis
409 579 549 641 usitatum
570 576 717 640 describat
730 579 839 640 Auctor
859 579 1102 656 tauquam'testis
1119 577 1264 638 oculatus:
1287 577 1455 650 Hominem,

231 664 336 743 inquit,
359 683 390 725 se
412 681 474 724 esse
496 666 583 723 etiam
606 663 795 743 triumphans
817 667 850 724 in
872 663 926 724 illo
946 663 1158 724 sublimissimo
1182 681 1278 723 currn
1309 665 1456 724 admone-

232 761 295 812 tur.
340 748 522 827 Supperitur
543 751 622 808 enim
644 751 672 810 ei
692 767 711 810 a
734 761 833 828 serpo:
863 745 986 828 Respice
1004 759 1076 827 post
1099 757 1141 818 te,
1172 746 1318 808 bominem
1340 759 1367 809 te
1389 765 1457 808 me-

229 844 332 896 mento
353 831 448 910 (Apol.
471 849 496 892 c.
518 831 592 909 33.).
1538 825 1549 844 “

315 1000 398 1060 Anno
431 996 549 1059 Domini
581 995 677 1059 Clllll.
719 997 793 1075 lmp.
823 998 907 1060 Caes.
934 997 968 1058 L.
989 999 1079 1078 Sept.
1111 997 1149 1060 bl.
1177 995 1320 1063 ummo.
1348 993 1456 1057 Adiab.

230 1083 309 1146 Part.
332 1083 381 1144 lll.
409 1091 439 1144 et
466 1083 536 1161 imp.
565 1081 648 1144 Caes.
676 1081 715 1142 bl.
742 1082 840 1143 Aurel.
869 1083 935 1144 Ser.
963 1081 1036 1162 Aug.
1059 1085 1091 1144 F.
1113 1083 1253 1143 Antonin.
1276 1082 1349 1159 Aug.
1372 1100 1456 1143 cass.

231 1169 261 1230 S.
292 1167 448 1247 zephyrini
475 1185 567 1246 papae
595 1166 719 1227 Romani
747 1153 825 1228 a'nuo
859 1167 905 1228 lll.
934 1166 1027 1246 ipsius
1060 1167 1160 1229 Severi
1192 1165 1296 1244 imper.
1328 1165 1374 1239 x,
1404 1175 1458 1226 aut

231 1261 312 1314 certa
332 1250 529 1331 praecedenti,
550 1252 608 1312 iam
630 1251 833 1330 grassantibus
855 1269 916 1312 non
939 1251 1035 1312 solum
1057 1251 1195 1334 antiquis,
1219 1251 1272 1310 sed
1295 1258 1324 1308 et
1344 1269 1455 1310 recen-

229 1335 355 1398 tioribus
377 1333 489 1413 aliquot
507 1334 679 1397 haeresibus
701 1334 747 1396 rel
775 1335 805 1396 in
828 1336 891 1414 ipsa
913 1335 1023 1408 Airica,
1053 1335 1143 1397 edidit
1164 1333 1361 1395 Tertullianus
1383 1353 1458 1394 rere

230 1438 352 1481 aureum
374 1419 445 1480 illud
467 1437 542 1497 opus
564 1419 605 1479 lle
627 1418 804 1498 Praescript.
818 1418 940 1480 Advers.
962 1419 1143 1490 Haereticos,
1166 1427 1265 1498 utpote
1287 1418 1364 1496 quod
1386 1429 1459 1478 aute

230 1503 305 1565 alios
328 1521 433 1565 omnes
452 1503 594 1580 scriptum
617 1503 750 1564 eiusdem
772 1503 935 1582 argumenti
957 1503 1049 1565 lihros
1072 1523 1108 1565 ex
1128 1503 1175 1563 his
1191 1502 1328 1563 Auctoris
1354 1503 1457 1562 verbis

231 1595 361 1648 constat:
384 1586 442 1649 Sed
462 1605 542 1650 nnnc
564 1589 679 1668 quidem
700 1587 885 1666 peneraliter
907 1601 1006 1651 actum
1023 1601 1069 1652 est
1083 1608 1102 1649 a
1116 1586 1201 1649 erodis
1217 1587 1364 1648 aduersus
1381 1587 1458 1648 hae-

230 1675 323 1732 reseis
353 1675 480 1742 omneis,
512 1675 601 1732 certis
624 1682 652 1733 et
674 1673 762 1733 iustis
786 1682 815 1732 et
836 1676 1016 1734 nemssariis
1038 1671 1330 1753 praescriptionibus
1352 1671 1457 1749 repel-

233 1754 337 1816 lendas
359 1773 378 1816 a
401 1753 560 1816 colladone
584 1759 821 1834 scripturarum.
865 1756 909 1817 ne
932 1755 1064 1837 reliquo,
1089 1761 1118 1816 si
1138 1755 1194 1816 liei
1213 1758 1313 1835 pratia
1334 1773 1457 1816 annue*
1480 1831 1485 1838 .

231 1842 290 1909 rit,
325 1841 412 1900 etiam
446 1836 620 1926 specialiter
648 1838 825 1920 quibusdam
857 1842 1104 1919 respondebimus
1139 1839 1193 1913 (lle
1226 1839 1357 1899 Praescr.
1379 1839 1455 1900 Adr.

231 1921 318 1984 llacr.
342 1941 366 1982 c.
390 1924 465 1999 Ab).
508 1920 541 1981 lu
563 1939 598 1982 eo
620 1921 676 1982 sub
699 1921 787 1983 linem
809 1922 970 2001 catalogum
991 1924 1206 1986 haereticorum
1229 1931 1378 2000 recenset,
1401 1924 1455 2002 qui

232 2006 269 2068 ad
298 2005 327 2068 id
356 2005 498 2085 temporis
527 2005 687 2068 Ecclesiam
716 2004 920 2080 dilacerarunt,
941 2007 974 2068 B.
1004 2009 1157 2070 Irenaeum
1186 2007 1324 2078 imitatus,
1356 2025 1454 2086 quan-

230 2109 319 2170 quam
342 2090 447 2151 ordine
467 2097 635 2170 temporum
656 2091 811 2152 nonsatis
833 2091 1002 2166 observato,
1024 2111 1111 2171 quem
1133 2110 1189 2152 nos
1205 2092 1289 2164 adeo,
1311 2100 1455 2168 quantum

231 2175 296 2236 lieri
318 2173 423 2254 potuit,
446 2175 654 2254 expressimus.
684 2171 822 2252 Inprimis
843 2175 991 2238 ludaiomi
1016 2177 1234 2238 haereticorum
1255 2193 1362 2253 genera
1377 2193 1454 2253 qua-

232 2266 311 2332 tuor,
334 2258 511 2320 Dasiibeum
526 2258 762 2332 Samaritanum
785 2257 985 2334 Sadducaeos,
1009 2261 1191 2322 Pharisaeos
1217 2269 1245 2321 et
1260 2259 1456 2322 llerodionas

232 2345 308 2424 (cap.
331 2345 406 2420 Ab).
450 2342 561 2404 Deinde
589 2345 722 2425 eosqui
752 2361 791 2405 ea
822 2343 984 2424 annpelio
1019 2345 1162 2408 haerenci
1193 2363 1257 2404 esse
1288 2343 1458 2407 coiecerunt

232 2430 307 2507 (cap.
331 2429 406 2503 iu),
428 2425 460 2486 in
482 2427 651 2489 universum
672 2444 796 2489 numero
812 2427 898 2489 XXV.
921 2429 1071 2492 Simonem
1091 2429 1219 2506 hlopam,
1244 2426 1454 2498 Menandrum,

232 2510 402 2583 Nicolaum,
428 2511 601 2574 Cerintbum
623 2523 651 2572 et
672 2509 834 2574 llehionem
857 2515 951 2592 (capp.
975 2515 1025 2578 46.
1049 2517 1100 2578 tt.
1124 2515 1199 2587 Ab),
1220 2511 1270 2590 qui
1293 2512 1347 2572 suh
1370 2511 1454 2589 Apa-

233 2595 319 2656 stolis
341 2613 410 2656 suas
433 2604 606 2674 sparserunt
626 2594 788 2670 haereseis,
811 2604 896 2674 atque
918 2599 991 2658 adeo
1009 2596 1064 2658 sub
1080 2595 1211 2667 Tiberio,
1236 2595 1367 2669 Claudio,
1390 2595 1453 2657 Ne-

232 2697 307 2740 rone
329 2686 358 2740 et
379 2678 515 2741 Traiano.
558 2678 633 2762 ltem
655 2677 858 2741 Saturninum
880 2693 908 2743 et
930 2682 1105 2751 Basiliden,
1136 2679 1278 2759 Ophites,
1313 2679 1453 2750 Catneos,

232 2763 388 2825 Sethoitos
412 2773 439 2824 et
463 2764 691 2845 Carpocratem,
722 2764 777 2825 sub
798 2762 1006 2842 Apostolorum
1035 2763 1185 2842 discipulis
1213 2781 1304 2841 usqua
1331 2764 1367 2825 ed
1389 2763 1453 2824 lla-

233 2847 368 2910 drianum
399 2847 607 2928 imperatorem
641 2849 907 2926 (amphibili).
954 2849 1139 2911 Valentinum
1170 2847 1308 2925 deinceps
1330 2846 1456 2926 eiusque

232 2931 359 2992 asseclas
381 2931 586 2994 Ptolomaeum
610 2951 645 2994 aa
667 2931 843 3004 Secundum,
867 2933 1083 2996 Heracleonem
1097 2944 1126 2994 et
1141 2931 1277 2993 Marcum
1292 2949 1327 2992 ao
1343 2931 1455 2994 Color-

233 3016 346 3087 baeum,
369 3033 493 3093 quoram
516 3015 711 3095 coryphaeum
732 3017 813 3078 illurn
830 3021 863 3078 in
884 3018 1059 3080 catholicam
1073 3021 1175 3096 probeo
1188 3017 1355 3078 doctrinam
1370 3019 1457 3094 apud

232 3097 434 3160 llantanensea
469 3100 628 3162 credidisse
661 3100 715 3162 sub
746 3099 863 3179 lippiae
893 3121 976 3182 papa
1009 3105 1156 3163 Aritonini
1181 3100 1248 3180 sere
1273 3103 1454 3181 principatu

233 3181 322 3242 tradit
343 3182 461 3255 Auctor,
484 3193 512 3244 et
540 3184 595 3244 suh
625 3187 797 3264 episcopatu
820 3183 978 3248 Eleutheri
1003 3185 1038 3247 ob
1066 3189 1228 3265 inquietam
1257 3201 1375 3264 seraper
1396 3203 1454 3245 cn-

233 3269 404 3326 riositatmn
423 3283 487 3327 una
509 3285 574 3328 cum
597 3265 751 3329 Marcione
772 3269 861 3331 smnel
883 3281 911 3331 et
933 3273 1044 3331 iterum
1057 3272 1181 3330 eiectum
1195 3269 1306 3330 esseob
1320 3267 1455 3330 Ecclesia

234 3351 330 3427 (capp.
340 3351 390 3412 39.
400 3353 480 3426 40.);
501 3357 663 3412 sectatores
678 3369 748 3412 vero
764 3352 826 3414 eius
837 3353 892 3415 sub
903 3353 965 3414 Piis
975 3353 1114 3432 pontifice
1126 3361 1154 3414 et
1164 3345 1351 3430 imperatore.
1376 3353 1454 3414 Cer—

234 3433 340 3494 donem
360 3433 465 3494 deinde
487 3434 608 3513 eiusque
618 3435 779 3497 discentem
792 3436 983 3510 Marcionem,
1001 3436 1135 3515 illiusque
1147 3457 1180 3498 ex
1193 3437 1344 3515 discipulis
1355 3436 1453 3514 magi-

233 3525 313 3578 stras
326 3517 478 3580 lucanum
492 3528 521 3580 et
532 3519 672 3600 Apellen,
695 3539 821 3598 quorum
835 3521 917 3600 prior
931 3540 998 3584 cum
1007 3521 1161 3583 Valentino
1188 3521 1293 3599 coepit,
1321 3521 1454 3582 blarcion

234 3600 322 3662 etalii
334 3601 388 3662 sub
398 3602 530 3677 Aniceto,
553 3603 678 3666 Sotbere
690 3613 719 3665 et
729 3604 898 3680 Eleuthero,
910 3605 1122 3685 imperantibus
1133 3604 1186 3665 Pio
1203 3613 1232 3666 et
1245 3605 1363 3665 Aurelio
1375 3607 1454 3684 (cap).

233 3687 306 3764 ab).
333 3685 489 3749 Tationum
503 3696 573 3766 post
587 3686 669 3763 baec,
684 3707 772 3767 quem
783 3691 869 3752 etiam
880 3691 1010 3752 scholam
1026 3708 1109 3751 suam
1125 3691 1255 3751 erexisse
1270 3689 1372 3751 scribit
1382 3689 1454 3749 Cle-

231 3787 315 3832 mens
336 3770 500 3833 Aleuaudro
522 3771 577 3832 sub
598 3791 708 3835 annum
730 3773 792 3836 Xll.
815 3775 954 3836 Antonini
975 3775 1030 3836 Pii.
1055 3771 1155 3846 Quid?
1177 3773 1255 3852 quod
1279 3773 1455 3854 Cataphrp-

231 3873 284 3934 pas
306 3873 433 3935 quoque,
455 3855 487 3918 iu
509 3858 782 3936 qrtorumbaeresin
804 3867 908 3938 postea
922 3859 1054 3920 incautus
1069 3858 1181 3932 incidit,
1205 3858 1369 3920 haereticos
1391 3875 1453 3918 no-

232 3937 365 3999 minatim
386 3940 512 4019 appellet
532 3943 607 4019 (cap.
630 3944 705 4018 52),
727 3961 856 4023 quornm
878 3945 997 4023 puidam
1027 3945 1170 4005 dicuntur
1196 3937 1280 4004 κατὰ
1309 3941 1455 4004 Proclnm

232 4021 282 4095 (de
304 4039 361 4099 quo
384 4022 459 4086 inlra
480 4025 589 4101 latius),
612 4025 667 4087 alii
688 4027 851 4090 secundum
871 4028 1053 4098 Aeschinem,
1076 4026 1181 4105 quibus
1197 4045 1257 4086 nou
1273 4027 1360 4086 modo
1376 4026 1454 4088 ltac-

232 4103 329 4176 resin,
353 4105 405 4166 sed
427 4116 456 4168 et
476 4108 686 4189 blasphemiam
708 4110 859 4192 impingit,
881 4131 940 4196 qua
961 4117 992 4174 in
1014 4111 1166 4191 Apostolis
1188 4111 1325 4173 dicebant
1347 4110 1456 4190 Spiri-

233 4199 297 4250 tum
324 4201 461 4252 aanctnm
488 4194 601 4272 fuisse,
631 4194 823 4258 Paracletum
849 4215 911 4258 non
936 4196 1047 4276 fnisse,
1077 4207 1105 4259 et
1126 4194 1319 4258 Paracletum
1344 4195 1453 4274 plura,

231 4272 360 4336 meliora
380 4284 467 4355 atque
487 4283 613 4341 maiora
626 4285 658 4340 in
674 4279 816 4343 Montano
834 4283 954 4352 uicisse,
978 4299 1066 4362 priam
1084 4280 1235 4342 Christum
1251 4286 1282 4341 in
1296 4280 1456 4356 eoaripelio

228 4356 413 4437 protulisse,
446 4359 482 4419 de
509 4362 591 4423 cuius
621 4363 801 4442 temporibus
829 4384 897 4426 mox
928 4363 1024 4424 latius.
1068 4363 1205 4426 Blastnm
1237 4364 1382 4441 denique,
1415 4365 1455 4426 de

231 4457 290 4518 quo
313 4459 416 4523 supra,
443 4441 622 4509 Theodotum
643 4450 825 4528 Byzantium
846 4469 880 4511 ac
903 4448 1082 4510 Theodotum
1106 4450 1278 4511 coriarium
1295 4447 1456 4510 Melchise-

233 4525 408 4590 accitanam
430 4526 486 4590 sub
508 4528 538 4591 S.
562 4529 678 4595 Victore
698 4533 837 4614 pontilice
859 4542 888 4597 et
910 4531 1072 4596 Commodo
1095 4533 1284 4611 imperatore,
1305 4540 1348 4594 'ct
1370 4531 1454 4594 Pra-
