3144 5236
225 365 291 432 100
326 383 520 430 ottanum
535 375 631 431 mou.
646 377 732 422 ΙΙΠ.
745 375 834 420 FLOR·
850 373 1044 418 minutum
1058 371 1288 416 monetaneum
1301 371 1388 415 ΟΞΠ.

226 532 378 603 umidos,
405 542 506 594 tostos
531 525 628 590 abaco
654 529 751 590 dicon
778 531 899 604 oportet
925 541 965 584 en
985 525 1160 585 monestere
1181 537 1291 584 acam
1316 540 1383 584 eom
1405 527 1462 603 pai

227 617 309 682 iubet
330 626 359 678 ot
380 633 449 678 m
468 615 522 695 pai
540 614 617 691 iacit
638 609 773 686 (Tertull.
794 609 847 670 lib.
868 607 934 668 adr.
955 605 1041 667 Pru.
1065 623 1129 685 cap.
1151 607 1229 681 22).

312 699 399 762 Prius
430 715 514 769 nero,
546 695 598 758 ubi
625 695 768 757 adversm
794 693 922 754 eundern
942 689 1075 752 Praxean
1096 688 1277 769 disputando
1300 689 1458 752 manifeste

229 781 481 845 osmnditlilium
495 779 559 853 liei,
581 779 632 858 qui
653 778 731 840 iliius
750 776 862 856 Sopbia
883 782 915 835 et
928 774 1034 836 Sermo
1056 781 1113 846 est,
1135 773 1226 835 alirun
1247 791 1316 836 esse
1337 773 1455 835 al‘atre

229 885 296 938 auo,
329 865 371 926 ibi
399 865 444 928 sio
463 872 635 944 arguentem
656 861 788 924 Praxean
809 859 937 922 inducit:
972 857 1069 937 lirgo,
1096 861 1208 940 inquis,
1241 859 1296 920 dor
1323 858 1455 939 obpacna

230 951 433 1014 salmontiaco
454 967 518 1010 osso
539 964 719 1018 samoneos,
741 949 855 1025 spiritu
878 956 908 1007 et
927 943 1051 1024 aopbioe
1071 943 1236 1004 traditione
1251 953 1455 1005 oonsmctoot

229 1034 316 1110 (lbld.
339 1050 403 1113 cap.
426 1030 493 1108 'ill
537 1030 591 1092 Cui
613 1031 663 1092 ille
684 1047 745 1092 uno
767 1028 858 1090 verbo
880 1026 1057 1106 respondet:
1087 1024 1190 1096 Pione,
1212 1033 1300 1105 atque
1322 1025 1362 1088 ita
1382 1025 1456 1087 illud

228 1136 333 1180 rerum
355 1135 424 1178 esse
445 1115 523 1177 ultro
546 1115 716 1177 confitetur.
760 1111 851 1175 Cuius
873 1112 950 1173 bane
970 1110 1157 1172 continenter
1177 1110 1276 1171 reddit
1288 1110 1456 1172 rationem:

230 1201 300 1266 dion
327 1205 374 1262 oio
402 1203 481 1263 enolto
507 1217 586 1262 eam-
601 1199 829 1261 sabstoatiouon
851 1195 959 1258 bebere
980 1200 1013 1257 is
1034 1213 1070 1256 re
1088 1213 1147 1275 por
1168 1194 1357 1257 tolerantior
1375 1211 1456 1276 pro·

225 1289 400 1366 prietatem,
431 1294 468 1346 ot
488 1301 539 1345 roa
561 1294 591 1347 et
608 1299 743 1363 persono
764 1280 908 1361 quaedem
929 1279 1030 1341 uideri
1044 1283 1146 1358 possit
1168 1281 1263 1341 etita
1284 1281 1385 1358 cupiet
1407 1297 1457 1342 ae-

232 1369 348 1430 oundoo
370 1387 389 1430 n
411 1367 474 1430 Deo
497 1371 690 1438 constitutos,
713 1367 788 1428 douo
811 1365 943 1445 efficere,
964 1362 1089 1424 Patrem
1110 1373 1139 1424 et
1160 1361 1281 1436 Filium,
1310 1362 1408 1424 Decor
1429 1373 1458 1424 ot

231 1451 420 1598 &mpouffl
448 1542 528 1596 certe
555 1531 671 1595 dicendi
700 1549 761 1594 non
788 1532 962 1603 laceremus,
991 1530 1018 1591 si
1049 1529 1147 1592 amaia
1177 1538 1208 1591 et
1228 1529 1343 1608 singula
1365 1529 1456 1602 iuius,

231 1637 349 1682 sacrum
370 1617 523 1680 Trinitab's
545 1617 717 1697 mysterium
738 1616 880 1678 adversus
894 1614 1027 1676 Praxean
1050 1623 1109 1675 tara
1132 1621 1212 1676 recte
1234 1632 1321 1693 quam
1343 1613 1459 1676 diserte

231 1702 406 1773 asserentis,
434 1702 523 1763 verba
549 1701 691 1763 vellemus
713 1699 910 1762 transcribere
931 1706 961 1760 et
982 1698 1146 1760 enucleare.
1191 1697 1391 1771 Quamobrem
1414 1717 1455 1760 ne

231 1785 327 1848 marus
354 1785 515 1863 longiores,
544 1803 579 1846 ea
607 1783 757 1846 domarat
778 1783 959 1856 adiiciemus,
990 1782 1098 1861 quibus
1120 1781 1217 1843 adbuc
1240 1781 1369 1844 ostendit
1390 1790 1457 1844 tres

231 1869 321 1930 urebas
342 1867 502 1930 divinitatis
523 1868 554 1928 in
576 1867 761 1930 sanctissima
782 1867 926 1928 'lrirritate
948 1885 1017 1928 esse
1039 1884 1199 1944 personas:
1231 1867 1381 1938 ebrietes,
1405 1866 1457 1927 in-

230 1952 306 2031 quit,
327 1957 489 2014 coenatore
509 1953 669 2025 modona,
691 1962 727 2013 ot
747 1955 921 2030 tinguerent
940 1955 974 2013 in
996 1948 1118 2012 Patrem
1140 1962 1168 2013 et
1194 1950 1306 2012 Filium
1327 1963 1357 2012 et
1382 1951 1457 2032 Spi-

231 2041 327 2098 ritum
352 2049 501 2109 sunctum,
529 2054 592 2098 oon
618 2040 652 2098 in
678 2053 741 2097 ono
768 2054 823 2097 nec
855 2035 952 2107 aeowl,
983 2036 1035 2097 aed
1057 2046 1105 2097 ter
1126 2037 1166 2098 od
1188 2034 1309 2114 singulo
1331 2040 1459 2098 nomino

228 2137 381 2200 personna
415 2120 551 2200 singulos
586 2119 672 2194 (ibid.
693 2137 757 2198 cap.
779 2121 854 2195 ιι).
903 2119 998 2181 Unam
1025 2137 1096 2180 vero
1125 2137 1193 2180 esse
1220 2117 1310 2180 bium
1339 2119 1459 2180 illarum

230 2221 428 2282 personarum
451 2203 646 2264 substantiam
669 2211 698 2264 et
719 2202 900 2265 divinitatem
922 2202 1118 2264 dbertissime
1140 2221 1202 2264 non
1220 2202 1319 2264 solum
1335 2203 1366 2263 in
1380 2202 1457 2265 locis

232 2285 290 2348 iam
317 2286 422 2359 citam,
450 2286 503 2348 sed
530 2286 561 2348 in
589 2287 646 2348 alio
674 2286 770 2348 adbuc
797 2286 889 2348 edixit
915 2285 1001 2360 libro,
1030 2305 1118 2366 quern
1139 2287 1176 2348 ab
1199 2305 1246 2360 eo,
1275 2305 1342 2348 eum
1365 2289 1458 2350 etiam

232 2369 371 2432 haeresin
393 2369 637 2432 llcntenistarum
659 2378 843 2449 sequeretur,
872 2370 1071 2450 compositum
1093 2369 1188 2432 luisse
1208 2370 1308 2432 nullus
1330 2371 1458 2434 dubitat.

230 2453 276 2514 lbi
298 2453 377 2514 enim
398 2454 471 2515 baec
490 2454 540 2516 iile
560 2454 695 2533 scripsit:
717 2454 850 2517 lioclosio
868 2459 998 2535 proprie
1018 2460 1083 2536 ipre
1104 2467 1150 2518 ost
1172 2454 1318 2535 Spiritus,
1340 2459 1374 2517 in
1396 2475 1459 2538 prro

232 2547 278 2598 est
301 2535 443 2608 l'oim'tcs,
465 2542 529 2601 sice
551 2551 614 2601 tres
634 2557 782 2620 perronem
803 2542 895 2600 unios
930 2540 1106 2612 divinitatio,
1138 2538 1405 2602 procreantes
1428 2551 1461 2603 et

231 2619 370 2702 Spirim
391 2631 515 2684 conotus
537 2621 631 2696 (ldern
651 2621 702 2684 lib.
724 2623 760 2684 de
782 2621 906 2684 Pudicit.
929 2641 992 2702 cap.
1014 2626 1090 2699 at).

192 2726 195 2732 ’
315 2704 411 2766 Porro
433 2713 531 2767 autern
553 2725 588 2767 cx
610 2706 657 2767 bis
680 2706 828 2780 omnibus,
859 2725 934 2786 quae
954 2708 1097 2769 hactenus
1118 2707 1150 2768 in
1171 2707 1229 2768 boe
1250 2715 1282 2768 et
1302 2709 1458 2787 superiori

231 2787 356 2850 orticello
373 2787 530 2869 ¹disputata
558 2799 637 2864 sunt,
665 2791 748 2866 saus,
770 2790 813 2852 uti
834 2798 982 2870 putamus,
1011 2791 1163 2852 evidenter
1184 2789 1330 2870 colligitur
1351 2811 1459 2854 sanna

93 2911 97 2924 ·
231 2873 353 2936 mnino
374 2873 519 2953 planeque
540 2875 734 2936 orthodoxam
749 2875 844 2936 luisse
860 2874 1041 2948 Tertulliani,
1063 2877 1125 2937 sire
1140 2875 1276 2938 catholici
1292 2875 1355 2936 sive
1366 2875 1458 2937 idon-

232 2956 370 3030 tanistae,
399 2957 429 3018 id
456 2965 502 3020 cst
529 2977 584 3038 per
611 2967 707 3020 totum
734 2959 811 3020 vitae
843 2976 914 3020 suae
936 2968 1063 3038 tempus,
1092 2959 1129 3021 de
1152 2977 1291 3040 suprema
1312 2959 1378 3020 Filii
1402 2959 1459 3022 lici

233 3040 422 3120 Spiritusque
443 3042 538 3105 sancti
558 3041 709 3106 divinitate
731 3051 762 3106 et
782 3043 885 3104 eadem
906 3043 1040 3122 ipsorum
1062 3061 1128 3105 eum
1149 3052 1271 3106 aeterno
1287 3044 1349 3104 beo
1364 3043 1459 3106 Patre

233 3121 398 3185 substantia
418 3143 454 3186 ac
473 3125 620 3190 distinctis
642 3127 747 3188 tribua·
759 3126 876 3188 illonun
898 3127 1240 3210 personissententiam.
1279 3127 1340 3189 Nec
1354 3127 1460 3191 minus

233 3205 387 3268 evidenter
413 3215 494 3285 patet
521 3209 578 3287 ipsi
606 3228 781 3289 persuasum
810 3211 931 3272 omnino
953 3211 1047 3274 luisse
1067 3211 1126 3272 boe
1146 3212 1337 3292 praecipuum
1360 3213 1460 3275 totius

232 3287 382 3350 Ecclesiae
405 3290 564 3354 catholicae
585 3292 690 3373 dogma
706 3295 828 3364 landari
851 3295 957 3356 Samae
977 3295 1146 3375 Smipmrae
1167 3296 1340 3358 aumnritate
1362 3297 1458 3359 illud-

230 3387 289 3449 que
309 3371 346 3434 ab
360 3371 511 3450 bposteba
532 3393 695 3456 eorumque
716 3379 941 3442 successoribus
963 3381 1000 3442 ad
1022 3397 1107 3441 suam
1121 3398 1217 3460 usque
1232 3388 1358 3442 aetatem
1373 3391 1459 3444 certa

230 3471 265 3518 oc
284 3463 426 3535 perpetua
448 3457 606 3521 traditione
625 3462 843 3524 bauamiasum.
885 3463 1019 3544 benique
1040 3482 1076 3526 ex
1098 3465 1184 3526 dictis
1206 3465 1298 3544 liquet
1320 3465 1379 3526 boc
1395 3465 1457 3528 do·

230 3549 400 3602 mmeuttrm
420 3540 458 3602 ab
480 3561 516 3602 eo
538 3543 675 3606 audacter
695 3547 886 3625 propugnari,
918 3565 979 3609 non
1000 3548 1097 3610 solum
1119 3549 1263 3611 adversus
1285 3549 1459 3611 haereticos

228 3621 300 3686 illud
321 3632 474 3704 negantes,
495 3627 548 3689 sed
569 3627 704 3690 ethnicos
725 3629 824 3703 etiam,
846 3631 1056 3695 infestissimos
1079 3632 1315 3696 Christianorum
1337 3634 1457 3704 bostea,

228 3709 280 3788 qai
307 3707 374 3772 illos
401 3709 511 3772 bancce
533 3711 572 3772 ob
593 3711 757 3774 doctrmam
790 3715 994 3778 crudelissime
1015 3716 1159 3778 vetabam
1180 3725 1211 3780 et
1230 3716 1458 3780 interimebant.

227 3791 266 3856 bt
284 3801 366 3856 certe
386 3794 554 3856 haereticos
575 3795 612 3857 ad
635 3814 706 3858 scas
727 3797 841 3860 iacilius
863 3809 963 3878 partes
985 3799 1136 3875 illexisset,
1158 3800 1184 3862 si
1203 3801 1288 3862 fateri
1303 3803 1455 3880 potuisset

228 3893 318 3940 mam
354 3887 467 3941 tantm
501 3897 557 3942 uec
588 3879 691 3960 plures
724 3881 782 3944 nisi
815 3883 936 3946 nomine
974 3892 1064 3946 tenus
1103 3903 1173 3946 esse
1200 3884 1232 3946 in
1262 3885 1456 3948 sancbsaima

229 3958 373 4030 Trinitate
394 3980 550 4042 personas.
593 3963 657 4026 Sibi
677 3983 797 4045 qaoque
819 3967 953 4030 etbuicoa
975 3969 1132 4032 conciliare
1156 3987 1321 4049 eorumque
1343 3970 1455 4031 adrer-

227 4059 281 4104 eua
303 4043 490 4110 Cbmsbanoa
517 4049 648 4110 iurarem
676 4049 793 4129 placem
820 4059 946 4131 poterat,
976 4053 1002 4114 si
1032 4053 1158 4115 dbisset
1179 4063 1241 4115 tres
1269 4071 1337 4115 esse
1359 4054 1453 4128 Deos,

227 4132 279 4188 ιιιι
299 4134 380 4189 certe
402 4148 492 4194 unm
512 4132 656 4194 brainam
677 4133 870 4214 minoresque
901 4136 985 4198 alios.
1028 4135 1131 4216 Neque
1158 4137 1188 4199 id
1210 4155 1227 4199 a
1248 4137 1336 4200 uobis
1358 4139 1457 4218 gratis

226 4208 326 4272 ιιιιιιιι
347 4215 506 4290 putareris,
528 4217 608 4296 qaod
628 4215 755 4297 ipsemet
770 4218 968 4282 Tertullianus
990 4220 1086 4300 palam
1101 4229 1261 4302 aperteque
1275 4221 1455 4302 profitetur:

227 4291 366 4356 Cmmm
388 4301 418 4358 ai
436 4305 621 4364 amando
638 4313 759 4373 nostro,
791 4302 832 4365 ita
852 4303 902 4365 ille
923 4302 1062 4384 loquitur,
1096 4307 1370 4388 quaemihi
1388 4325 1451 4370 ao-

224 4393 295 4440 oraa
317 4375 440 4442 Borrine·
465 4393 494 4444 et
513 4383 605 4448 Petri
630 4397 660 4448 et
681 4386 758 4450 Filio
786 4399 816 4450 ot
837 4387 971 4468 Spiritoi
990 4399 1096 4452 annoto
1118 4396 1288 4463 conuenire,
1317 4391 1401 4453 licor
1423 4397 1457 4453 et

223 4459 372 4524 nonnos
399 4469 635 4541 nminem,
665 4475 900 4535 octoboriaacmoa
925 4474 1010 4551 sores
1030 4485 1165 4545 nosnos,
1194 4479 1284 4538 aim
1304 4475 1344 4538 erl
1364 4493 1456 4536 soor·

188 4547 310 4624 aprio
337 4547 511 4620 timidiores.
539 4553 646 4634 ᾳιιιιιιι
673 4557 821 4620 emesa
840 4573 955 4638 quoque
972 4561 1094 4639 μισῶσι
1115 4564 1244 4636 cocorio,
1271 4559 1454 4623 insonabas
