3196 5250
290 390 355 452 414
390 402 581 446 ntssnararro
596 402 626 444 m
642 402 689 452 on.
705 401 789 446 serr.
805 400 891 446 stoa.
907 399 1102 445 rananuaanr
1115 397 1336 444 urococsncnu
1350 398 1425 452 carr,

292 553 480 634 provideatur
500 569 535 613 ac
553 551 733 614 consulatur.
777 550 918 613 Modestia
939 569 1009 612 vero
1032 569 1048 612 a
1070 549 1161 612 latino
1187 559 1304 612 oratore
1329 550 1370 611 sic
1388 547 1477 609 deiici-

295 649 357 700 tur:
392 637 522 700 Scientr'e
544 655 648 700 aarum
670 655 776 699 rerum
797 655 872 717 quac
894 646 1023 716 operatur
1043 646 1097 698 caat
1119 637 1257 699 &matur
1279 635 1341 698 loco
1358 653 1408 698 aaa
1430 632 1481 694 ccl·

295 723 500 786 locandorum.
543 721 648 803 itaque
675 723 795 784 uidetur
822 722 922 784 cadem
948 724 994 783 cia
1023 722 1140 784 ordinis
1162 730 1192 782 ct
1213 719 1408 782 collocationis
1427 719 1481 797 [erc

293 854 334 872 ..
360 853 367 868 .
392 807 478 868 Sicut
504 807 648 868 modestia
670 805 749 877 baec,
779 823 868 885 mant
888 809 1137 885 interpretamur,
1164 799 1293 876 ut'da'ar',
1321 807 1434 866 anemio
1451 805 1480 862 rit

296 895 534 973 opportunitatis
566 892 743 954 idoneonna
773 891 812 951 cd
844 890 987 969 egendum
1019 900 1184 970 temporum
1216 889 1319 962 (Cicer.
1345 888 1391 950 lib.
1412 885 1482 947 lde

297 977 380 1040 offic.
408 995 437 1056 p.
460 977 532 1040 370.
553 974 606 1036 lia.
628 978 668 1038 47
692 982 721 1036 et
742 979 848 1052 seqq).
892 973 936 1036 Eo
964 981 1062 1036 autem
1093 993 1185 1036 sumu
1212 993 1320 1036 nomon
1346 970 1482 1035 ruodcstitc

295 1069 445 1140 sumptum
467 1059 617 1122 sidetana
639 1058 818 1122 Tertulliano
840 1066 955 1131 nostro,
978 1058 1159 1138 qui'idcirco
1181 1059 1271 1121 mdes
1292 1059 1424 1120 laedones
1442 1075 1482 1115 te·

296 1147 363 1207 titas
386 1163 454 1206 esse
476 1152 634 1222 asseverat,
657 1162 694 1204 ne
717 1143 834 1204 turbato
857 1143 960 1204 ordine
982 1161 1091 1216 rerum,
1122 1143 1187 1205 loco
1211 1153 1242 1203 et
1262 1152 1391 1224 temporo
1409 1158 1481 1220 agea·

296 1231 399 1292 darum
421 1237 471 1290 aut
491 1228 690 1298 dicendarum,
714 1228 813 1288 civitas
837 1228 985 1289 scindatur
1007 1227 1037 1288 in
1059 1237 1170 1308 partes.
1197 1228 1271 1290 Nam
1293 1247 1327 1289 ea
1348 1227 1442 1288 divisio
1459 1241 1484 1284 ac

220 1381 227 1395 ⁴
296 1314 443 1377 dissensio
465 1317 618 1396 inquietat,
641 1313 684 1373 uti
704 1313 843 1392 loquitur,
867 1313 929 1373 sive
951 1313 1103 1392 perturbat
1125 1319 1251 1386 comitio,
1275 1313 1305 1375 id
1325 1322 1483 1390 estgeaera·

295 1400 339 1462 les
362 1399 494 1460 omnium
515 1397 652 1458 ordinum
675 1406 774 1458 coetus
797 1405 827 1458 ct
849 1396 974 1459 covasilio
994 1396 1340 1478 (Tertulliandpologet.
1354 1415 1413 1476 cap.
1427 1397 1485 1468 did,

298 1485 355 1546 hoc
386 1493 434 1544 est
463 1483 580 1543 illorum
612 1491 726 1562 partem
759 1475 973 1560 cortgregatam.
1017 1481 1134 1543 Laelius
1166 1482 1245 1544 enim
1273 1481 1352 1544 Felix
1377 1481 1410 1542 ab
1428 1477 1485 1540 bulo

299 1567 390 1630 Gellio
413 1567 534 1628 citatus:
572 1566 613 1638 Ic,
642 1565 746 1646 inquit,
775 1571 828 1647 qna·
853 1584 915 1628 non
941 1571 1117 1629 numeratam
1135 1565 1294 1647 populant,
1322 1567 1373 1630 scd
1390 1575 1488 1647 pertesi

298 1655 430 1734 aliquant
451 1653 554 1714 adeam
575 1652 663 1722 iubet,
686 1670 748 1714 noc
769 1655 897 1721 comitio,
918 1669 981 1713 aaa
996 1651 1155 1714 condla'uaa
1168 1653 1309 1714 adbibere
1323 1651 1401 1714 iubet
1420 1645 1487 1722 (net

297 1738 348 1799 lib.
370 1737 429 1798 XV.
451 1736 534 1798 Noct.
556 1735 641 1796 ncnc.
664 1754 727 1815 cap.
751 1739 803 1812 7.).
848 1734 959 1796 Turbat
980 1735 1067 1798 etiam
1089 1741 1207 1807 marica,
1238 1737 1346 1816 quibus
1368 1735 1432 1798 οΙίιιι
1449 1749 1487 1792 sa·

299 1822 445 1894 cardeles,
467 1829 500 1885 ut
520 1821 612 1882 Varro
635 1819 773 1883 observat
804 1818 898 1894 (Varr.
922 1819 971 1881 lib.
995 1819 1041 1881 tv.
1065 1820 1101 1882 de
1122 1820 1207 1900 Ling.
1230 1821 1327 1882 Latin.
1347 1838 1409 1901 pag.
1429 1818 1488 1891 bid,
1539 1808 1541 1903 i

298 1925 349 1968 res
371 1904 482 1966 dunas
504 1913 534 1966 et
554 1912 675 1966 senatus
697 1903 839 1966 humanas
861 1904 1010 1978 curabant,
1034 1905 1131 1966 turbat
1157 1911 1315 1969 conciones
1337 1901 1489 1983 sireptbii·

299 2011 348 2052 cas
376 1997 568 2070 patronorum
601 1989 749 2050 orationes
782 1995 812 2048 ct
837 1988 873 2050 ad
901 2007 951 2050 eas
979 1989 1137 2052 audiendas
1164 1990 1320 2052 homiuum
1341 1995 1489 2054 conuentus.

299 2075 426 2154 deniqne
446 2074 545 2135 turbat
565 2073 737 2154 spectaculo
758 2072 934 2135 circensium
955 2073 1138 2154 aliarumque
1158 2075 1297 2138 ludorum
1319 2074 1489 2154 pennarum

299 2161 341 2222 tati
363 2159 450 2238 paulo
472 2166 557 2220 antea
578 2157 757 2220 dicebamus.
1081 2167 1085 2184 ¹

248 2323 254 2336 Ι
383 2244 421 2305 tt
443 2262 476 2306 ea
498 2243 605 2316 omnia,
627 2243 723 2321 pergit
739 2241 948 2314 Tertullianus,
970 2251 1041 2304 tunc
1060 2242 1248 2322 potissimum
1271 2243 1399 2306 timenda
1418 2245 1490 2303 emal
1540 2213 1541 2290 i

301 2349 366 2392 cum
396 2332 457 2391 iam
487 2340 517 2392 ct
545 2331 578 2390 in
609 2339 735 2406 quaestu
764 2327 873 2388 babere
901 2331 1067 2406 cepissent
1093 2327 1228 2390 aenaim
1247 2342 1280 2393 et
1299 2329 1492 2391 amaseae·

301 2414 460 2476 uiolentiae
482 2431 554 2474 auec
576 2429 698 2491 operam
719 2410 853 2485 (Tertull.
869 2411 935 2472 loco
950 2411 1023 2486 cit),
1045 2412 1082 2472 ad
1104 2412 1271 2473 mumadas
1294 2405 1429 2475 adsersus
1449 2409 1491 2468 im·

301 2507 478 2578 pacatorem,
512 2495 756 2575 quemadmodum
785 2495 1058 2568 animadvertimus,
1091 2496 1192 2558 turbas
1220 2505 1309 2577 alque
1342 2496 1491 2560 cadmus.

302 2585 410 2644 Conna
436 2581 517 2643 illum
540 2579 647 2660 quippe
680 2579 823 2642 coniurati
851 2579 925 2642 aiios
948 2580 1080 2660 perditos
1101 2581 1238 2642 homiues
1260 2583 1358 2663 pretio
1379 2601 1411 2643 ac
1428 2593 1491 2640 mer·

302 2668 373 2729 cede
396 2666 425 2726 in
447 2673 545 2745 partes
568 2665 722 2726 trahebant
743 2684 821 2726 suas.

385 2751 463 2812 Nibil
480 2759 578 2812 autam
601 2750 656 2811 tale
679 2750 723 2809 rel
746 2749 814 2829 qnid
837 2749 884 2810 bis
906 2749 1059 2810 minimum
1075 2749 1170 2812 simile
1183 2769 1201 2811 a
1216 2751 1393 2813 idamsfiams
1407 2749 1493 2810 tmen-

302 2837 372 2898 dnm
394 2845 465 2897 erat.
508 2833 608 2896 Primo
631 2833 709 2896 enirn
731 2833 762 2894 in
783 2833 906 2912 publicis
929 2834 991 2895 suis
1013 2835 1171 2913 syrmxibus
1192 2835 1267 2896 nihii
1289 2836 1425 2916 agebatur
1450 2825 1494 2892 uiti

302 2922 383 3002 pium
405 2929 434 2982 et
455 2927 597 2991 sanetum,
620 2927 707 2998 atque
729 2919 778 2992 ibi,
801 2919 877 2980 sicut
897 2917 975 2992 alibi,
1002 2919 1095 2980 ileum
1118 2927 1181 2980 toto
1204 2919 1295 2982 corde
1318 2920 1437 2982 orabant
1452 2929 1494 2994 pra

303 3004 529 3084 inperatoribus
551 3023 585 3066 ac
605 3003 763 3083 tranquillo
785 2997 900 3083 imperii
921 3011 1009 3076 statu,
1031 3021 1087 3084 pre
1109 3004 1172 3066 suis
1194 3004 1323 3068 inimicm
1350 3024 1383 3066 ac
1409 2997 1494 3064 catule

303 3090 442 3151 omnibns
469 3088 555 3161 (lbid.
578 3107 640 3168 cap.
663 3091 739 3164 39.).
782 3089 865 3160 Quae
890 3088 1009 3168 quidem
1035 3087 1134 3150 omnia
1161 3088 1219 3150 iam
1246 3109 1264 3151 a
1291 3090 1379 3151 nobis
1400 3081 1495 3149 abnuit

304 3175 504 3236 demonstrata
526 3181 596 3235 sunt
617 3173 724 3251 (Supra
745 3191 808 3250 cap.
834 3176 882 3235 14.
904 3174 964 3234 Art
988 3175 1018 3237 3.
1041 3181 1071 3234 et
1091 3191 1155 3253 cap.
1177 3177 1229 3236 at.
1250 3175 1313 3236 Art
1339 3179 1389 3250 1.).

301 3249 308 3280 ⁸
387 3257 522 3318 Secundo
544 3257 590 3318 his
612 3255 648 3318 ab
670 3257 750 3317 omni
772 3256 930 3318 ambitione
952 3275 987 3319 ac
1006 3257 1179 3336 dignitatum
1199 3259 1406 3340 bonorumque
1428 3251 1494 3332 tupi·

241 3405 244 3414 ἡ
304 3342 395 3402 ditate
426 3359 549 3418 prorsus
581 3340 818 3412 abhorrentibus,
852 3341 913 3402 siae
940 3351 973 3403 ut
993 3342 1129 3404 Auctoris
1151 3343 1248 3404 noemi
1270 3344 1370 3405 verbis
1390 3350 1495 3404 annu,

304 3426 390 3488 nobis
417 3426 453 3486 ab
477 3429 560 3487 canni
582 3424 699 3503 planiae
725 3438 754 3489 et
777 3426 928 3504 da'qcitutr's
950 3427 1064 3489 ardore
1082 3427 1265 3506 impenditis
1287 3428 1378 3490 nulle
1398 3437 1439 3488 ctt
1456 3437 1497 3482 nt·

305 3513 428 3573 cessitas
450 3520 552 3572 coctus
573 3509 757 3580 (Tertullian,
779 3508 873 3586 ibid),
894 3509 925 3570 id
947 3518 993 3571 est
1012 3511 1230 3573 utmsmoratis
1245 3513 1429 3575 ethnicorum
1441 3523 1495 3568 coe

304 3595 383 3656 tibus
405 3593 587 3666 intersimus,
616 3592 666 3654 ubi
689 3593 854 3672 dignitates,
883 3593 1071 3673 magistratus
1093 3605 1125 3657 et
1144 3597 1292 3659 honorum
1314 3596 1438 3677 iusignia
1455 3607 1495 3650 ut·

304 3679 381 3760 pidis
403 3677 626 3756 ambitioneque
649 3678 737 3739 tribui
759 3678 903 3740 solebant
938 3679 981 3742 nd
1003 3680 1076 3742 baec
1096 3699 1176 3753 vero,
1199 3681 1235 3742 ab
1256 3682 1372 3744 actibus
1392 3671 1496 3760 publicis

305 3764 390 3827 aliern
412 3781 500 3826 unam
522 3763 671 3824 dumtaxat
691 3763 876 3842 agnoscimus
899 3764 1031 3826 omnium
1053 3765 1205 3828 bominum
1227 3766 1444 3847 rempublicam,
1462 3756 1495 3818 ti·

305 3849 411 3912 delicet
441 3847 594 3921 muudum,
624 3865 712 3927 quem
742 3847 929 3927 tranquillum
960 3858 990 3910 et
1015 3857 1148 3928 pacauam
1177 3859 1325 3930 mamus.
1367 3851 1401 3912 ba
1428 3857 1497 3910 uuam

60 3983 61 3990 ,
306 3935 395 4014 igitur
415 3940 528 4014 partem
550 3951 611 3994 non
632 3933 724 4012 magis
746 3932 875 3994 inclinati
896 3951 984 4012 quam
1005 3933 1125 3996 alteram
1152 3935 1259 4014 procui
1286 3935 1324 3998 ab
1345 3934 1426 3997 omri
1445 3945 1496 3989 ⁰¹¹¹·

170 4066 173 4079 .
306 4021 377 4080 nino
398 4017 576 4091 turbulenta,
598 4017 738 4079 seditiosa
760 4026 789 4079 ot
810 4017 910 4080 illicita
931 4017 1056 4080 landone
1079 4019 1232 4082 absumus.

389 4103 544 4166 Praeterea
566 4101 721 4164 Christiani
742 4103 856 4181 publica
879 4103 1062 4165 ethnicorum
1082 4105 1257 4184 spectacula,
1279 4123 1355 4184 quae
1375 4106 1496 4180 anquen-

307 4186 422 4248 tissima
442 4187 599 4250 damonum
620 4187 807 4250 incitamenta
828 4195 920 4260 eraut,
942 4187 1029 4267 plane
1049 4189 1224 4269 penitusque
1243 4189 1396 4268 lbgiebant
1416 4182 1496 4248 etde·

308 4270 499 4334 testabantur.
542 4272 609 4334 Noa
636 4271 720 4334 aliam
747 4272 855 4352 quippe
879 4271 928 4334 iiia
956 4271 1065 4334 babent
1085 4273 1237 4352 originem,
1261 4273 1325 4336 nisi
1346 4273 1383 4335 dc
1403 4281 1497 4350 super

309 4360 439 4427 att‘ta'one,
465 4357 508 4417 uti
536 4357 584 4430 ait,
613 4357 675 4420 sire
701 4357 792 4437 impio
820 4356 959 4418 falsorum
980 4358 1137 4420 numinum
1157 4357 1246 4433 cultu,
1273 4359 1351 4422 nnat
1370 4356 1426 4418 alio
1443 4353 1498 4430 ittet

309 4439 339 4500 in
366 4438 442 4500 libro
470 4439 563 4502 insius
590 4450 621 4502 et
647 4442 814 4521 singulatim
834 4441 1028 4503 demonstrat
1071 4443 1160 4504 Recte
1180 4461 1252 4522 ergo
1274 4443 1304 4504 ia
1325 4436 1498 4522 tpatcgutn

309 4540 365 4584 saro
387 4524 462 4584 banc
480 4523 550 4584 inde
572 4525 649 4587 elicit
669 4527 902 4588 conclusionem:
925 4525 1009 4588 ,latit
1029 4539 1074 4590 cst
1087 4529 1171 4610 ncbq's
1198 4530 1286 4599 dant,
1307 4531 1388 4598 aba,
1403 4521 1498 4586 audit

309 4627 376 4672 caan
401 4611 521 4672 ituenda
547 4611 631 4680 circi,
661 4628 726 4672 cuna
752 4612 937 4691 impudicitia
964 4611 1085 4684 tbectn',
1113 4631 1181 4676 cum
1204 4617 1368 4678 atrociora
1394 4617 1498 4672 armet
