3114 5240
259 405 260 412 ι
390 423 393 436 .
482 393 615 440 naerens
636 394 694 439 ιιιι.
717 395 755 440 ιι
776 393 902 440 noum.
1240 379 1300 442 lli

94 545 236 624 pateieeit,
257 543 414 625 prodibat
445 545 591 626 Numquid
612 545 729 625 ipsimet
750 544 932 608 Christiani?
967 545 1027 608 Sed
1048 563 1164 608 suurmo
1187 542 1304 606 silentio

95 649 143 692 ιιι
164 629 308 709 mysteria
328 629 465 710 tegebant
495 647 550 692 noe
570 639 708 709 poterant
728 639 787 692 tam
808 631 954 694 horrenda
976 631 1108 704 erimina,
1141 629 1167 690 si
1189 627 1305 690 illorum

95 714 202 777 museii
224 714 360 787 luissent,
383 714 447 776 siue
469 715 572 794 ospitis
594 715 724 794 periculo
745 716 882 796 prodere.
916 715 1061 794 Numquid
1073 711 1221 794 gentiles?
1248 712 1304 774 lli-

95 799 169 860 nime
198 798 329 878 quidem.
374 797 511 872 Quamvis
541 800 618 861 enim
641 801 823 862 Christianos
851 801 881 861 in
910 799 973 862 suis
997 799 1153 879 synaxibus
1175 797 1306 878 quotidie

95 883 275 955 obsiderent,
297 901 385 945 nemo
408 893 503 946 ιιιιιιιι
525 883 597 946 haee
618 885 850 964 deprehendisse
872 903 927 946 nee
949 883 1025 946 ullus
1041 883 1218 946 domesticus
1233 899 1304 961 pre-

95 970 132 1030 tio
154 977 314 1046 corruptus
336 987 370 1030 se
391 977 441 1030 aut
461 969 569 1031 vidisse
591 976 641 1030 sut
661 969 801 1031 celavisse
821 987 948 1048 uuquam
970 969 1142 1030 testitieatus
1164 976 1221 1030 est.

174 1052 332 1114 Praeterea
355 1052 511 1116 Christiani
539 1054 734 1116 sectatoribus
757 1054 819 1116 suis
840 1053 920 1133 leges
943 1053 1051 1115 Christi
1074 1051 1175 1114 sedulo
1198 1051 1305 1114 obser-

97 1137 228 1198 mutibus
250 1137 462 1216 pollioebautur
483 1147 632 1200 aeternum
653 1137 829 1200 l'elieitatem.
857 1139 895 1200 nt
909 1138 965 1212 die,
988 1155 1109 1217 quaeso,
1132 1145 1230 1198 utrum
1244 1153 1305 1196 nou

96 1220 197 1283 insano
225 1221 343 1302 penitrrs
371 1221 484 1284 homini
511 1223 648 1284 credibile
675 1224 725 1284 bat
745 1223 823 1284 illam
844 1223 997 1302 aliquando
1018 1223 1194 1301 promissam
1215 1221 1307 1282 luisse

95 1307 139 1379 iis,
161 1306 213 1385 qui
234 1313 316 1368 muta
337 1306 447 1368 scelera
467 1306 719 1386 perpetrassenti·
743 1305 837 1369 Nemo
859 1307 944 1370 etiam
966 1307 1093 1385 gentilis,
1115 1306 1161 1366 vel
1182 1305 1305 1368 minimo

94 1390 285 1452 brunanitatis
306 1408 396 1454 seusu
416 1392 575 1471 praeditus,
598 1409 632 1454 ea
652 1400 822 1471 perpetrare
843 1409 933 1454 ausus
946 1409 1075 1470 unquam
1089 1389 1306 1468 luissetCrsso

95 1493 148 1536 ιιι
167 1474 221 1538 ulli
244 1475 413 1548 Christiani,
436 1494 561 1555 quorum
583 1477 685 1538 eadem
707 1495 740 1538 ae
761 1487 927 1539 ceterorum
948 1475 1101 1537 bominum
1116 1483 1229 1548 ustura,
1251 1489 1307 1536 nee

95 1559 289 1640 cynopennae
312 1567 396 1622 erant
417 1579 472 1621 nee
493 1561 651 1639 Soispodes
673 1579 728 1623 nee
749 1559 903 1640 antipodes
926 1563 999 1639 (esp.
1024 1563 1076 1636 7.).
1140 1585 1147 1602 ·

177 1645 252 1717 Quis
274 1653 373 1724 autem
393 1663 454 1706 uon
475 1646 569 1708 rideat
583 1645 726 1720 ethnioes,
750 1646 799 1724 qui
812 1645 935 1706 ridiualo
950 1644 1044 1725 pueri,
1067 1662 1083 1704 ι
1097 1652 1178 1705 muta
1192 1642 1307 1704 ιιιιιιιιι

95 1730 206 1792 edocui
226 1730 383 1808 primoque
404 1730 484 1791 rosis
506 1749 580 1792 sono
602 1733 729 1812 dimoc
736 1729 964 1809 pronuntiantis,
986 1736 1151 1790 commento
1180 1727 1307 1807 probare

96 1813 310 1876 mutendebsnt
331 1813 515 1876 Christianos
536 1815 699 1895 Phrygibus
715 1814 844 1910 aliisque
871 1813 1040 1877 nationibus
1067 1831 1136 1874 esse
1158 1811 1305 1892 posterio-

98 1897 172 1960 res‘l
215 1898 287 1972 Quis
318 1897 396 1960 enim
425 1899 538 1960 neseiat
566 1889 753 1962 obristisna'm
780 1907 905 1979 gentem,
935 1917 1011 1979 quse
1032 1918 1049 1960 a
1069 1897 1186 1960 ludaeis
1208 1905 1306 1958 ortum

101 1982 188 2054 druit,
210 2001 273 2046 esse
296 1983 403 2045 ceteris
424 1983 642 2063 antiquiorem?
685 1984 825 2057 Quamvis
847 1992 943 2046 autem
965 1983 1029 2046 aliis
1051 1983 1198 2044 recentior
1219 1983 1305 2054 leret,

96 2066 178 2130 tertia
197 2077 297 2130 umen
318 2076 390 2148 post
409 2067 537 2130 Graeoos
560 2077 589 2130 et
609 2069 759 2130 Romanos
782 2069 862 2131 natio
884 2067 1135 2132 inhumanissimis
1157 2065 1305 2146 supersti

94 2151 222 2214 tionibus
244 2152 360 2214 addiota
380 2171 441 2214 uon
463 2161 526 2214 erat
550 2156 626 2232 (esp.
649 2157 702 2229 8.).

175 2237 329 2299 lustabant
357 2237 475 2309 ethuici,
515 2237 697 2300 Christianos
725 2237 763 2298 ob
791 2238 915 2299 deorum
947 2245 1147 2318 contemptum
1176 2235 1306 2298 omnium

98 2321 218 2383 dadium
240 2341 307 2384 esse
328 2330 474 2395 auctores,
496 2331 581 2400 atque
603 2322 712 2384 ideireo
734 2321 973 2384 exterminandos
992 2326 1067 2420 (esp.
1089 2325 1142 2398 a..)
1173 2320 1231 2382 Sed
1253 2339 1306 2382 rs-

99 2406 147 2468 riis
162 2405 362 2468 Tertullianus
386 2406 526 2485 exemplis
538 2407 720 2468 demonstrat
730 2408 872 2467 mundum
888 2406 1068 2484 gravissimis
1084 2405 1305 2469 calamitatibus.

99 2490 137 2551 ιιι
157 2509 300 2570 aquarum
322 2491 573 2563 inundationibus,
595 2493 668 2570 igne
684 2492 801 2552 caelesti
823 2510 857 2553 ae
878 2491 1004 2569 generali
1026 2491 1134 2581 diluvio
1149 2487 1306 2570 perturba-

102 2583 155 2636 tum
176 2575 372 2654 obrutumque
393 2575 495 2648 luisse,
517 2585 670 2656 autequam
691 2576 809 2656 ipsimet
830 2576 938 2637 ethnici
960 2576 1032 2636 dees
1058 2593 1129 2636 suos
1144 2575 1306 2641 libuissent.

17 2695 19 2700 ·
102 2659 286 2722 rotundatas
306 2667 409 2722 esseut
435 2661 533 2733 urbes,
561 2661 592 2722 in
619 2659 724 2758 quibus
751 2660 822 2734 nati,
855 2660 1027 2722 commorati
1050 2670 1080 2720 et
1100 2659 1207 2736 sepulti
1228 2668 1306 2720 sunt.
1366 2703 1370 2711 .

102 2743 173 2816 Quid
199 2762 281 2817 vero,
308 2744 387 2822 quod
408 2753 511 2822 postea
532 2745 563 2807 hi
586 2745 684 2806 eximii
705 2744 745 2806 dii
768 2763 828 2805 non
848 2750 1008 2822 potuerunt
1030 2743 1066 2804 ab
1088 2741 1152 2804 aliis
1177 2743 1306 2804 cladibus

102 2847 167 2890 suos
188 2829 307 2908 eripere
328 2827 479 2891 cultores?

178 2913 313 2976 Secunda
335 2913 422 2975 buius
442 2913 509 2975 libm'
531 2913 561 2974 in
583 2921 666 2991 parte
679 2915 788 2972 Auctor
808 2918 911 2972 noster
931 2911 1062 2972 ostendit
1075 2909 1219 2988 ipsosmet
1233 2928 1307 2988 gen-

104 2998 163 3058 tiles'
190 2997 351 3060 eorundem
380 2998 533 3060 eriminum
562 3015 629 3058 esse
659 2995 805 3068 conscios,
834 3013 957 3073 quorum
980 2994 1162 3056 Christianos
1185 3011 1307 3072 arguere

104 3083 204 3144 hesua
230 3082 420 3144 sonabantur.
464 3081 537 3143 llam
565 3081 596 3141 bi
624 3079 673 3159 qui
701 3079 848 3158 antiquos,
877 3079 929 3140 sed
957 3078 1065 3158 impios
1085 3077 1160 3139 riurs
1183 3097 1199 3139 a
1221 3077 1307 3140 Chri·

108 3167 197 3230 st'ranis
224 3167 395 3246 repudiatos
423 3166 570 3228 immerito
598 3165 804 3245 querebantur,
831 3163 872 3224 illi
901 3163 960 3243 ipsi
981 3183 998 3224 a
1020 3163 1165 3226 maiorum
1187 3179 1307 3225 suorum

110 3248 216 3328 lequ,
247 3251 399 3324 institutis,
427 3251 560 3312 moribus
588 3250 771 3312 desoirerant
796 3248 886 3324 cultu,
913 3249 992 3310 rictu
1014 3248 1137 3328 ipsoque
1159 3265 1308 3323 sermone,

110 3352 299 3416 nonunquam
321 3337 392 3398 satis
413 3355 429 3397 a
451 3355 484 3398 se
504 3335 634 3398 laudatas
655 3335 818 3397 reieoerant
838 3341 1007 3396 vetustates.

180 3421 292 3483 lleirl'de
312 3439 383 3482 rere
406 3420 562 3482 Christiani
583 3421 667 3494 deos,
689 3437 764 3498 quos
785 3417 881 3480 nullos
903 3437 969 3480 esse
991 3426 1141 3486 noverant,
1174 3426 1307 3480 contem-

110 3521 171 3566 nere
189 3524 251 3568 non
271 3498 448 3585 potuerunt'
471 3505 585 3566 Ethniei
606 3523 676 3566 rere
698 3521 772 3583 quos
794 3521 880 3565 veros
914 3521 982 3566 esse
1003 3521 1037 3566 ac
1058 3523 1091 3565 se
1113 3503 1211 3564 colere
1233 3521 1308 3564 ven·

109 3588 235 3665 ditabant,
266 3589 384 3670 penitus
406 3589 667 3668 adspernabantur.
709 3588 846 3650 Pluribus
868 3588 1014 3667 siquidem
1036 3589 1144 3668 spretis
1167 3597 1196 3648 ιι
1215 3605 1307 3665 repu-

110 3671 194 3749 diatis,
217 3675 361 3753 quosdam
383 3682 493 3736 tanturn
516 3693 532 3735 a
552 3693 588 3736 se
608 3674 734 3736 selectos
755 3671 948 3735 honorabant.
992 3673 1097 3734 Nonne
1125 3671 1211 3732 etiam
1234 3687 1307 3730 eon·
1371 3692 1375 3700 ·

111 3760 252 3822 tuoeliose
274 3779 291 3820 a
313 3768 418 3822 senatu
440 3759 524 3820 eiecti
546 3767 615 3821 sunt
636 3760 709 3821 deus
731 3757 889 3830 Alburnus,
911 3757 1011 3828 Liber,
1034 3755 1167 3834 Serapis
1190 3753 1307 3850 Harpe-

111 3851 201 3918 uates,
222 3843 337 3906 Anubis
368 3852 398 3904 ιι
430 3851 542 3905 statuae
575 3843 691 3904 illorum
724 3839 894 3903 eversae?
909 3841 986 3914 Quid
1016 3841 1072 3902 diis
1101 3838 1195 3899 adhue
1216 3837 1308 3915 magis

112 3925 283 4004 iniuriosum,
316 3946 402 4026 quam
435 3929 499 3990 sine
531 3927 787 3990 senatusconsulto
819 3945 871 3988 eos
898 3926 954 3988 ooli
982 3942 1044 3986 non
1072 3919 1187 4002 pessel
1231 3921 1308 3995 Quid

113 4013 191 4092 mayp's
221 4012 470 4092 ignominiosum,
506 4031 592 4091 quam
624 4031 641 4072 a
670 4011 784 4090 privato
817 4010 947 4089 quolibet
980 4008 1098 4070 bomine
1131 4006 1308 4068 domesticos

113 4093 245 4176 pignorari
278 4099 362 4170 deos,
393 4097 528 4177 publicos
559 4114 629 4158 vero
661 4097 692 4156 in
722 4095 851 4158 hastario
873 4091 1039 4156 venditari?
1083 4090 1160 4164 Quid
1180 4091 1308 4170 turpius,
1418 4155 1419 4158 ,

115 4197 185 4278 quam
205 4201 260 4262 pro
283 4181 384 4261 templi
406 4181 481 4256 solo,
503 4181 592 4254 aditu,
615 4179 776 4261 stipitibus,
799 4179 883 4240 ostiis
905 4179 980 4256 erigi
972 4174 1183 4238 meroedemi
1226 4176 1308 4249 Quae

114 4265 193 4327 muer
213 4268 338 4346 deorum
357 4267 486 4340 infamia,
508 4285 595 4345 mam
617 4283 718 4327 senem
741 4265 771 4325 ιι
786 4265 922 4335 Saturno,
944 4261 1128 4324 imberbem'
1121 4279 1151 4322 ιι
1165 4260 1308 4340 Apolline,

114 4345 138 4408 in
160 4350 247 4414 llarte
271 4337 405 4426 militem,
433 4351 464 4413 in
486 4351 613 4413 Vulcano
641 4349 756 4412 labrum
784 4347 959 4421 consecrari,
984 4365 1070 4425 quam
1098 4346 1153 4408 diis
1175 4345 1308 4408 maximis

113 4436 242 4532 ιιιιιιιιιιΙ
267 4438 365 4498 faeere
391 4445 526 4498 mortuos
554 4434 699 4506 homines,
733 4451 818 4512 quam
840 4432 947 4511 punire
967 4449 1021 4511 per
1041 4431 1123 4506 deos,
1156 4449 1215 4491 non
1238 4447 1308 4492 vero

113 4533 158 4593 per
181 4522 297 4618 genium
325 4520 456 4582 Caesaris
482 4520 657 4592 deierantes,
685 4537 772 4598 quam
802 4515 945 4596 pessimas
972 4535 1100 4597 quasque
1127 4515 1309 4577 victimarum

114 4613 199 4676 partes
219 4605 255 4668 iis
277 4603 466 4670 sacrificare?
494 4605 573 4680 Quid
594 4604 713 4670 taudem
733 4602 857 4666 deorum
870 4600 1023 4731 maiestate
1037 4601 1130 4682 magis
1144 4599 1308 4678 indignum,
