3082 5238
456 403 591 450 rccaoaa
613 403 655 448 ro.
677 405 745 450 aua.
766 404 929 451 noessser.
1004 447 1007 452 A
1239 395 1303 462 587

81 553 267 616 Christianos
290 553 459 617 inimicitiae
480 555 669 634 pariantur·,
703 563 733 618 et
760 555 840 635 quod
868 575 934 618 cum
957 557 1096 619 Caracalli
1118 561 1304 640 temporibus

76 639 160 714 haec,
182 657 256 730 quae
279 637 476 710 traditasunt
498 641 655 700 innostro
677 639 786 712 libello,
809 639 921 720 optime
943 642 1140 704 consentiant.
1169 643 1301 708 Tametsi

77 723 156 784 enim
176 741 240 783 non
262 721 302 782 sit
323 722 488 784 certissime
510 723 705 802 exploratum,
729 740 787 802 quo
809 741 887 784 anno
909 723 983 786 baec
997 723 1231 788 Christianorum
1245 728 1300 790 de-

75 805 175 867 fensio
198 806 345 868 elaborata
368 807 423 877 sit,
446 813 544 868 umen
566 807 681 867 ratione
703 806 828 886 quadam
850 807 1007 885 probabili,
1030 816 1063 870 ut
1085 815 1133 870 est
1146 809 1177 870 in
1191 811 1242 872 tali
1257 831 1299 885 re,

73 889 799 1053 tid,tradididit{adtulit}
825 908 869 1036 :t
887 909 978 1036 titt
997 891 1144 1055 :litte
1167 894 1301 1042 butt

75 1061 115 1129 (c.
139 1061 170 1122 3.
193 1077 224 1136 p.
247 1059 297 1122 86.
320 1057 379 1134 0.),
402 1057 568 1118 Antoninus
590 1056 731 1119 Lalovera
754 1058 887 1124 asseruit,
902 1078 928 1121 a.
952 1059 1072 1134 CCX.¹’;
1098 1061 1145 1121 cui
1167 1063 1300 1140 quamvis

74 1141 285 1203 Tillemontius
307 1142 430 1202 resistat
451 1160 498 1213 eo,
521 1140 600 1220 quod
615 1140 814 1204 Tertullianus
836 1141 932 1205 solem
953 1143 1060 1205 dixerit
1080 1163 1143 1207 aaa
1161 1151 1301 1224 potuisse
1338 1140 1346 1150 “

75 1227 133 1288 hoc
155 1245 193 1288 aa
216 1227 374 1288 ordinario
397 1225 524 1306 deliquio
543 1229 619 1305 poti,
643 1243 708 1286 cem
729 1225 829 1304 suerit
849 1230 882 1288 in
904 1245 959 1289 seo
976 1228 1151 1308 hypsomate
1169 1234 1299 1308 positos,

74 1318 175 1370 tamm
196 1309 276 1370 bunc
298 1307 434 1388 Septimii
456 1307 679 1388 argumentandi
699 1310 837 1382 modum,
871 1311 920 1388 qui
949 1312 1048 1374 omnia
1078 1312 1160 1373 novit
1181 1313 1300 1393 saepius

73 1394 176 1472 inepta
198 1392 271 1454 satis
295 1392 325 1452 in
348 1411 412 1452 rem
435 1411 518 1453 suam
541 1400 732 1466 convenere,
755 1393 924 1455 iamdudum
946 1395 1051 1457 derisit
1072 1396 1176 1456 barum
1198 1415 1298 1458 rerum

73 1477 278 1556 peritissimus
302 1475 433 1555 Scaliger
442 1487 463 1536 ⁰.
508 1475 620 1536 Deinde
642 1494 708 1536 cum
730 1477 840 1538 nullam
868 1495 996 1557 uuquam
1017 1480 1112 1559 legem
1134 1479 1299 1548 Caracallus

73 1560 176 1622 tulerit
201 1561 343 1621 adversus
372 1557 573 1631 Christianos,
613 1567 732 1638 oportet
759 1562 892 1640 prolecto
926 1563 980 1624 bas
1008 1562 1186 1624 calamitates
1214 1563 1251 1623 iis
1282 1581 1299 1624 a

74 1643 201 1724 Scapula
223 1644 350 1704 inllictas
371 1642 509 1722 reliquias
533 1642 709 1704 Seuerianae
732 1643 912 1706 crudelitatis
934 1646 1036 1720 luisse,
1064 1665 1139 1726 quae
1160 1653 1223 1708 ttrm
1244 1665 1300 1727 ps·

73 1729 155 1789 nitus
178 1729 322 1788 extinctae
343 1727 488 1800 videntur,
512 1745 579 1788 cum
602 1727 777 1800 Caracallus,
800 1728 957 1807 imperium
980 1729 1037 1790 sibi
1060 1731 1299 1803 confirmaturus,

76 1813 108 1872 iu
138 1811 258 1872 exilium
287 1810 399 1872 missos
427 1809 625 1872 revocasset&
671 1811 758 1883 Quod
788 1831 854 1874 cum
882 1813 984 1875 lecerit
1011 1813 1098 1892 paulo
1121 1821 1192 1894 post
1212 1831 1300 1893 quam

78 1897 183 1956 Getam
205 1895 325 1956 fratrem
347 1895 402 1956 sub
424 1895 540 1957 initium
563 1914 589 1955 a.
614 1894 723 1955 CCllll.
742 1894 941 1968 substulerat‚
974 1916 1035 1959 non
1058 1898 1157 1977 inepte
1179 1897 1209 1958 id
1232 1897 1300 1976 quai-¹

76 1980 146 2041 dom
168 1977 301 2052 dicimus,
324 1977 477 2058 Scapulam
500 1999 526 2040 a.
550 1977 645 2040 CCXI.
668 1979 811 2040 adversus
834 1979 1019 2042 Christianos
1042 1982 1150 2060 egisse.

78 2333 116 2375 ult
133 2333 227 2374 arants
244 2333 439 2376 rsurdtttaa'r
451 2333 572 2423 Qb'owll
582 2333 638 2375 vet.
649 2333 740 2375 teras
753 2333 809 2376 vnn
820 2333 967 2376 nocrnttta
978 2333 1034 2375 vst
1050 2333 1184 2384 UTRAQUE
1196 2333 1301 2379 barad.

595 2569 625 2641 s.
650 2563 781 2626 xxuu.
861 2511 869 2518 ’

161 2681 263 2744 Tertia
285 2681 357 2743 baec
378 2681 539 2760 disputatio
561 2682 650 2743 linem
678 2681 765 2741 faciet
794 2681 1044 2753 exercitationum,
1073 2699 1147 2759 quas
1169 2679 1301 2740 institui-

72 2785 143 2828 mus
159 2765 422 2844 Septimianarum3
444 2765 475 2825 in
498 2763 605 2843 quibus
628 2783 693 2826 mm
716 2764 857 2827 hactenus
878 2765 1046 2843 pertractati
1070 2765 1132 2825 siut
1151 2762 1202 2824 isti
1223 2762 1300 2835 libri,

73 2868 202 2929 quorum
225 2858 255 2911 et
275 2857 355 2912 aetas
379 2857 408 2910 et
430 2849 564 2910 doctrina
592 2854 709 2926 poterat
737 2856 816 2909 certa
844 2849 967 2926 quadam
990 2847 1036 2907 via
1059 2855 1089 2906 et
1109 2845 1225 2906 ratione
1246 2846 1300 2906 dc·

75 2933 254 3006 monstrari,
282 2951 362 2994 nunc
388 2939 509 3010 oportet
538 2930 644 2992 subiici
667 2940 793 3004 ceteros,
819 2931 870 3010 qui
892 2938 1017 2992 aetatem
1040 2948 1122 2991 suam
1145 2928 1302 2990 nonsatis

76 3017 198 3078 delinito
219 3016 359 3095 produnt,
388 3016 441 3076 sed
470 3014 604 3076 doctrina
634 3023 815 3076 tamennon
839 3023 884 3078 est
905 3012 1062 3076 admodum
1086 3011 1220 3087 obscura,
1243 3011 1301 3072 nisi

75 3102 108 3162 in
131 3100 307 3180 quibusdam
328 3099 440 3177 paucis,
464 3098 513 3177 qui
535 3098 693 3177 ancipitem
721 3097 831 3159 babere
859 3099 983 3159 lormam
1012 3097 1157 3157 videntur.
1200 3096 1302 3174 ltaque

74 3184 205 3264 primum
227 3184 295 3246 illos
319 3181 511 3244 excitabimus
533 3189 627 3244 aetate
655 3181 796 3255 maiores,
826 3181 877 3259 qui
900 3180 1113 3243 Terbdbauum
1143 3178 1303 3241 ostendunt

74 3269 209 3330 nondum
231 3267 317 3347 plane
339 3267 585 3328 Montanistarum
607 3264 741 3346 partibus
765 3265 931 3339 addictum3
964 3264 1070 3326 deinde
1092 3282 1160 3337 eos,
1194 3261 1302 3344 quibus

75 3361 164 3414 notae
193 3351 383 3414 Moumusimi
410 3369 471 3411 uon
503 3359 573 3412 sunt
603 3351 708 3412 leviter
740 3350 919 3429 impressam
954 3355 1106 3429 postremo
1140 3348 1218 3420 hos,
1252 3345 1300 3425 qui

75 3438 217 3498 lectorem
244 3436 396 3497 dimittunt
424 3434 627 3507 dubitantem„
650 3433 776 3496 fueritne
802 3433 1001 3495 Tertullianus
1032 3440 1106 3506 tum,
1139 3449 1206 3494 cum
1235 3431 1302 3492 illos
1370 3497 1375 3504 ,

58 3521 295 3602 perscriberet,
324 3540 340 3581 a
369 3519 519 3581 communi
547 3518 669 3580 ecelesia
700 3519 852 3581 seiunctus
881 3536 984 3580 necne.
1039 3517 1092 3579 Cui
1121 3515 1228 3596 triplici
1263 3513 1302 3574 li-

74 3605 199 3666 brorum
222 3604 471 3683 Septimiauorum
499 3603 599 3682 generi
627 3621 694 3664 cum
724 3603 854 3665 dicamus
882 3610 1007 3664 aetatem
1031 3601 1124 3663 asseri
1146 3617 1207 3660 uon
1230 3597 1302 3658 satis

76 3698 156 3751 certe
178 3707 280 3767 posse,
303 3707 363 3749 uon
385 3686 522 3748 volumus
544 3687 574 3747 id
596 3686 725 3765 quidem,
756 3705 884 3766 prorsus
910 3685 1041 3765 ignorari
1064 3689 1189 3745 aetatem
1210 3679 1302 3740 cuivis

75 3773 262 3834 tribuendam
285 3772 354 3846 (erit
376 3771 455 3832 euim
477 3769 565 3831 etiam
588 3770 667 3848 quod
689 3769 884 3847 probabiliter
902 3769 940 3830 de
955 3770 1010 3830 bac
1024 3765 1169 3844 disputari
1184 3761 1303 3844 possit),

76 3858 132 3919 sed
168 3861 302 3918 aceruate
333 3856 431 3933 ipsum
463 3871 573 3914 annum
611 3853 789 3931 scriptorum
820 3851 964 3913 librorum
993 3849 1114 3913 deliniri
1137 3863 1239 3927 posse,
1273 3843 1304 3906 id

77 3939 198 4020 quidem
220 3937 360 4000 audemus
383 3956 492 4018 negare
514 3943 683 4016 propterea,
715 3937 794 4014 quod
822 3935 919 3996 nullae
948 3933 1038 3994 iniis
1062 3938 1132 3992 sunt
1154 3927 1302 4008 siguifica-

75 4023 177 4085 tiones
207 4029 313 4096 certae,
347 4041 422 4102 quae
450 4021 591 4082 vindicari
620 4027 701 4081 certo
731 4019 859 4098 quodam
880 4037 915 4080 ac
936 4015 1055 4079 delinito
1077 4031 1154 4076 anno
1176 4011 1304 4092 possint.

77 4106 138 4170 Sed
161 4107 197 4168 ad
219 4107 406 4186 propositum
427 4105 591 4167 veniamus.
1209 4130 1215 4148 ι

113 4257 133 4291 a.
153 4241 205 4291 lloa
221 4241 281 4292 satis
298 4239 571 4302 adsersuaScaligernm
590 4237 663 4288 alios·
718 4251 813 4286 morum
837 4236 966 4298 Martyrum
985 4232 1099 4282 Sinceris.
1128 4232 1166 4282 etl.
1183 4229 1303 4282 lmstelo-

77 4324 126 4376 qus
144 4309 252 4358 deleadit
269 4310 334 4358 Sam.
352 4308 485 4370 basnagius
509 4307 563 4357 loco
582 4306 621 4356 eit.
640 4320 664 4369 p.
719 4305 774 4354 darn
791 4318 818 4367 p.
837 4301 895 4353 119.

78 4376 138 4429 rte.
158 4383 207 4426 not.
227 4375 266 4424 11.
753 4386 773 4420 c.
792 4371 820 4420 ln
838 4367 1001 4418 animadvers.
1020 4365 1157 4416 adllusebii
1172 4363 1304 4415 chronicon
1370 4371 1375 4376 ·

111 4444 136 4494 b.
162 4444 190 4494 ln
214 4443 285 4507 epist.
312 4441 343 4492 ad
367 4440 402 4491 lo.
425 4439 568 4492 Bassaniam
592 4453 665 4504 qnam
717 4451 742 4502 p.
762 4437 804 4489 to.

76 4512 151 4571 edidit
168 4511 232 4562 Petr.
240 4509 357 4560 Porsinae
374 4509 399 4558 in
416 4509 481 4558 notis
498 4507 528 4557 ad
539 4508 595 4557 lata
606 4507 665 4558 Par·
751 4504 775 4555 d.
802 4504 827 4554 l.
853 4501 956 4554 Dianam
983 4499 1093 4552 Cassiam
1126 4500 1168 4551 lib.
1195 4495 1301 4548 blllll.

75 4588 164 4645 petrae
183 4587 206 4629 et
216 4577 349 4628 Felicitatis
367 4577 390 4626 in
409 4575 517 4626 Ruinarti
530 4574 594 4625 lctis
611 4574 664 4624 Pri·
717 4587 738 4623 ε.
756 4570 781 4622 h.
