3036 5230
523 421 658 466 sooroae
679 383 740 466 ion.
762 423 848 466 rara.
1238 414 1299 476 727

33 594 39 602 ·
81 567 279 632 Tertullianus
300 567 458 630 Miltiadem
487 569 615 654 appellet
641 571 764 650 eiusque
785 571 977 634 honorificam
1004 575 1091 638 iaciat
1105 579 1301 654 mentionem,

13 649 39 690 '³²
79 651 326 731 quem-Eusebius
348 662 451 713 auctor
471 653 511 714 sit
532 662 634 714 contra
656 655 751 733 ipsam
766 656 896 719 Montani
911 659 1096 737 prophetiam
1118 679 1193 739 opus
1216 681 1302 726 como

23 767 39 776 -
81 735 245 816 posuisse?
281 735 323 796 nd
347 735 422 798 banc
443 737 648 814 quaestionem
671 739 783 817 optime
804 739 919 801 ridetur
941 741 1031 802 altera
1053 745 1227 822 quaestione
1248 766 1299 809 re·

13 837 27 846 ‚„
81 819 225 899 sponderi
245 837 347 897 posse.
390 818 496 881 Nonne
518 819 675 882 labricator
696 821 840 885 librorum
855 823 1027 886 Tertulliani
1049 827 1162 888 nomini
1185 846 1299 910 sappo·

79 905 205 965 sitorum
232 903 321 964 talem
348 902 563 967 inconstantiae
590 905 720 984 speciem
748 907 866 969 curiose
896 909 1040 970 vitaturus
1068 909 1197 972 luisset?
1240 913 1300 976 Res

26 1027 31 1037 ·
80 987 145 1064 ipsa
167 1005 234 1048 oum
256 986 381 1046 historia
402 1005 437 1048 ac
451 987 623 1050 Tertulliani
644 989 774 1067 ingenio,
797 991 876 1068 quod
898 992 1017 1070 quidem
1039 993 1161 1055 eseias
1183 995 1301 1074 seriptis

24 1114 29 1122 .
80 1070 176 1148 colligi
200 1077 296 1149 queat,
319 1069 490 1148 planissime
511 1071 627 1134 ridetur
648 1073 798 1135 enuntiari
818 1092 919 1152 posse,
942 1076 1088 1154 siquidem
1115 1076 1141 1138 is
1170 1096 1206 1139 eo
1233 1079 1299 1158 ipso

80 1161 237 1232 tenrporer
269 1171 328 1232 quo
350 1153 523 1216 Montanum
551 1155 693 1218 adversus
721 1157 875 1218 ecclesiam
904 1159 1094 1232 defendebat,
1131 1169 1300 1224 constanter

13 1271 27 1295 ·.
80 1255 146 1298 cum
169 1237 291 1299 ecelesia
313 1237 343 1296 in
365 1239 503 1300 omnibus
525 1239 709 1317 gravissimis
735 1240 804 1302 fidei
825 1239 900 1302 locis
929 1261 962 1304 se
984 1243 1154 1305 consentire
1175 1245 1298 1324 prolite·
1410 1237 1415 1252 '

13 1343 36 1382 a·
79 1318 180 1394 batur3
202 1339 269 1382 cum
291 1320 417 1382 Semleri
438 1340 510 1383 vern
532 1323 649 1384 ratione
671 1323 821 1385 conciliari
844 1325 924 1385 nullo
947 1326 1036 1390 modo
1058 1335 1166 1405 potest.

25 1456 34 1468 .
163 1404 223 1465 Sed
244 1404 314 1483 quid
336 1405 530 1468 iudicabimus
560 1406 597 1468 de
625 1407 766 1486 singulari
795 1425 892 1482 causa,
922 1408 961 1470 ob
989 1427 1077 1489 quem
1099 1411 1298 1476 Tertullianus

13 1515 28 1556 r
78 1487 214 1550 Miltiadis
237 1497 267 1549 et
288 1497 455 1550 ceterorum
477 1491 597 1552 nomina
624 1489 826 1552 introduxisse
847 1510 880 1552 se
902 1490 965 1553 ait?
1010 1494 1133 1555 Veretur
1160 1495 1300 1558 nimiam

15 1585 29 1642 J·
78 1589 116 1632 ne
139 1571 326 1634 incredibiles
350 1572 505 1651 opiniones
528 1591 600 1653 quas
617 1574 825 1636 Valentinianis
849 1575 973 1654 imputat
995 1576 1059 1655 ipse
1081 1577 1233 1640 invenisse
1248 1597 1298 1639 ar·

15 1701 30 1726 ⁵.
78 1663 198 1733 guatur3
230 1674 289 1734 quo
312 1673 329 1715 a
351 1656 473 1717 crimine
496 1675 572 1737 opus
597 1675 664 1718 esse
685 1667 770 1738 putat
792 1677 825 1718 se
847 1677 974 1738 purgare
995 1660 1168 1738 appellanda
1190 1669 1294 1722 ancto-

13 1777 21 1814 ¹.
78 1739 163 1798 ritate
183 1738 288 1800 lustini
310 1739 444 1818 Martyris
466 1749 495 1801 ct
516 1749 696 1816 ceterorum·
722 1741 830 1803 Nonne
851 1741 900 1804 bic
920 1742 1094 1820 gravissimo
1117 1744 1227 1805 indicio
1249 1753 1297 1806 te-

21 1862 30 1896 ,
78 1839 184 1882 nemus
206 1839 321 1884 merum
345 1823 512 1902 sopbistam
534 1835 563 1886 et
583 1825 827 1895 declamatorem,
850 1825 1130 1888 animadvertentem
1152 1846 1185 1888 se
1207 1827 1238 1888 in
1261 1847 1298 1888 eo

77 1923 145 1966 esse
167 1914 200 1966 ut
221 1923 270 1966 res
292 1908 424 1985 prolerat
445 1906 539 1968 nullas
566 1909 710 1970 lactomm
738 1909 936 1970 laudamentis
960 1909 1060 1980 nixas,
1097 1929 1191 1988 eoque
1213 1911 1298 1972 anxie

20 2029 28 2045 .
82 1988 243 2050 sollicitum
266 1997 298 2050 ut
319 1989 531 2052 incredulitatis
553 2009 662 2054 sensus
684 2012 720 2053 er
749 2009 850 2054 earum
880 1992 1068 2070 improbabili
1096 2001 1200 2054 natura
1221 1994 1299 2054 haud

13 2118 27 2132 ,.
78 2071 551 2152 uubieexonaraspraeatptaart
578 2075 661 2136 llanc
681 2075 953 2153 interpretationem
975 2077 1016 2138 illi
1038 2076 1104 2138 loco
1126 2095 1143 2137 a
1165 2077 1297 2138 Semlero

14 2187 15 2190 ¹
77 2155 211 2216 adhiberi
244 2174 306 2216 non
339 2163 386 2216 est
417 2157 600 2230 mirandum3
637 2176 706 2219 narn
733 2160 798 2220 eins
827 2159 901 2220 ratio
924 2159 963 2220 ita
985 2160 1175 2238 interpretari
1198 2160 1295 2221 iussit.

76 2239 135 2300 Sed
157 2239 294 2317 equidem
315 2258 376 2300 non
398 2241 502 2312 miror,
524 2242 604 2320 quod
626 2243 763 2320 scriptor,
786 2241 835 2321 qui
858 2241 1016 2326 opiniones
1039 2251 1104 2318 tam,
1120 2251 1295 2304 monstruo-

18 2371 22 2379 .
75 2341 123 2382 sas
147 2341 235 2400 quam
257 2323 525 2387 Valentinianorum
548 2333 737 2387 enarraturus
759 2335 821 2397 est,
851 2333 968 2386 veretur
990 2344 1027 2387 ue
1049 2326 1176 2387 lectores
1198 2327 1296 2402 ipsum

79 2406 266 2483 suspicantes
289 2405 335 2466 sui
357 2407 471 2468 cerebri
493 2408 628 2470 fictiones
649 2427 705 2488 pro
736 2409 860 2472 aliorum
882 2407 1030 2486 religiosis
1054 2409 1200 2487 dogmatis
1222 2427 1295 2468 sen·

77 2487 170 2548 ditare
192 2487 302 2548 conari.
345 2489 378 2548 lu
400 2489 476 2551 libro
499 2492 536 2552 de
557 2492 709 2570 Baptismo
732 2491 944 2553 Tertullianum
973 2491 1107 2554 videmus
1129 2491 1218 2552 simili
1234 2501 1295 2550 'es-

13 2627 15 2636 s
76 2570 230 2631 cusatione
251 2570 293 2631 uti
315 2571 352 2632 de
374 2581 562 2634 monstruosa
589 2575 684 2652 aliqua
713 2575 853 2653 opinione
864 2586 883 2643 ¹,
906 2591 993 2651 quam
1015 2576 1168 2636 consume
1190 2571 1294 2652 eggre-

14 2699 15 2704 1
75 2654 164 2724 ditur,
188 2660 218 2714 et
238 2669 342 2730 magua
364 2671 431 2714 curn
454 2654 640 2716 solemnitate
662 2656 818 2730 affirmare,
842 2665 937 2718 semet
958 2657 1055 2734 ipsum
1078 2675 1142 2718 eam
1157 2673 1294 2734 pronun·

75 2738 146 2799 cieri
167 2735 296 2799 audisse.
826 2779 838 2802 .
1218 2767 1221 2776 ¹

160 2819 247 2881 aliud
268 2828 473 2897 argumentum
494 2821 530 2880 ad
553 2821 698 2882 rationem
726 2841 811 2884 suam
833 2821 1007 2884 fulciendam
1029 2821 1200 2882 semlerus·
1228 2819 1296 2882 inde

76 2904 192 2984 repetit,
216 2904 294 2982 quod
317 2903 394 2964 bona
416 2921 485 2982 pars
503 2904 575 2965 libri
597 2904 675 2966 tertii
697 2902 761 2965 adv.
778 2905 957 2966 Marcionem
978 2923 1073 2984 paene
1094 2903 1186 2966 verbo
1208 2911 1294 2964 tenus

77 2989 106 3048 io
136 2987 233 3048 libello
264 2985 328 3048 adv.
356 2984 481 3047 ludaeos
509 2989 632 3066 repetita
660 2995 716 3048 est.
762 2989 821 3050 Sed
849 3006 924 3066 quae
952 3005 988 3047 es
1014 2987 1070 3048 bac
1098 3005 1131 3048 re
1160 2987 1296 3048 oriuntur

75 3071 261 3132 difficultates
283 3087 345 3130 non
366 3069 495 3130 maiores
518 3079 598 3144 sunt,
621 3071 648 3132 si
664 3071 875 3133 Tertullianum
892 3088 992 3132 rerum
1014 3079 1164 3132 auctorem
1179 3069 1294 3130 utrius-

74 3174 133 3234 que
161 3153 261 3232 operis
290 3171 358 3214 esse
384 3154 523 3214 stameris
551 3171 639 3232 quam
661 3154 688 3215 si
710 3151 744 3216 e'a
773 3155 808 3215 ab
831 3154 895 3216 aliis
918 3154 982 3216 cius
1005 3152 1118 3216 nomini
1140 3153 1296 3232 supposita

76 3325 149 3372 tione.
185 3321 282 3371 laterior
306 3321 329 3370 in
349 3321 429 3370 locum
447 3320 528 3378 incidi.
552 3321 593 3369 obi
612 3321 659 3370 Ea·
712 3323 739 3372 Si
762 3325 853 3372 omnino
872 3323 953 3372 llomoe
976 3323 1078 3386 alibique
1101 3323 1204 3371 visebant
1221 3323 1296 3370 leomi-

76 3391 174 3448 sebius,
203 3388 369 3438 auctoritatem
401 3387 527 3449 scriptoris
549 3389 660 3450 anonymi
698 3405 752 3450 ⁴nes
771 3391 888 3449 lunatici,
909 3404 948 3438 eos
966 3391 1037 3452 igitur
1058 3404 1105 3437 nan
1122 3389 1187 3437 solos
1207 3387 1295 3436 Tertul-

75 3463 181 3514 srcutus‚
200 3453 328 3503 Miltiadem
347 3455 409 3504 inter
427 3469 469 3502 aas
485 3461 602 3512 recenset,
620 3455 660 3518 qai
712 3456 908 3505 lionasnomrat:
929 3455 1054 3506 Christiani
1067 3456 1110 3504 olii
1119 3455 1226 3504 similiter
1236 3456 1294 3504 banc

75 3529 158 3572 contre
178 3521 315 3570 lineretieos
333 3522 496 3584 scripserant:
521 3515 566 3568 sai
584 3513 660 3569 ἀδελ·
713 3525 878 3574 baereticorum
901 3537 995 3574 eausam
1011 3523 1120 3572 sciebant.
1152 3522 1232 3584 ltaque
1248 3535 1294 3569 nea

75 3587 141 3654 φῶν
158 3581 188 3636 δέ
205 3601 289 3636 τινων
305 3579 364 3635 dari
379 3582 532 3654 γράμματα
545 3603 564 3636 rs
584 3581 661 3650 eadri-
712 3591 871 3652 intelligimus,
890 3605 936 3654 qua
952 3591 1043 3638 ratione
1060 3590 1097 3638 lis
1114 3589 1213 3649 scriptor
1230 3601 1295 3636 arao-

75 3669 141 3720 τερα
159 3653 215 3702 sois
231 3649 312 3702 Bicera
332 3668 362 3706 oc
377 3647 504 3720 χρόνων,
530 3645 548 3702 ἃ
578 3655 662 3704 κεῖνοι
713 3658 784 3706 tiator
801 3671 851 3704 eam
868 3657 1028 3719 suspicionem,
1051 3669 1097 3718 quo
1110 3655 1157 3703 diei
1175 3655 1224 3716 ipse
1239 3667 1296 3716 pos-

73 3717 144 3786 npbr
166 3717 201 3768 τὰ
224 3713 290 3780 ἔθνη
314 3669 382 3787 bulg
407 3719 454 3833 ripa
472 3711 599 3780 ἀληθείας
615 3715 660 3769 καὶ
712 3725 742 3772 sil
760 3725 805 3771 sibi
821 3723 917 3784 finxisse
933 3723 1049 3770 materias.
1225 3783 1230 3794 .

74 3779 659 3902 'trattati‘ttt‘tt‘ttttatttliti
712 3782 1296 3916 stillatimltttttlttt'¹:tilla

75 3919 170 3968 erased
187 3911 660 3986 saiKlripsessocsailsdpmsnlseo'-
711 3921 828 3984 baptisma
847 3920 1012 3980 ebriationem,
1036 3917 1230 3982 qnandoquidem
1254 3915 1294 3966 lo-

74 4002 140 4042 νων,
158 3979 188 4036 lu
206 3972 246 4038 als
264 3977 350 4034 ἅπασι
367 3981 539 4051 dsoloyeisos
556 3983 571 4036 d
589 3987 659 4053 Xpe·
711 3987 786 4037 annis¹
798 3987 943 4050 baptismate
961 3987 1073 4050 baptisati
1084 3983 1242 4044 erent'Ergo
1255 3989 1298 4048 sut

75 4047 148 4107 πός.
185 4053 248 4103 llccl.
269 4055 328 4103 llist.
348 4054 372 4113 V,
391 4053 432 4103 28,
711 4053 815 4118 apostoli
840 4068 887 4102 noa
907 4053 1061 4102 obtinuerunt
1079 4050 1234 4099 salvationem
1253 4056 1295 4099 aul

109 4139 133 4187 p.
151 4120 186 4169 lle
204 4121 301 4170 leianiis
324 4137 345 4171 e.
366 4120 388 4169 l.
710 4119 829 4184 bsptisms
849 4119 1005 4169 christianum
1024 4120 1054 4168 sd
1072 4117 1226 4167 salvationem
1245 4129 1293 4166 noa

109 4205 132 4252 q.
159 4181 223 4238 Sect
241 4187 266 4236 4.
285 4195 334 4236 aot.
353 4186 394 4235 l'l.
429 4186 554 4254 Semlerqs
578 4187 658 4238 locam
710 4195 748 4236 est
770 4201 873 4250 prorsus
898 4187 1070 4236 neeesssriona.
1106 4183 1156 4234 lisa
1179 4183 1294 4246 opinione

76 4265 157 4305 noan.
176 4254 248 4303 modo
267 4243 411 4304 citatombis
423 4255 501 4304 serbis
514 4255 658 4305 introducit:
710 4263 841 4303 memorsts
860 4253 1022 4302 Tertullianus
1041 4251 1120 4301 addit:
1146 4251 1229 4300 ludici
1246 4251 1294 4299 lle-

76 4325 126 4386 lpse
143 4322 464 4385 bisscriptoraidetarlairut
482 4324 529 4372 dici
546 4323 614 4380 solet)
633 4337 657 4371 ss
709 4325 771 4370 mino
790 4327 846 4370 leste
864 4321 985 4378 eiusmodi,
1011 4335 1039 4368 ne
1056 4322 1108 4382 qais
1125 4333 1161 4368 sne
1178 4324 1294 4394 temper-

74 4391 172 4453 proders
195 4391 254 4438 sicat
272 4403 359 4438 sores:
383 4405 436 4439 som
459 4391 502 4439 boe
524 4391 575 4452 ipso
599 4391 658 4440 libro
711 4390 783 4438 ditum
801 4389 923 4448 existimet,
940 4393 967 4438 stt
985 4387 1176 4448 nltsoeaoqitem,
1196 4385 1294 4433 libidine

75 4457 185 4508 adversas
217 4456 387 4506 Valentinianos
415 4471 436 4505 e.
455 4455 478 4505 5.
509 4457 543 4506 sic
570 4459 658 4507 scribit.
710 4455 774 4513 stili,
825 4469 883 4517 quoe
919 4455 974 4502 aliis
1013 4453 1145 4518 scrupalum
1172 4451 1293 4499 incutiant.

74 4523 135 4571 Tum
154 4523 246 4584 integro
265 4521 319 4571 loeo
337 4522 433 4586 prolato
451 4523 559 4572 subiicit:
591 4523 659 4572 Totas
711 4537 731 4572 e.
754 4519 792 4570 ll.
889 4550 893 4560 -

76 4591 113 4639 bic
138 4591 202 4640 tems
226 4590 316 4640 ridetur
333 4591 424 4654 aliquid
440 4591 537 4639 monstri
553 4591 658 4654 prodam.
713 4611 717 4618 ¹
744 4603 765 4637 s.
784 4587 846 4636 Seet.
864 4587 889 4636 s.
