3036 5230
52 4665 54 4700 l

52 4721 59 4774 l

291 361 356 454 ’.ΝΒ
508 402 699 449 utsssararro
722 401 760 446 us
784 399 988 446 Elim-HANG
1010 401 1050 444 ΕΤ
1072 401 1138 444 EIUS
1162 399 1293 444 SCRIP'HS

373 551 453 627 llibil
475 559 519 616 est
540 552 620 631 quod
642 551 730 614 lastui
756 513 887 612 humano
908 499 1192 629 magis‘lalaodiatur
1213 567 1302 630 quam
1324 549 1453 628 siquhs't

272 631 483 721 'persuaserit
504 637 563 716 ipsi
585 637 671 715 quasi
691 635 834 697 beneficio
857 635 985 714 quodam
1007 633 1169 714 contigisse
1190 633 1342 694 scientiam
1360 633 1454 711 placor

289 722 460 796 bominibqs
489 738 550 781 nou
579 719 817 800 adipiscendam
853 736 944 798 quum
972 717 1013 779 illi
1041 716 1181 780 destinati
1210 717 1273 778 siut
1299 717 1335 778 ad
1360 716 1453 777 nuni

289 807 385 886 spissa
408 804 531 884 caligine
552 823 587 865 ac
608 803 738 865 tenebris
761 803 933 883 degendam,
961 802 1020 882 ipsi
1042 821 1109 864 cum
1131 801 1234 882 paucis
1256 801 1452 880 quibusdam*

291 891 375 953 lactis
396 890 456 951 boc
478 887 618 950 tributum
641 905 726 960 esse,
757 896 790 948 ut
811 887 841 949 in
855 887 1028 948 meridiano
1050 885 1166 948 divinae
1187 885 1324 946 renatis
1345 885 1397 946 sole
1411 885 1454 962 api

289 982 380 1037 cetur.
429 973 490 1034 lam
513 991 583 1036 vcro
607 989 697 1051 quum
720 971 872 1051 gentilium
901 979 931 1032 et
952 970 1139 1051 philosophia
1168 977 1198 1032 et
1228 969 1335 1048 religio
1360 969 1453 1030 dacusa

289 1067 424 1120 externas
448 1064 478 1118 et
499 1057 631 1119 internas
652 1055 783 1128 haberet,
803 1055 925 1117 sinistra
949 1055 1073 1134 quadam
1095 1055 1168 1115 bora
1190 1054 1309 1126 accidit,
1331 1052 1454 1114 utbaced

289 1141 408 1204 stinctio
437 1141 468 1201 in
495 1141 656 1226 Ecclesiam
684 1140 874 1214 christianam
904 1139 1101 1200 induceretur.
1156 1139 1252 1217 litque
1287 1137 1453 1216 antiquissha

287 1225 406 1305 quidem
429 1224 559 1304 scriptor
580 1223 770 1296 christianus,
793 1223 877 1284 cuius
900 1223 931 1284 in
951 1222 1091 1301 operibus
1106 1222 1200 1301 aliqua
1222 1222 1292 1283 eius
1315 1220 1452 1283 distinctas

288 1309 463 1388 significatio
484 1315 633 1388 appareat,
655 1307 792 1368 Clemens
814 1307 1028 1368 Alexandrinus
1050 1315 1113 1380 est3
1135 1325 1265 1384 eumque
1289 1305 1400 1366 dicimus
1415 1305 1451 1362 sia

287 1403 348 1456 stra
367 1394 444 1454 hora
465 1391 541 1452 hanc
562 1391 793 1452 distinctionem·
804 1391 1016 1463 introduxisse,
1045 1390 1287 1470 quandoquidem
1309 1391 1339 1451 io
1358 1389 1397 1448 illa
1411 1387 1453 1445 si

287 1477 456 1540 narratione
478 1495 565 1555 quam
588 1477 624 1536 de
647 1476 712 1536 eius
735 1475 850 1554 origine
871 1475 961 1536 tradit
981 1474 1153 1552 gravissima
1175 1473 1313 1535 nitamur
1330 1479 1451 1550 arguncm

291 1561 397 1641 quibus
420 1559 560 1622 Catholici
584 1559 708 1620 liomaoi
737 1577 804 1620 oum
831 1559 903 1621 alias
930 1560 1049 1620 fraudes
1078 1577 1149 1619 suas
1170 1559 1338 1619 detondant
1357 1565 1406 1616 tun
1423 1555 1466 1612 ila¹

289 1644 396 1724 quibus
425 1643 588 1705 doctrinam
616 1626 823 1722 corrtlperunt.
873 1643 947 1704 Nam
975 1642 1113 1704 omnibus
1141 1641 1266 1721 reliquis
1296 1641 1367 1702 locis
1389 1638 1452 1717 eqeb

287 1727 329 1789 illi
352 1737 488 1807 tanquam
511 1729 546 1788 ad
569 1727 703 1790 ultimum
725 1727 871 1806 retugium
893 1727 930 1787 ad
953 1727 1141 1808 disciplinam
1161 1732 1276 1788 arcana·
1294 1726 1451 1786 etriuutn

286 1811 427 1873 ditionem
450 1812 637 1890 confugiunt3
660 1820 690 1872 et
711 1821 877 1890 quanquam
894 1811 1052 1872 Clementis
1067 1811 1177 1890 scripta
1198 1809 1277 1871 nibil
1300 1809 1389 1871 auxilii
1405 1824 1453 1886 pro

275 1895 362 1957 ‘bent
382 1896 579 1973 singularibus
602 1895 766 1968 erroribus,
788 1913 863 1974 quos
885 1895 1010 1956 ecclesia
1031 1895 1162 1956 llomana
1185 1894 1318 1956 sollicito
1340 1889 1452 1954 studiad

284 1979 369 2052 tinet,
392 1988 490 2041 umen
506 1999 539 2041 ea
555 1998 617 2040 non
631 1979 774 2058 exiguum
796 1979 994 2058 patrocinium
1016 1997 1120 2040 causae
1143 1997 1214 2039 suae
1238 1997 1257 2039 e
1282 1979 1451 2056 scriptores:

286 2065 408 2143 antiquo
430 2065 539 2142 repetit
560 2071 706 2134 narrante,
731 2062 879 2124 Christum
902 2063 1000 2141 gravia
1021 2063 1152 2124 scutatis
1175 2063 1273 2142 capita
1297 2081 1360 2123 cum
1378 2066 1450 2138 aposc-

286 2147 324 2208 lis
346 2148 597 2220 communicasse,
620 2165 695 2226 quac
716 2146 794 2224 vulgi
817 2147 1001 2208 credentium
1023 2165 1118 2226 neque
1140 2146 1263 2208 auribus
1287 2145 1415 2207 destinata
1428 2159 1450 2198 e·-

286 2238 354 2290 sent
375 2249 470 2308 neque
494 2231 651 2294 intellectui
673 2231 902 2305 accommodata,
932 2246 1065 2310 quaeque
1086 2249 1182 2309 usque
1203 2231 1241 2291 ad
1265 2231 1360 2310 ipsius
1378 2235 1449 2288 acula

285 2312 369 2374 vivae
391 2313 558 2377 traditionis
582 2333 639 2394 ope
660 2315 771 2393 perlata
794 2323 908 2376 essent.

373 2397 431 2458 Sed
459 2405 493 2458 ut
520 2399 555 2458 ad
579 2397 790 2459 Tertullianum
819 2407 1018 2472 revertamur,
1042 2417 1109 2460 eum
1137 2397 1173 2458 ad
1195 2397 1333 2458 Monuni
1348 2395 1450 2474 optule

283 2479 500 2560 amplectendas
522 2483 661 2543 frustrata
684 2482 845 2544 ambitione
867 2489 1047 2544 commotum
1063 2501 1141 2554 esse,
1163 2481 1317 2542 Pamelins
1332 2479 1450 2542 etaliiaa

283 2565 341 2626 rdla
362 2564 493 2646 veritatis
516 2567 616 2645 specie
637 2565 830 2626 contendunt.
873 2565 1092 2645 Indignabatur,
1115 2565 1263 2644 inquiunt,
1288 2565 1364 2644 quod
1377 2575 1450 2642 spcu-

282 2649 393 2711 ciderat
413 2650 601 2729 episcopatus
624 2649 685 2710 sive
708 2649 834 2711 llomani
855 2651 917 2710 sive
940 2649 1199 2730 Carthaginiensis.
1229 2649 1309 2711 Vera
1330 2643 1449 2732 delectari]

281 2751 369 2794 causa
398 2735 554 2812 repetenda
584 2741 633 2794 est
659 2751 696 2794 ex
724 2733 788 2795 eius
814 2733 913 2795 amimi
941 2734 1041 2795 indole
1069 2754 1103 2796 ac
1131 2732 1399 2813 temperamentol,
1427 2743 1449 2783 ol

192 2845 195 2853 v
280 2826 396 2879 austera
429 2817 499 2878 nori
526 2817 689 2896 prophetae
721 2825 751 2878 et
781 2818 915 2878 doctrina
944 2826 973 2878 et
1001 2819 1058 2879 vita
1086 2818 1173 2898 plane
1200 2825 1267 2879 erat
1295 2825 1449 2878 ooosmuas

267 2900 422 2980 ,cuiusque
443 2902 606 2981 ingenitum
628 2900 765 2960 ardorem
788 2909 817 2962 et
837 2901 1025 2962 acerbitatem
1047 2901 1265 2981 hieronymus*
1291 2901 1373 2962 tradit
1384 2899 1449 2958 liora

278 3002 388 3046 norum
411 2985 583 3047 clericomm
598 2980 703 3056 notis,
740 2985 900 3046 hasdo-an
922 2993 953 3046 et
972 2987 1107 3065 malignis
1129 2981 1450 3066 inerpreuuanbasa

242 3151 243 3154 Ἴ
278 3076 354 3131 dam
375 3087 457 3130 esse.

362 3153 445 3214 Hanc
464 3151 647 3231 quaestionis
668 3159 783 3231 partem
804 3145 960 3232 anterpram
981 3153 1193 3233 relinquamus,
1215 3149 1450 3217 occurreodmesl

278 3237 425 3333 sorripulo⁹
441 3237 555 3333 cuidam
575 3255 665 3315 quem
692 3253 869 3316 praegressa
891 3238 1038 3334 expositio
1046 3239 1183 3336 ‘ipiic'ere
1203 3240 1315 3336 possit
1355 3229 1449 3328 ilani·

277 3327 538 3480 ablltlll
559 3320 783 3465 albida
792 3319 921 3466 bita
935 3321 1199 3468 illidunt
1217 3327 1450 3484 slahim

278 3484 385 3564 quidve
407 3485 553 3546 commodi
577 3486 742 3565 theologiae
764 3487 891 3549 studiosi
915 3499 1051 3567 repetere
1072 3498 1201 3570 possunt
1229 3486 1405 3560 exauctoris
1418 3493 1449 3540 aa

280 3569 392 3631 creduli
414 3579 444 3630 et
466 3569 666 3649 superstitiosi
690 3571 829 3649 operibus
850 3572 983 3651 legendis
991 3572 1030 3634 i“
1060 3575 1123 3636 llae
1145 3581 1215 3636 suut
1236 3567 1447 3656 quaestionali-

276 3653 331 3716 cile
352 3653 476 3716 iniectae
498 3662 528 3714 et
548 3653 614 3714 sina
636 3654 818 3717 dubitatione
841 3657 954 3718 solutae
977 3658 1013 3718 ab
1034 3657 1072 3718 iis
1095 3659 1145 3738 qui
1166 3659 1279 3739 regiam
1294 3659 1366 3720 riam
1379 3653 1448 3712 tom·

208 3765 214 3774 ¹
274 3755 332 3800 nae
352 3737 534 3822 theologicae
562 3737 783 3817 ingrediuntur:
820 3740 869 3819 qui
898 3739 1026 3820 quidem,
1055 3741 1118 3804 sire
1133 3751 1256 3822 propter
1286 3743 1338 3805 otii
1358 3733 1446 3837 'intuli’

276 3821 337 3883 sire
359 3821 469 3883 laboris
491 3822 671 3900 impatientia
693 3824 735 3884 ad
745 3824 863 3885 Patrum
886 3823 997 3904 scripta
1010 3826 1203 3890 examinanda
1217 3842 1382 3892 swessona
1400 3829 1448 3880 sna

274 3904 469 3984 ignorantiam
502 3905 626 3986 quadam
656 3915 842 3987 contemptus
871 3911 971 3987 specie
999 3909 1058 3970 sibi
1087 3911 1241 3990 tegendam
1268 3919 1376 3992 putant
1413 3893 1466 3960 pp,

161 4025 169 4032 ·
273 3989 418 4050 sententia
442 3989 597 4052 temeraria
620 3997 650 4051 et
670 3989 769 4070 iniqua
792 4009 858 4052 cum
880 3992 983 4055 Patres
1006 3993 1230 4068 damnarentur,
1263 3999 1367 4058 lactum
1386 3990 1446 4049 llll

274 4091 377 4136 eorum
400 4091 489 4154 opera
512 4073 542 4134 in
563 4073 740 4136 immeritam
762 4075 900 4137 invidiam
923 4076 1116 4139 incurrerent.
1154 4077 1306 4141 Sententia
1328 4077 1370 4139 illa
1388 4082 1445 4132 rene

272 4158 350 4218 raria
371 4167 417 4220 cst
438 4165 595 4238 propterea
627 4159 706 4238 quod
728 4177 863 4236 magnam
878 4161 978 4238 prodit
990 4161 1184 4241 ignorantiam
1199 4171 1322 4226 naturae
1335 4163 1446 4240 bunun

273 4257 347 4318 quac
376 4259 464 4321 saepe
496 4242 650 4304 mirificam
677 4242 823 4323 quandam
846 4245 1019 4308 societatem
1049 4246 1317 4309 diversissimarum
1337 4247 1444 4306 nnana

272 4321 379 4404 eodem
401 4324 518 4403 ingenio
540 4326 647 4408 fingite
672 4326 793 4406 vigoris,
816 4328 968 4404 acuminis,
990 4329 1224 4412 perspicacitatis
1247 4331 1277 4393 in
1299 4349 1356 4392 uno
1374 4331 1444 4404 gener

304 4521 328 4572 b.
346 4522 461 4574 ldoahem.
480 4525 510 4574 de
533 4527 584 4578 reb.
605 4527 691 4580 Christ.
716 4537 771 4582 anta
789 4531 855 4582 Coa·
941 4531 956 4581 i.
982 4533 1111 4597 Catalogos
1141 4533 1285 4600 scriptorum
1310 4519 1445 4583 ectlralsslll'

268 4597 342 4642 auat
360 4605 381 4642 s.
399 4589 424 4641 2.
443 4591 523 4644 aaa.
726 4645 729 4650 ,
902 4611 964 4650 mm.
