3132 5238
223 381 264 472 32
420 387 422 395 '
549 397 597 448 oo.
618 393 701 439 sarr.
724 393 810 438 enon.
832 393 1027 439 rsnrocunar
1049 393 1116 439 ura

221 547 422 628 litcephcrus,
453 563 579 625 quorum
610 535 659 606 ille
685 543 735 606 lib.
757 543 804 606 vt.
827 561 890 624 cap.
915 547 965 608 12.
997 561 1115 606 eausam
1137 543 1215 606 illius
1238 561 1303 605 eam
1325 545 1443 621 scribit,

222 632 301 712 qnod
324 632 353 692 in
375 631 480 710 optatis
502 629 542 690 illi
565 637 644 691 esset
664 628 896 707 antiquissimam
918 629 998 690 illam
1018 629 1178 690 Ecclesiam
1201 628 1337 690 inrisere.
1372 631 1443 702 Quo

221 725 355 795 tempore
376 717 462 776 etiam
483 715 531 776 alii
554 713 741 776 ecclesiastici
763 713 922 792 scriptores
944 713 980 774 ab
995 713 1053 774 illis
1068 721 1287 787 enumerantur,
1308 713 1443 793 Beryllus

221 800 345 862 Arabiae
365 799 536 873 Dostrenns,
571 797 745 877 Hippolytus
778 797 858 858 iuxta
888 797 1031 875 quosdam
1059 797 1243 872 Portuensis,
1276 796 1444 862 Alexander

220 885 348 964 primurn
370 883 579 963 Cappadociae,
602 882 707 943 deinde
729 880 1001 960 Hierosolymorum
1022 881 1191 961 episcopus,
1213 881 1321 960 quibus
1343 881 1440 944 inter-

221 969 295 1031 serit
314 968 347 1030 D.
369 967 563 1047 Hieronymus
585 965 674 1028 etiam
694 965 849 1028 illinutium
870 965 1006 1043 Felicem,
1028 965 1078 1046 qui
1092 965 1314 1048 Apologeticum
1328 967 1441 1028 Aucto·-

221 1053 265 1116 ris
285 1070 339 1133 per
360 1052 451 1114 multa
471 1051 601 1113 imitatus
623 1059 678 1113 est.

304 1221 389 1281 Anno
416 1217 534 1281 Domini
555 1217 676 1281 CCXIV.
720 1219 751 1281 S.
779 1218 934 1300 Zephyrini
955 1237 1048 1299 papae
1069 1217 1194 1280 Romani
1216 1217 1276 1279 llll.
1298 1217 1441 1280 Antonini

221 1304 324 1384 imper.
340 1304 390 1365 lll.
412 1304 515 1384 intper.
532 1303 615 1366 Caes.
630 1304 668 1365 bl.
683 1304 781 1366 Aurei.
797 1303 861 1365 Divi
888 1304 990 1366 Severi
1011 1303 1043 1364 P.
1058 1301 1206 1364 Antonino
1221 1302 1294 1382 Aug.
1306 1301 1440 1364 Britann.

220 1389 356 1450 German.
379 1387 426 1448 tv,
450 1397 480 1449 et
500 1387 532 1449 P.
556 1387 653 1450 Caelio
674 1387 708 1448 P.
730 1387 895 1449 P.Balbino
911 1387 946 1452 ll.
970 1406 1046 1448 coss.
1069 1386 1310 1465 ipseAntoninus
1332 1386 1440 1466 imper.

219 1472 288 1533 trib.
311 1479 420 1551 potest.
443 1471 515 1532 xvt.
546 1472 582 1532 de
609 1471 757 1533 Britannis
780 1471 977 1551 triumpharit.
1022 1471 1088 1544 Quo
1110 1489 1188 1538 anno
1214 1490 1231 1531 a
1257 1469 1441 1532 Tertulliano

219 1556 361 1635 scriptum
384 1555 584 1616 existimamus
606 1556 693 1616 etiam
715 1556 856 1618 adversus
877 1555 1038 1617 Ecclesiam
1057 1554 1165 1616 librum
1185 1553 1229 1615 De
1243 1554 1440 1634 hlonogamia.

108 1689 111 1698 .
219 1638 253 1699 ln
275 1659 311 1699 eo
333 1640 411 1700 inter
432 1648 546 1700 caetera
567 1639 611 1700 sic
630 1639 750 1718 legitur:
782 1641 883 1713 Quom
903 1643 997 1718 mopis
1019 1657 1101 1700 uuor
1122 1648 1237 1718 tempos
1259 1643 1291 1700 ia
1312 1639 1441 1701 collecto

218 1724 336 1802 [cotom
363 1727 417 1793 sit,
451 1728 541 1784 uanis
576 1728 697 1785 circiter
721 1722 788 1786 clx
810 1724 917 1786 eoiode
936 1725 1095 1804 productis
1118 1723 1172 1798 (De
1194 1721 1311 1800 Monog.
1334 1741 1359 1783 e.
1383 1728 1439 1799 3.).

221 1806 304 1879 Quos
326 1805 376 1885 qui
398 1825 414 1866 a
435 1806 573 1885 passione
595 1805 711 1868 Domini
733 1808 945 1886 computandos
974 1806 1113 1880 voluerit,
1145 1815 1206 1868 tota
1232 1807 1279 1868 via
1299 1807 1440 1869 aberrare

219 1889 1439 2054 titillabit.litibttltlhlt⁵i.t.lt.l⁵.¹;..¹.l¹lt¹t⁰.ll¹:u⁰t¹.

218 2059 288 2120 anni
303 2058 441 2119 duntaxat
454 2065 693 2136 computarentur
701 2059 802 2132 xxlt,
824 2077 899 2138 quos
918 2060 966 2122 alii
987 2069 1160 2120 enumerant
1170 2059 1242 2133 blla
1263 2059 1439 2138 quiansque

218 2143 253 2204 ad
271 2161 379 2203 annum
397 2150 582 2221 praesentem
599 2161 661 2202 non
678 2143 773 2204 solnm
786 2143 880 2217 CLX,
902 2145 954 2205 sed
969 2142 1103 2222 producti
1118 2152 1219 2205 essent
1232 2141 1437 2204 dlxxxviii.

218 2227 294 2288 Sunt
315 2227 402 2287 etiam
424 2227 473 2305 qui
495 2225 530 2286 ab
552 2226 693 2305 apostolis
716 2227 795 2289 bunc
815 2237 984 2308 computum
1005 2227 1114 2301 ineant,
1137 2246 1173 2289 eo
1194 2227 1273 2306 quod
1293 2226 1437 2306 praemit-

217 2318 309 2372 tatur:
328 2323 401 2390 post
421 2309 595 2390 apostolom
623 2311 653 2371 in
674 2329 731 2390 qua
752 2311 898 2373 sententia
920 2321 950 2373 et
971 2329 1027 2373 nos
1049 2311 1174 2385 numus,
1195 2328 1286 2390 quum
1308 2319 1437 2372 annota-

216 2393 312 2455 tiones
335 2403 451 2456 nostras
473 2393 503 2454 in
526 2413 591 2456 eum
614 2393 811 2457 scriberemus
832 2395 940 2457 locum.
971 2396 1080 2456 Verum
1102 2396 1155 2456 SS.
1177 2395 1283 2456 Petrus
1306 2403 1337 2456 et
1354 2394 1437 2456 Pau·

217 2477 263 2538 lus
294 2478 421 2557 primum
453 2478 533 2557 passi
566 2487 635 2540 sunt
664 2495 741 2540 anno
768 2479 894 2541 Neronis
922 2480 1040 2552 ultimo,
1074 2480 1123 2558 qni
1151 2479 1182 2540 in
1204 2497 1311 2540 annum
1333 2479 1439 2540 incidit

217 2561 328 2624 Christi
338 2561 451 2636 exin,
470 2581 486 2622 a
508 2580 566 2640 quo
588 2561 624 2624 ad
646 2563 725 2624 hunc
746 2581 808 2624 non
829 2563 887 2624 nisi
909 2570 1116 2642 computantur
1137 2563 1340 2624 anniCllLVl.
1356 2571 1387 2625 et
1402 2563 1436 2625 S.

216 2644 342 2742 loannes
374 2646 552 2724 evmrgelista
579 2645 650 2707 vixit
676 2647 711 2708 ad
734 2647 891 2744 Traianum
913 2667 1023 2725 usque,
1051 2655 1185 2744 mortuus
1206 2647 1334 2726 primum
1356 2665 1437 2709 mano

215 2730 406 2875 lilith.
427 2730 802 2893 bilichildis
824 2731 1439 2895 tl..3ttzl⁰¹;dd..2‘?t.l⁰ttlllt

214 2898 342 2977 primum
364 2898 502 2978 martyrio
525 2900 645 2960 affectus
666 2899 721 2960 luit
742 2917 808 2960 com
829 2900 963 2979 apostolo
985 2900 1074 2961 Petro
1097 2899 1151 2974 (uti
1166 2900 1224 2962 iam
1239 2898 1350 2961 dictum
1365 2906 1436 2977 est),
1493 2915 1502 2920 ·

215 2985 370 3043 censemus
397 2981 434 3043 ab
462 3001 498 3043 eo
520 2991 652 3060 tempore
684 2983 884 3044 numerandos
905 3001 964 3064 quc
986 2983 1141 3062 epistolam
1162 2983 1283 3063 scripsit
1302 2983 1438 3063 priorem

215 3066 251 3126 ad
273 3065 458 3140 Corinthios,
492 3066 528 3126 ab
560 3084 637 3127 anno
665 3084 773 3146 nempe
794 3067 911 3130 Domini
933 3068 1049 3129 circiter
1069 3067 1141 3133 blV.
1186 3068 1324 3146 inprimis
1353 3067 1435 3129 enim

214 3149 353 3227 scriptam
375 3150 527 3227 epistolam
549 3159 701 3228 utramque
724 3152 760 3212 ad
775 3150 955 3223 Corinthios,
976 3160 1132 3231 postquam
1155 3151 1191 3212 ab
1213 3153 1279 3230 ipso
1294 3153 1331 3213 ad
1344 3152 1436 3213 iidem

215 3240 316 3293 essent
336 3233 488 3315 cpnversi,
521 3251 557 3292 ex
578 3233 690 3294 eisdem
712 3235 744 3295 lit
764 3236 967 3308 manifestum
999 3254 1073 3314 quae
1095 3237 1249 3297 conversio
1272 3234 1438 3316 contigisse

213 3322 332 3393 putatur
359 3334 437 3377 anno
463 3315 582 3378 Domini
603 3316 662 3390 ot..
695 3336 784 3398 quum
814 3319 855 3380 ibi
877 3319 972 3381 haesit
992 3319 1028 3380 ad
1049 3337 1159 3381 annum
1180 3329 1211 3382 et
1230 3338 1349 3382 menses
1370 3339 1436 3383 sex.

213 3397 326 3460 Deinde
354 3399 382 3461 si
409 3399 519 3478 Ephesi
546 3401 656 3480 scripta
683 3402 723 3463 sit
749 3403 846 3488 (sicuti
876 3403 994 3482 quidam
1017 3413 1047 3465 et
1067 3405 1176 3466 rectius
1198 3404 1307 3466 haberit
1329 3404 1436 3467 Graeci

214 3483 343 3560 codices)
371 3503 406 3545 ex
434 3483 567 3545 historiis
596 3486 840 3565 peregrinationis
861 3486 944 3549 Pauli
965 3488 1037 3549 satis
1059 3496 1140 3566 patet
1160 3488 1238 3550 dicto
1260 3507 1355 3564 anno,
1383 3489 1436 3568 (μ’

212 3566 315 3628 incidit
336 3567 366 3630 in
388 3567 595 3630 duodecimum
609 3567 720 3632 Claudii
734 3571 936 3650 Imperatoris,
958 3571 1068 3651 Ephesi
1084 3571 1165 3634 illum
1180 3572 1341 3635 habitasse.
1364 3573 1437 3634 Siue

105 3665 109 3672 ·
212 3669 248 3713 ex
269 3650 413 3732 Philippis
446 3653 537 3731 (qood
558 3654 657 3732 plures
679 3673 749 3733 prae
770 3675 804 3716 se
826 3657 924 3717 lerunt
946 3663 975 3717 et
995 3655 1092 3717 Latini
1114 3665 1144 3718 et
1166 3657 1269 3720 Graeci
1291 3656 1435 3732 codices),

211 3745 290 3798 certe
312 3755 390 3797 anno
411 3735 470 3797 LV.
514 3737 571 3798 Per
592 3735 744 3819 Philippos
773 3739 828 3800 iter
856 3739 971 3812 iecisse,
999 3749 1155 3824 postquam
1177 3741 1295 3820 Epheso
1317 3741 1435 3803 disces-
1476 3778 1490 3796 .

211 3829 299 3896 serat,
321 3821 376 3882 sub
398 3823 506 3882 lestum
527 3821 669 3895 Paschae,
691 3831 836 3885 testantur
847 3823 917 3885 Acta
931 3824 1138 3902 Apostolorum
1161 3825 1256 3903 capite
1277 3825 1435 3904 vigesimo.

209 3903 247 3965 Et
266 3923 336 3966 vero
360 3906 404 3968 sic
424 3905 545 3984 intelligi
568 3904 676 3967 dehere
696 3907 864 3981 Auctorem,
885 3907 932 3969 rel
953 3927 989 3969 ex
1010 3907 1068 3970 illis
1090 3908 1174 3970 dictis
1195 3909 1294 3971 verbis
1315 3909 1433 3988 colligi-

211 3999 271 4061 tur,
294 4006 367 4066 quae
389 3989 529 4070 leguntur
552 3991 613 4050 lere
632 3989 656 4050 l.
679 3991 747 4052 Cor.
762 3991 834 4063 Vll,
856 3993 923 4056 no:
950 3992 1050 4065 Quom
1070 4011 1153 4054 noae
1172 4003 1290 4074 ternpus
1311 3997 1344 4055 io
1366 3993 1434 4056 col-

209 4069 284 4132 lecto
305 4073 420 4151 foetum
442 4078 492 4136 sit.
534 4073 620 4152 Atqui
642 4074 672 4134 in
694 4075 774 4137 hunc
794 4093 904 4137 alanum
925 4075 983 4138 boc
1004 4076 1142 4151 incidere,
1165 4095 1226 4138 non
1247 4078 1278 4139 iu
1301 4078 1350 4138 xv
1373 4077 1433 4139 Se-

206 4155 272 4216 reri
294 4155 348 4229 (uti
369 4156 485 4233 quidam
507 4157 595 4219 etiam
616 4157 671 4219 viri
693 4159 799 4220 eruditi
822 4159 1019 4220 coniecturam
1041 4160 1173 4238 iaciunt),
1196 4181 1232 4222 ex
1253 4181 1290 4224 eo
1311 4163 1432 4241 perspi-

208 4255 296 4302 cuum
312 4247 366 4311 est,
389 4240 468 4317 quod
483 4241 531 4302 ille
546 4241 625 4303 idem
640 4243 679 4304 sit
693 4261 758 4304 cum
773 4260 851 4304 anno
866 4242 983 4304 Domini
999 4243 1130 4320 CCVlll.,
1152 4247 1189 4308 ad
1204 4264 1291 4326 quem
1306 4247 1433 4325 proinde

208 4321 245 4384 ab
267 4341 303 4384 eo
325 4339 413 4402 quem
435 4323 560 4386 diximus
583 4343 642 4387 non
664 4326 722 4388 nisi
743 4327 811 4388 anni
828 4326 909 4388 CLV.
931 4327 1134 4404 coniiciuntur,
1156 4349 1212 4392 uec
1236 4329 1361 4392 ulterius
1377 4349 1432 4392 er-

207 4407 289 4468 tcndi
321 4415 458 4486 possunt,
492 4409 570 4487 quod
602 4428 680 4472 anno
702 4411 830 4492 primum
852 4411 899 4471 bl.
922 4411 990 4471 lidei
1011 4411 1171 4476 catholicae
1192 4413 1299 4476 initiati
1321 4415 1433 4476 fuerint

208 4491 362 4552 Corinthii.
392 4491 486 4551 Porro
509 4493 562 4553 luit
582 4494 630 4556 bic
650 4514 745 4558 annus
767 4493 936 4556 nobilitatos
959 4497 1113 4560 consulatu
1134 4499 1224 4560 trium
1245 4498 1432 4578 imperatorii

207 4577 321 4640 ordinis
341 4577 488 4652 virorum,
509 4593 576 4638 nam
598 4589 715 4657 praeter
735 4579 914 4643 Antoninum
935 4586 965 4640 et
985 4579 1150 4658 Balbinum,
1176 4583 1227 4662 qui
1247 4591 1370 4663 quartus
1393 4583 1431 4644 ab
