3166 5250
466 429 601 475 sacroue
623 429 664 474 ro.
686 429 769 476 mun.
793 427 935 475 nossent.
1243 413 1306 479 495

90 592 196 658 namo,
228 582 279 663 qui
301 577 485 644 Dodwellum
513 581 571 644 sibi
599 582 799 662 castigandum
829 582 973 662 sumpsit,
1000 583 1230 662 praetermissus
1252 591 1307 646 est.

91 670 226 733 Graviter
247 669 274 730 is
296 686 330 728 ao
350 667 530 748 permoleste
551 669 623 739 lert,
651 667 837 729 afflictionem
859 675 949 728 totam
970 666 1057 728 nnius
1079 667 1189 728 biennii
1211 668 1307 746 spatio

93 757 173 817 bunc
193 752 350 832 complecti
369 753 478 823 (Praei.
499 751 535 812 ad
557 753 626 813 Acta
648 751 764 832 lllartyr.
785 752 906 836 Sincera¹
927 752 1005 814 Sect.
1028 751 1065 813 ll.
1087 757 1116 830 §-
1141 755 1190 816 12.
1211 772 1242 832 p.
1255 755 1306 817 48.

91 841 139 902 ed.
163 839 332 914 wetsten).
377 837 565 898 &neraliora
586 855 656 898 vero
678 845 806 906 matum,
840 835 946 916 quibus
968 844 1035 898 eum
1057 837 1183 909 relellat,
1212 837 1306 898 addu-

89 927 147 998 cit,
177 941 302 1003 quorum
324 921 398 982 alter
419 921 544 995 similia,
573 921 837 1002 siquaesiaisset,
859 920 996 985 fortassis
1018 922 1189 984 invenisset.
1233 921 1307 983 bitt-

87 1009 256 1090 gentiorem
278 1005 496 1086 inquisitionem
519 1015 744 1087 temporumque
765 1005 958 1078 notationem,
981 1025 1068 1086 quam
1082 1007 1191 1086 negotii
1206 1017 1309 1068 natura

87 1095 178 1156 unice
199 1093 456 1170 degimt,*lrustra
478 1091 686 1171 expectaveris.
730 1091 870 1152 llaiorem
891 1090 997 1170 Papius
1027 1091 1201 1154 industriam
1222 1091 1307 1153 adbi-

87 1179 165 1252 buit,
188 1185 221 1238 ut
243 1177 274 1238 in
296 1177 378 1238 bisce
400 1176 489 1238 rebus
511 1176 675 1256 plurimum
692 1175 866 1256 possidebat
886 1176 1025 1238 scientiae
1047 1175 1165 1250 (Critica
1188 1177 1218 1238 in
1232 1176 1308 1238 dnn.

86 1262 211 1326 Beronii
234 1269 253 1322 t.
276 1261 327 1322 lll.
355 1261 392 1322 ad
414 1279 440 1322 a.
464 1261 533 1322 cul.
555 1278 584 1322 u.
607 1261 667 1322 Vll.
690 1263 761 1340 p.‚2
784 1269 815 1322 et
835 1261 871 1321 ad
896 1281 923 1322 a.
947 1261 1053 1323 CCVll.
1075 1281 1104 1322 n.
1128 1261 1178 1323 lll.
1199 1279 1230 1339 p.
1254 1264 1308 1336 7.).

85 1349 192 1428 Neque
214 1353 314 1407 tamen
335 1345 393 1407 boc
412 1357 595 1406 momentum
617 1347 759 1424 attingere
780 1344 886 1425 potuit,
909 1346 1048 1426 quoniam
1071 1347 1100 1406 in
1123 1347 1207 1408 initio
1230 1345 1309 1407 alili·

86 1432 199 1494 ctionis
221 1431 401 1510 designsndo
423 1431 460 1491 ab
475 1430 661 1503 adversario,
683 1435 717 1491 ut
738 1428 869 1504 ostendi,
898 1448 959 1492 non
982 1430 1153 1494 dissidebat.
1196 1430 1230 1492 ln
1252 1429 1309 1491 hoc
1416 1443 1417 1446 ’

87 1516 181 1596 igitur
202 1523 315 1577 tantum
337 1524 496 1595 occupabas
519 1523 579 1588 est,
610 1524 644 1576 ut
670 1515 706 1576 ab
728 1535 754 1576 a.
778 1515 860 1577 CCll.
882 1515 918 1577 ad
940 1524 1065 1581 monens
1087 1533 1182 1596 usque
1206 1514 1308 1575 Severi

86 1621 193 1682 paoem
216 1607 318 1662 sancto
341 1601 438 1662 metui
459 1617 520 1660 non
541 1600 634 1662 luisse
654 1600 798 1661 redditam
821 1600 944 1661 evincat.
989 1600 1076 1673 Quod
1098 1599 1138 1661 illi
1161 1601 1258 1679 itaque
1279 1609 1309 1660 et

89 1686 260 1765 complures
282 1684 331 1746 alii
353 1685 526 1746 intentatam
548 1683 738 1754 dimiserunt,
772 1685 801 1746 id
829 1703 884 1763 ego
906 1684 978 1748 mibi
1000 1703 1078 1764 nnnc
1097 1683 1307 1764 perliniendnm

89 1788 220 1832 sumam.
263 1769 414 1841 baanna,
436 1769 487 1848 qui
509 1769 592 1831 malis
613 1769 681 1830 istis
703 1769 819 1832 initium
842 1770 970 1842 dederit,
993 1769 1127 1849 praecise
1148 1787 1226 1830 nunc
1247 1787 1309 1830 non

88 1856 200 1934 agitur.
243 1853 325 1916 Haud
353 1854 508 1916 difficulter
536 1855 563 1914 is
592 1873 627 1915 ex
655 1853 707 1926 iis,
741 1873 816 1933 quse
843 1855 880 1916 de
908 1862 1002 1915 aetate
1023 1853 1205 1934 Apologetici
1228 1861 1308 1914 exus

92 1939 217 2001 dubium
244 1937 467 2012 collocabimus,
501 1939 564 2000 erui
591 1939 709 2018 poterit.
752 1938 808 2000 llic
835 1937 864 1999 id
892 1939 965 2000 mibi
987 1947 1098 2000 tantum
1121 1939 1316 2018 propositum

18 2067 27 2078 .
91 2032 152 2096 est,
173 2032 206 2085 ut
226 2031 292 2084 ante
313 2043 339 2085 a.
363 2023 445 2085 CCII.
467 2039 525 2103 quo
549 2023 650 2084 Severi
672 2023 702 2084 in
725 2023 906 2086 Christianos
937 2024 1054 2085 decreta
1074 2023 1219 2104 publicata
1240 2041 1308 2084 esse

91 2107 235 2182 concedo,
256 2108 399 2170 infinitam
420 2125 625 2169 aemrmnarum
648 2108 707 2169 vim
730 2109 774 2170 eis
797 2109 955 2170 exhibitam
977 2125 1045 2170 esse
1064 2110 1197 2170 doceam.
1240 2106 1308 2168 Pri·
1349 2101 1353 2108 ’

88 2211 173 2256 mum
196 2201 295 2254 teneat
315 2193 344 2255 in
367 2193 491 2254 testibus
514 2201 616 2254 eorum
639 2193 703 2272 ipse
725 2201 827 2255 noster
848 2193 1055 2256 Tertullianus.
1092 2192 1309 2254 Testimonium

18 2303 19 2310 ¹
90 2297 127 2340 ex
152 2297 188 2338 eo
211 2278 277 2357 ipso
299 2277 391 2350 libro,
425 2277 509 2338 ouius
531 2286 654 2339 aetatem
676 2278 724 2338 bic
744 2278 968 2350 constituimus,
1000 2277 1085 2338 dicat.
1130 2277 1256 2350 Prodiit,
1278 2274 1309 2336 id

90 2362 173 2444 quod
195 2363 293 2424 nullus
316 2370 411 2442 negat,
436 2380 502 2423 cum
524 2363 582 2422 iam
604 2362 819 2424 crudelissimis
841 2362 974 2441 supplicii
1000 2361 1156 2422 Christiani
1185 2361 1222 2421 de
1243 2377 1308 2421 me-

91 2449 140 2509 dio
163 2446 346 2508 tollerentur.
390 2447 470 2507 ldem
497 2465 567 2507 vero
596 2448 631 2506 de
660 2447 761 2506 edictis
790 2447 977 2526 imperatoris
1005 2445 1078 2506 nibil
1097 2463 1224 2524 prorsus
1246 2453 1308 2506 tum

90 2531 223 2594 audinum
245 2530 347 2604 luisse,
362 2548 429 2590 ‚non
453 2547 512 2591 uno
532 2531 596 2591 loco
612 2529 720 2591 diserte
735 2530 852 2592 indicat.
883 2530 1179 2592 Coniecturammunc
1194 2530 1308 2602 omitto,
1354 2595 1367 2622 ·

91 2630 180 2696 qnam
203 2615 399 2694 spernendam
421 2623 519 2702 tamen
541 2633 609 2676 esse
630 2633 722 2693 nego:
748 2614 829 2686 illud,
850 2615 928 2694 quod
950 2613 986 2676 ad
1009 2614 1162 2695 praesides
1184 2613 1307 2693 provin·

89 2703 202 2763 ciarum
219 2700 348 2761 directus
364 2700 413 2773 sit,
437 2718 489 2760 eos
516 2698 598 2759 solos
621 2717 681 2759 non
697 2699 916 2784 imperatorem,
932 2699 1077 2760 malorum
1092 2697 1186 2758 luisse
1203 2705 1307 2758 aucto-

88 2804 149 2858 res,
173 2793 346 2864 argnmento
369 2802 448 2846 esse.
492 2782 727 2844 Evidentioribus
755 2801 803 2844 res
831 2791 987 2862 peragetur
1010 2777 1197 2844 testimoniis.
1240 2781 1307 2841 Pri-

89 2889 173 2932 mnm
201 2871 259 2931 boc
286 2876 351 2930 esto
382 2868 426 2942 (C.
448 2867 561 2929 XXXV.
584 2887 613 2946 p.
637 2869 736 2942 300.):
780 2867 840 2930 Nec
867 2868 927 2929 ulli
951 2873 1044 2946 mapis
1068 2867 1308 2946 depostulatores

91 2957 352 3024 Christianorum,
385 2971 474 3036 qnam
501 2953 620 3032 culpus.
666 2951 758 3013 Plane
788 2956 878 3015 ceteri
904 2953 1025 3013 ordines
1043 2945 1104 3031 pro
1127 2954 1309 3012 auctoritate

92 3040 231 3118 relaqiosi
249 3057 288 3100 eac
309 3039 377 3120 fide,
402 3036 479 3098 niln'l
500 3037 646 3100 boeticum
668 3037 703 3098 de
723 3041 789 3116 ipso
812 3047 928 3108 senatu,
952 3037 987 3097 de
1007 3039 1112 3117 equite,
1136 3036 1171 3096 de
1189 3037 1307 3106 castris,

92 3124 128 3186 de
156 3123 279 3202 polanis
312 3127 386 3203 apsis
415 3126 524 3201 spirat.
569 3120 647 3194 Quid
677 3139 732 3200 pro
765 3120 852 3181 nobis
885 3119 1049 3182 evidentius
1078 3120 1174 3180 lacere
1201 3119 1307 3198 possit,

93 3207 229 3287 equidem
251 3208 363 3268 nescio.
392 3205 501 3267 Palatia
523 3206 597 3284 ipsa,
621 3204 727 3284 quibus
749 3207 897 3283 Augustas
920 3223 986 3268 cum
1008 3203 1307 3275 annominemus,

93 3292 130 3354 de
154 3292 284 3353 bostium
300 3291 532 3352 Christianorum
554 3309 678 3351 ntunero
701 3290 809 3351 eximit.
837 3289 916 3351 Haec
937 3307 993 3369 qua
1007 3291 1103 3351 lronte
1126 3289 1307 3368 scripsisset,

93 3377 119 3437 si
142 3375 239 3455 legum
261 3377 291 3437 in
312 3374 451 3438 vexandis
474 3375 649 3437 Christianis
671 3375 727 3436 iarn
750 3375 892 3437 adfuisset
913 3363 1095 3436 auctoritas?
1138 3375 1214 3435 l'ota
1235 3391 1309 3453 quae

92 3479 158 3541 cap.
179 3461 224 3522 lV.
248 3462 281 3522 V.
303 3461 350 3522 Vl.
373 3459 492 3539 legitur'
505 3460 541 3521 de
568 3459 682 3538 legibus
711 3460 884 3540 disceptatio
912 3459 990 3521 idem
1015 3460 1177 3522 luculenter
1198 3459 1308 3518 confir-

89 3553 161 3607 mat.
206 3545 442 3608 Christianorum
469 3543 628 3607 adversarii
657 3545 735 3624 leges
765 3543 988 3625 praetexebant,
1022 3562 1095 3623 quae
1126 3553 1159 3605 ut
1192 3543 1223 3603 in
1255 3561 1308 3604 eos

88 3631 255 3693 saeviretur
285 3629 497 3709 praeciperent
548 3629 698 3702 Quasnam
725 3628 821 3690 vero?
863 3630 978 3691 Recens
1011 3628 1130 3690 editas?
1158 3627 1307 3688 ‘llinime

90 3716 195 3778 Edicta
217 3715 374 3794 crepabant
395 3732 411 3774 a
432 3714 559 3776 mortuis
581 3714 638 3774 iam
660 3723 760 3792 rogata
782 3713 1028 3794 imperatoribus,
1057 3731 1131 3793 qnae
1152 3711 1229 3772 baud
1252 3709 1308 3771 sibi

90 3800 204 3862 violare
232 3799 320 3861 licere
347 3797 490 3860 dicebant.
533 3796 686 3859 Praeclare
713 3798 825 3876 frigidis
852 3797 932 3859 hisce
954 3797 1122 3859 ratiunculis
1144 3796 1188 3856 vir
1209 3801 1309 3856 acubus

92 3886 230 3947 ocusrrit.
262 3882 434 3946 Rationibns
457 3891 524 3944 ante
546 3882 644 3942 omnia
666 3881 859 3954 demonstrat,
880 3891 938 3944 tam
961 3891 1090 3943 sanctam
1112 3879 1221 3940 nubam
1243 3895 1310 3939 esse

91 3957 204 4047 legem,
232 3987 307 4048 quae
334 3985 413 4041 non,
445 3968 470 4029 si
499 3966 568 4046 quid
590 3965 751 4045 iniquitatis
773 3967 930 4040 contineat,
953 3966 1093 4027 continuo
1116 3961 1239 4024 delenda
1260 3961 1308 4022 sit.

92 4051 156 4113 Nec
177 4053 317 4134 exenrplis
340 4052 370 4114 id
393 4069 493 4113 carere
514 4060 618 4130 postea
640 4051 739 4122 docet,
771 4067 837 4111 cum
859 4050 982 4112 Romani
1012 4047 1221 4110 vetustissimis
1242 4046 1310 4108 lieet

93 4135 232 4212 decretis,
255 4155 381 4217 quorum
403 4136 575 4198 iniustitiam
598 4134 805 4214 cognoverint,
821 4153 939 4197 omnem
957 4133 1137 4196 detraxerint
1149 4131 1308 4193 auctorita-

93 4229 156 4283 tem
184 4241 218 4284 aa
238 4223 365 4285 Severus
394 4222 460 4302 ipse
486 4221 580 4300 legem
602 4219 721 4300 Papiam
742 4219 934 4300 abrogaverit.
979 4219 1224 4288 dambertum,
1259 4216 1307 4276 in-

93 4306 159 4387 quit
189 4307 233 4382 (G.
256 4308 316 4368 XV.
339 4326 368 4387 p.
390 4309 472 4384 ts),
505 4305 635 4388 quotidie
663 4308 873 4385 asperimontis
902 4301 1142 4366 illuminantibus
1170 4302 1309 4364 tenebras

92 4397 282 4474 antiquitatis
317 4403 410 4456 totum
438 4390 524 4452 illam
544 4401 673 4454 ueterem
704 4398 733 4450 et
759 4388 956 4472 squallentem
977 4387 1084 4450 sileam
1106 4386 1309 4466 lepeunnoois

92 4477 312 4560 principalium
332 4477 552 4555 rescriptorum
573 4485 603 4536 et
624 4476 787 4536 edietomtm
802 4474 957 4535 securibus
972 4475 1104 4535 ruscatas
1120 4481 1154 4534 et
1163 4467 1310 4534 caeditisl'

97 4559 168 4623 Vide
190 4580 272 4635 vero,
295 4559 401 4642 quibus
423 4559 461 4621 de
481 4557 594 4638 legibus
617 4577 716 4621 sermo
739 4556 801 4620 siat
829 4556 871 4618 lle
893 4557 1029 4637 antiquis,
1051 4564 1084 4618 ut
1105 4563 1235 4637 apertum
1253 4562 1309 4628 est,

95 4643 201 4722 quibus
230 4664 322 4709 noras
352 4643 484 4726 opponit.
526 4642 626 4741 Pergit
652 4642 689 4706 ad
717 4641 827 4705 latores
848 4641 944 4724 legans
966 4643 1106 4705 adversus
1128 4640 1309 4704 Christianos
