3132 5238
242 360 284 423 48
468 375 658 419 mssttntsrto
681 376 719 417 DE
742 375 937 418 usnrttuttru
958 375 1024 416 VITA
1045 375 1082 417 tta
1106 374 1235 418 SCMll'TlS

243 527 454 589 Tertullianum
477 527 566 589 luisse
588 534 788 606 prosecutum.
832 528 958 589 Secutus
980 527 1094 588 videtur
1115 525 1275 588 Pamelium
1297 524 1364 604 qui,
1393 543 1463 586 cum

242 613 283 674 ait
311 612 425 674 avulsas
449 613 612 684 Praxeanae
640 631 747 674 avenas
776 631 829 692 per
857 631 924 674 eum
947 631 1034 692 quem
1056 611 1135 673 Deus
1157 610 1234 684 vult,
1264 609 1465 690 zephyrinum

243 697 392 776 designari
415 705 506 775 putat.

245 797 251 812 ·
329 783 435 843 Verum
463 799 592 844 crassam
615 780 735 842 Pamelii
764 781 1018 842 hallucinationem
1047 779 1212 842 aBnronio
1238 779 1387 841 emendari
1408 799 1467 858 par

243 867 346 928 luerat.
381 866 459 940 Quid
486 867 564 928 enim
592 885 691 927 annon
713 885 748 926 ex
771 863 942 927 Tertulliani
963 866 1028 927 loco
1051 874 1098 926 sat
1117 863 1303 926 manifestum
1327 873 1372 925 est
1393 865 1467 926 alibi

243 969 330 1030 quam
345 950 456 1012 Romae
478 951 554 1012 hanc
566 951 733 1018 Praxeanae
748 951 906 1011 haereseos
926 950 1175 1030 impugnationem
1189 947 1317 1010 laomor?
1339 949 1469 1012 Fructi-

175 1110 180 1120 .
244 1047 389 1098 caverant
403 1055 515 1097 coenae
530 1035 719 1106 l'rcaccncc,
737 1035 782 1097 hic
798 1053 913 1116 queque
928 1033 1210 1116 areperscminctccl
1231 1035 1336 1096 Annon
1350 1035 1468 1096 Africae

244 1121 432 1199 metropolin,
456 1121 487 1181 in
508 1139 565 1199 qua
587 1120 740 1200 presbyter
760 1129 831 1190 erat,
855 1119 926 1180 satis
948 1117 1135 1198 designavit?
1171 1119 1195 1181 Τ
1194 1120 1336 1181 reductce
1359 1118 1470 1182 dehinc

241 1223 299 1284 per
321 1225 406 1286 quem
418 1205 499 1268 aaa
523 1205 630 1278 velnit,
654 1209 743 1267 etiam
765 1204 886 1266 evulsae
908 1205 1098 1266 videbantur.
1121 1205 1158 1264 At
1180 1203 1249 1282 quid
1271 1204 1320 1264 hic
1340 1203 1376 1264 de
1398 1204 1466 1265 Ro-

243 1289 321 1350 mani
343 1289 489 1369 pontificis
512 1288 625 1369 opera?
657 1289 789 1370 Denique
812 1300 933 1351 ccocrct
950 1293 1119 1368 pristinam
1141 1291 1247 1351 doctor
1264 1289 1304 1361 xde
1326 1290 1469 1351 emendo-

242 1379 324 1437 tc'cae
335 1395 402 1450 suc,
426 1386 454 1436 et
475 1385 574 1436 manet
590 1374 825 1455 chirographum
839 1375 920 1454 opud
928 1375 1096 1454 psychicos,
1112 1375 1193 1454 opud
1208 1393 1281 1454 pnes
1298 1384 1368 1434 tunc
1378 1385 1469 1454 pcata

243 1478 293 1520 res
316 1471 370 1530 est,
394 1461 501 1522 em'nde
523 1459 686 1521 silentium.
715 1459 773 1531 Qui
794 1458 851 1520 sibi
874 1477 934 1518 non
958 1467 1062 1537 sponte
1085 1459 1162 1520 eruit
1183 1458 1294 1530 oculos,
1315 1457 1395 1520 ridet
1415 1459 1469 1519 bic

243 1542 315 1604 nihil
345 1544 380 1606 de
402 1545 528 1618 Praxoa,
557 1545 610 1604 sed
638 1545 675 1606 de
702 1544 806 1605 insano
835 1543 971 1621 dogmate
992 1543 1135 1618 Praxeae,
1163 1542 1243 1621 quod
1276 1561 1311 1602 ex
1332 1542 1410 1604 Urbe
1431 1542 1467 1604 in

242 1628 370 1688 Africam
391 1637 589 1691 transvectum
610 1631 712 1690 luerat.
743 1628 826 1701 Quae
849 1627 937 1706 igitur
958 1628 1117 1689 recantatio
1140 1629 1215 1690 laeta
1230 1635 1286 1701 est,
1309 1626 1384 1688 illam
1400 1646 1465 1688 non

243 1711 275 1772 in
296 1712 389 1784 Urbe,
421 1714 474 1774 sed
502 1713 577 1792 apud
600 1713 803 1792 Carthaginem
831 1715 935 1774 tactam
958 1731 1024 1774 esse
1047 1712 1132 1774 docet
1154 1712 1357 1774 Tertullianus.
1400 1711 1463 1784 Qui

242 1815 350 1858 avenas
372 1798 537 1859 Praxeanae
560 1797 697 1869 traduxit,
721 1797 768 1858 ille
790 1816 850 1858 non
871 1797 1067 1858 Romanensis
1090 1797 1245 1877 quispiam,
1269 1797 1323 1858 sed
1333 1797 1404 1874 ipse,
1426 1805 1464 1858 ut

201 1928 206 1943 .
244 1880 367 1955 videtur,
390 1882 439 1962 qui
462 1901 548 1942 suum
569 1881 754 1962 dissimulare
777 1900 886 1942 nomen
908 1881 1079 1944 humilitatis
1102 1882 1199 1944 studio
1222 1881 1321 1955 voluit,
1344 1881 1464 1942 Tertul-

243 1964 348 2027 lianus.
434 1979 439 2000 '

329 2051 371 2110 Ex
393 2050 451 2111 hoc
472 2059 568 2112 autem
591 2069 677 2128 quam
699 2049 801 2110 leviter
822 2049 966 2128 accipiant
986 2069 1088 2111 ansam
1110 2051 1172 2112 suis
1195 2050 1292 2112 omnia
1313 2049 1467 2114 tribuendi

168 2137 171 2150 '
244 2135 475 2196 Romanensium
508 2134 635 2215 partium
667 2135 828 2214 scriptores
861 2134 972 2201 rideas.
1016 2133 1094 2195 Nihil
1126 2134 1237 2196 Romae
1271 2135 1301 2195 in
1332 2135 1467 2198 Praxeae

154 2277 161 2284 .
245 2239 333 2280 causa
354 2229 448 2281 actum
471 2227 614 2280 memorat
636 2218 843 2280 Tertullianus.
875 2219 980 2280 Omnia
1002 2227 1110 2294 tamen,
1133 2220 1159 2280 si
1182 2219 1239 2280 illis
1262 2220 1376 2291 medas,
1401 2221 1467 2282 llo-

244 2323 309 2366 mae
331 2313 411 2383 gesta
433 2313 512 2366 sunt.
557 2303 662 2365 Omnia
685 2303 794 2365 llomae
823 2303 955 2383 episcopi
977 2304 1007 2364 in
1031 2303 1195 2365 haereseon
1217 2303 1411 2366 debellatione
1433 2325 1470 2368 ac

245 2389 458 2468 expugnatione
474 2397 641 2468 exegerunt
665 2389 782 2450 Ena'tna't
805 2399 876 2450 tnnc
899 2392 1052 2468 temporis,
1075 2387 1327 2467 inquitBaronius
1350 2389 1466 2451 adan·
1499 2461 1501 2464 ¹

243 2493 315 2536 num
331 2473 480 2536 CLXlllll.
504 2479 534 2551 ξ.
547 2479 576 2536 4.
589 2493 663 2556 cuce
678 2475 713 2535 de
728 2474 802 2535 Sede
818 2473 904 2535 Petri
922 2472 1097 2552 impollutae
1111 2475 1263 2535 serocndc
1277 2478 1372 2553 viguit
1385 2494 1466 2537 eem-

241 2577 301 2638 per
323 2559 451 2637 vigilans
475 2559 578 2620 diatim
598 2559 809 2639 procidentia:
832 2577 902 2626 acm
926 2577 991 2619 cnm
1006 2557 1055 2619 tlh·
1068 2561 1140 2621 totis
1156 2559 1272 2620 viritas
1288 2563 1350 2620 nisi
1364 2572 1467 2623 essent

241 2648 410 2724 pramcm'ce
432 2643 582 2705 Ecclesiae
604 2646 899 2705 communicationem
919 2644 1086 2723 scaffnrcri,
1117 2661 1174 2722 qao
1197 2649 1239 2705 sic
1260 2645 1296 2705 cd
1319 2649 1468 2706 universo

246 2728 392 2790 cctbch‘cc
405 2727 540 2790 'Ecclesia
561 2729 741 2791 viderentur
763 2745 826 2788 esse
849 2732 964 2807 recepte·
976 2739 1064 2806 utque
1075 2723 1208 2806 probati,
1232 2729 1302 2790 dum
1317 2747 1367 2790 res
1383 2731 1467 2810 cpad

243 2811 411 2875 Romcnum
429 2813 602 2893 pontificem
623 2823 774 2890 operatur,
798 2813 928 2892 idemque
950 2813 985 2873 de
1007 2814 1206 2891 impcrn'endc
1220 2813 1283 2874 illis
1299 2819 1468 2876 commoni·
1498 2876 1501 2882 .

245 2901 361 2960 ccn’cne
385 2897 501 2960 litteras
526 2899 661 2968 dedisset,
687 2902 828 2960 continno
852 2900 1022 2976 reocccoa't,
1042 2915 1107 2958 cnm
1128 2899 1288 2959 calamicca
1314 2897 1467 2970 Promeae,

246 2981 408 3044 cctlch‘ccc
429 2983 585 3060 relcpa'oms
608 2992 679 3044 tnnc
702 2981 798 3054 homo,
821 2981 918 3042 multo
933 2981 968 3042 dc
983 2981 1046 3043 illis
1061 2993 1136 3061 pune
1152 2982 1295 3044 hactenns
1307 2989 1467 3063 praecare·-

245 3071 339 3130 s'sscat
360 3072 459 3146 ipsum
480 3066 647 3129 llcmcnum
665 3067 838 3147 pontificem
860 3067 952 3128 eidem
973 3065 1171 3146 sr'pns'ficcsset
1196 3067 1441 3146 a‘nculccssctgue.

329 3151 392 3210 llos
414 3159 460 3212 est
481 3159 656 3230 perpetuum
667 3169 770 3212 causae
786 3169 856 3212 suae
871 3149 1011 3222 studium,
1027 3150 1106 3228 quod
1123 3150 1155 3212 iu
1168 3150 1329 3212 Annalibus
1342 3151 1466 3214 baronii

246 3234 354 3307 omnia,
376 3233 426 3295 uhi
442 3233 575 3296 Romano
597 3234 729 3313 pontifici
746 3234 910 3296 vindicandi
925 3235 1106 3314 principatus
1122 3235 1154 3296 in
1169 3235 1321 3297 ecclesiam
1343 3237 1467 3298 occasio

245 3316 290 3378 vel
312 3318 431 3379 minima
453 3319 570 3392 allulsit,
593 3319 787 3379 conturbavit
832 3319 909 3391 Quid
931 3319 1010 3380 enim
1031 3319 1142 3381 audio?
1164 3321 1256 3381 Docet
1278 3321 1340 3400 ipse
1361 3320 1474 3402 Anna-v

244 3402 316 3464 lium
343 3421 450 3480 parens
479 3402 665 3464 ecclesiarum
688 3403 774 3465 Asiae
803 3403 959 3483 episcopos
982 3405 1121 3466 adversus
1143 3405 1313 3466 Montanum
1335 3413 1364 3466 et
1384 3405 1471 3469 illius

245 3487 368 3548 comites
390 3493 528 3566 tanquam
550 3488 691 3549 adversus
712 3488 986 3567 pseudoprophetas
1008 3489 1214 3550 insurrexisse.
1248 3490 1280 3550 ld
1303 3489 1379 3569 apnd
1402 3490 1471 3554 Eu-

246 3571 361 3634 sebium
389 3571 439 3653 lib.
463 3572 495 3632 V.
526 3591 589 3651 cap.
614 3573 662 3636 18.
692 3573 770 3634 clare
796 3572 972 3651 Apollinaris
1001 3581 1109 3636 narrat
1153 3574 1246 3635 Decet
1267 3575 1474 3640 'Tertullianus

245 3657 372 3718 Victoris
394 3675 611 3736 praecessores,
633 3657 664 3718 id
685 3666 740 3730 est,
756 3656 945 3720 Eleutherum
967 3677 1001 3720 ae
1016 3659 1162 3732 Soterem,
1184 3659 1323 3733 Montani,
1344 3659 1475 3723 Priscae

246 3751 275 3804 et
295 3742 466 3804 Maximillae
488 3741 660 3821 prophetias
682 3742 905 3804 auctoritatibus
928 3742 1001 3816 suis,
1025 3743 1104 3822 quod
1125 3753 1155 3805 et
1176 3763 1193 3804 a
1215 3744 1320 3805 ceteris
1343 3744 1473 3823 episco-

244 3827 292 3906 pis
315 3827 345 3888 in
366 3826 451 3900 Asia,
475 3834 508 3888 ut
529 3835 672 3888 memorat
692 3827 883 3905 Apollinaris,
907 3829 1014 3890 lanum
1037 3836 1098 3901 est,
1121 3827 1294 3907 explosisse.
1337 3829 1476 3894 Veniunt

247 3913 370 3974 Romam
392 3912 591 3974 Montauistae
618 3911 673 3972 suh
695 3911 828 3973 Victore:
860 3931 929 3974 suas
956 3912 1127 3991 prophetias
1156 3913 1234 3992 apud
1254 3912 1404 3976 Victorem
1426 3915 1476 3977 ita

246 3996 381 4074 probant,
404 4006 436 4059 ut
456 4003 558 4077 spreto
580 3995 730 4058 Eleutheri
753 4005 782 4058 et
803 3997 916 4059 Soteris
951 3997 1058 4058 iudicio
1088 3997 1305 4078 Cathaphrygcs
1327 3998 1406 4059 istos
1430 4001 1474 4062 ad
1559 4061 1560 4064 ,

145 4127 150 4138 .
245 4079 482 4142 communionem
496 4099 580 4144 stram
594 4081 735 4154 admittat,
758 4089 787 4144 et
799 4081 836 4143 ad
848 4080 987 4143 ecclesias
1003 4082 1360 4144 montanizantes'litteras
1383 4085 1473 4162 pacis

127 4191 131 4200 ⁴
246 4164 351 4225 mittat.
396 4165 462 4225 Non
482 4166 588 4244 potuit,
610 4175 643 4228 ut
664 4165 806 4240 arbitror,
829 4185 929 4228 errare
951 4166 1111 4228 solemnius
1135 4167 1227 4229 Sedes
1249 4167 1346 4242 Petri,
1376 4187 1475 4246 quam

245 4248 333 4310 nobis
356 4248 392 4310 ab
414 4251 526 4312 erroris
549 4251 683 4331 conmgio
705 4251 865 4312 immunem
887 4259 1036 4331 praestare
1058 4253 1139 4332 cupit
1157 4252 1310 4314 Batonius.

333 4334 364 4396 si
385 4333 511 4396 Praxeas
525 4336 637 4398 Aniceti
653 4343 786 4415 tempore
801 4336 942 4410 venisset,
965 4345 1027 4397 tum
1042 4355 1078 4398 ea
1091 4337 1198 4399 dooere
1213 4337 1372 4416 potuisset,
1389 4356 1474 4417 quae
1514 4354 1518 4360 ’

246 4419 432 4497 pontificem,
454 4437 487 4480 re
509 4420 618 4484 scilicet
640 4421 671 4482 in
692 4420 765 4482 lucis
787 4439 873 4482 auras
896 4429 1074 4498 emergente,
1096 4421 1240 4494 latebant,
1269 4441 1402 4502 quaeque
1424 4423 1473 4487 illi

245 4504 319 4564 adeo
334 4503 473 4566 ,fraudem
497 4505 588 4566 tacere
610 4514 754 4586 poterant
784 4506 892 4567 Vemm
906 4505 1075 4574 baronium.
1098 4525 1263 4586 quanquam
1285 4506 1314 4568 id
1336 4506 1475 4571 absurde

245 4589 285 4650 ad
305 4607 413 4652 annum
436 4587 613 4651 Cblllllllll.
635 4593 752 4666 reserat,
774 4590 854 4670 quod
875 4589 1084 4653 annoCltGVl.
1106 4590 1267 4670 contigisse
1286 4591 1353 4672 ipse
1374 4593 1475 4656 relert
