3132 5238
449 375 584 420 roeroarr
606 377 702 420 esraa
724 377 819 420 merx.
841 377 868 419 v.
891 379 920 420 n.
940 377 970 420 rr.
1280 365 1321 426 tr

101 525 203 586 litteras
229 526 314 604 paris
336 524 374 587 ad
395 527 449 586 has
470 527 556 588 Asiae
578 537 608 590 et
628 529 770 608 Phrygiae
793 529 1084 592 ecclesias-misisse.
1115 529 1247 591 Tertium
1266 537 1321 604 eat,

99 609 227 670 Praxean
257 610 298 671 ita
327 610 404 688 apud
428 610 592 674 Romanum
613 614 781 691 pontificem
802 614 861 676 iarn
882 615 1129 684 monnniaantem
1150 615 1261 693 egisse,
1291 625 1323 677 ut

100 696 158 756 hinc
180 695 320 756 Montani
342 704 372 756 ct
394 695 470 757 illins
493 698 632 759 comitum
654 699 838 777 prophetiam
860 700 943 760 varia
969 699 1105 778 culpans,
1134 699 1214 761 illinc
1234 717 1322 779 prae-

98 795 251 842 cessorum
276 780 457 859 exemplum,
492 781 542 860 qni
564 783 602 844 de
622 782 762 845 Montano
784 784 868 846 aliter
889 791 1061 855 statuerant,
1094 784 1235 868 episcopo
1258 785 1321 846 llo-

96 884 178 926 mano
205 865 350 942 ingerens
373 873 526 927 eteorum
549 867 749 942 auctoritates,
772 868 871 942 idest,
895 878 927 932 ut
948 869 1083 942 coniicio,
1107 869 1230 948 scriptas
1256 869 1320 949 epi-

96 967 257 1029 scoporum
274 949 476 1012 Romanorum
491 951 631 1014 adversus
647 953 839 1015 Montanistas
855 954 994 1033 epistolas
1010 954 1181 1028 defendens,
1193 955 1323 1034 coegerit

95 1035 206 1096 htteras
230 1035 315 1113 pacis
337 1053 477 1096 revocare
498 1035 554 1096 iarn
577 1036 711 1098 emissas.
1314 1097 1318 1112 ,
1363 1105 1369 1122 ,

175 1119 212 1180 ln
243 1119 295 1180 his
324 1139 398 1198 quae
420 1120 616 1183 Tertullianus
643 1122 791 1202 suggerit,
818 1142 852 1183 ac
873 1123 966 1184 libere
988 1123 1163 1202 pronuntio,
1193 1123 1320 1202 siquod

93 1207 199 1266 horum
214 1204 347 1282 capitum
358 1203 508 1266 Eleutheri
520 1214 636 1284 tempus
648 1208 802 1268 commode
814 1207 968 1286 designare
980 1217 1087 1286 potest,
1102 1209 1181 1286 quod
1193 1226 1320 1286 agnosco

93 1291 198 1362 libens,
224 1288 344 1368 singula
366 1297 463 1350 tamen
484 1291 520 1350 ad
543 1290 669 1352 Victoris
692 1292 894 1376 episcopatum
915 1293 1003 1372 longe
1024 1293 1130 1354 melius
1153 1291 1265 1352 referri.

176 1375 300 1446 Fateor,
324 1373 482 1434 Eleuthero
510 1375 662 1436 ecclesiam
685 1376 846 1437 Romanam
874 1387 995 1455 regente
1017 1376 1103 1447 (obiit
1124 1384 1220 1437 autern
1243 1393 1320 1436 anno

91 1461 210 1520 deruno
235 1458 392 1520 Commodi
413 1457 611 1537 imperatoris,
634 1460 664 1521 id
686 1469 730 1521 est
751 1480 828 1521 anno
850 1461 968 1522 [lamini
987 1459 1081 1536 CXC.)
1104 1461 1161 1522 iarn
1184 1459 1321 1522 ecclesias

91 1545 121 1605 irr
143 1543 276 1622 Phrygia
298 1551 329 1604 et
348 1543 417 1604 alsia
439 1543 540 1616 luisse,
563 1563 637 1623 quae
658 1545 787 1606 Montani
810 1545 980 1624 prophetias
1002 1546 1199 1608 admitterent.

176 1629 290 1690 Fateor
317 1627 435 1702 itidem,
464 1628 491 1689 si
519 1629 675 1690 adventum
698 1629 825 1691 Praxeae
853 1631 889 1690 ad
912 1631 1031 1692 ultimos
1054 1630 1205 1692 Eleutheri
1225 1649 1319 1692 annos

89 1715 216 1786 celeras,
238 1731 302 1773 non
325 1713 390 1773 lore
412 1731 475 1773 rem
497 1713 655 1774 admodum
677 1714 910 1792 improbabilem.

177 1799 289 1858 Verrrm
318 1797 348 1858 id
375 1816 425 1858 me
451 1817 542 1859 unum
565 1799 601 1859 ab
624 1799 679 1860 hac
700 1799 839 1878 opinione
861 1807 988 1871 revocat,
1011 1807 1056 1860 sat
1077 1800 1258 1872 necessaria,
1287 1808 1321 1862 ut

92 1883 225 1954 ridetur,
246 1882 474 1960 consequentia:
496 1882 611 1948 Etenim
634 1884 660 1944 si
682 1885 717 1945 ad
733 1885 920 1946 Eleutherum
937 1885 1062 1966 reseras,
1085 1893 1146 1946 turn
1162 1903 1215 1964 per
1230 1902 1318 1963 prae-

96 1985 252 2029 sessorum
281 1967 487 2039 auctoritates,
517 1987 589 2046 quas
612 1988 859 2030 commemorasse
881 1979 911 2030 et
932 1969 1100 2030 defendisse
1121 1969 1247 2030 Praxeas
1268 1988 1315 2030 re·

90 2055 205 2124 fertur,
239 2050 437 2113 Tertullianus
467 2052 553 2114 unius
582 2051 696 2115 Soteris
724 2054 831 2132 scripta
865 2054 1077 2132 designaverit,
1110 2073 1196 2132 quern
1228 2072 1319 2115 unum

91 2155 322 2281 praecessoresb
335 2154 472 2210 vocasse,
500 2145 533 2198 ut
554 2137 714 2200 absurdum
736 2148 791 2212 est,
814 2140 854 2200 ita
876 2139 1056 2200 Tertulliano
1080 2139 1109 2199 id
1130 2141 1237 2200 lactum
1258 2157 1319 2200 non

90 2223 180 2284 debet
203 2221 301 2282 adseri
325 2220 344 2282 i.

177 2305 261 2379 Quid
295 2306 320 2366 si
352 2304 463 2366 dixeris
496 2323 702 2383 praecessores
730 2307 851 2386 intelligi
879 2327 896 2368 a
924 2308 1103 2369 Tertulliano
1128 2307 1261 2368 Soterem
1290 2315 1319 2369 et

90 2393 262 2462 Anicetum,
281 2391 348 2452 'tam
370 2409 421 2450 res
444 2389 527 2451 valde
543 2391 745 2469 improbabilis
761 2394 913 2454 statuenda
929 2393 977 2466 sit,
999 2392 1140 2454 nimirum
1155 2410 1219 2454 cum
1231 2393 1317 2452 Mon-

91 2489 175 2538 tanus
206 2495 289 2536 anno
320 2483 432 2536 tanturn
462 2474 585 2536 CLlllll.
615 2475 800 2554 disciplinam
831 2496 914 2538 suam
941 2478 1145 2557 promulgasse
1178 2477 1317 2555 coeperit,

92 2563 247 2623 hoicetnm
271 2568 369 2620 tamen
398 2559 450 2638 qui
477 2579 554 2620 anno
577 2560 695 2622 Domini
717 2561 854 2622 elxxll.
878 2571 1001 2624 exeunte
1028 2570 1078 2623 aut
1106 2562 1209 2624 saltem
1240 2579 1317 2622 anno

94 2645 248 2708 clxxssr.
272 2645 393 2706 ineunte
422 2643 529 2704 devixit
537 2666 547 2716 ,·
568 2645 604 2706 de
625 2645 764 2707 Montano
787 2655 816 2706 et
836 2645 915 2708 illius
938 2647 1027 2708 sociis
1049 2647 1267 2726 pronuntiasse,
1284 2655 1321 2707 et

92 2733 123 2792 in
143 2751 196 2792 eos
218 2739 362 2808 nuquam
384 2729 415 2790 in
437 2724 712 2808 pseudoprophetas
733 2731 824 2792 luisse
847 2731 1002 2792 invectum.

174 2816 238 2877 Res
264 2822 361 2875 autem
383 2822 490 2891 sponte
511 2813 592 2886 lluit,
622 2814 647 2874 si
669 2815 706 2875 de
727 2815 844 2876 Victore
867 2815 995 2876 loculum
1018 2833 1085 2875 esse
1108 2814 1318 2874 Tertullianum

91 2901 211 2962 dixeris.
259 2899 335 2960 llinc
356 2899 437 2959 enim
459 2907 570 2960 certum
593 2906 640 2960 est
656 2899 801 2971 Soterem,
824 2900 874 2978 qui
895 2899 1016 2960 Aniceto
1039 2898 1191 2968 successit,
1213 2898 1318 2958 adrer-

92 3005 142 3046 sus
164 2983 365 3046 Montanistas
388 2983 529 3044 calarrrunr
553 2983 718 3044 strinxisse.
751 2982 784 3043 ld
807 3001 947 3060 expresse
969 2981 1240 3060 habetrlnonganus
1263 2981 1318 3042 suh
1437 3035 1441 3044 .

94 3069 312 3132 Praedestinati
345 3068 465 3128 nomine
492 3067 608 3128 haeresi
630 3067 730 3128 llllVl.
774 3067 856 3128 lllirro
877 3085 948 3128 vero
970 3067 1068 3128 minus
1091 3065 1217 3126 absurde
1239 3066 1318 3127 iudi·

94 3175 142 3216 oes
163 3153 371 3226 Eleutherum,
393 3151 499 3231 quippe
522 3152 571 3230 qni
597 3152 731 3212 Soterem
754 3151 921 3212 immediate
942 3152 971 3212 in
995 3150 1192 3214 successionis
1215 3151 1319 3212 ordine

99 3240 253 3318 exceperit,
278 3237 378 3298 Soteri
400 3237 481 3316 paria
502 3237 598 3315 egisse
621 3245 651 3298 et
672 3236 827 3316 scripsisse
848 3236 989 3298 adversus
1012 3237 1213 3297 Montanistas.

182 3323 268 3384 Certe
297 3341 364 3384 curn
393 3322 470 3382 inter
491 3322 638 3384 Victorem
666 3330 696 3383 et
715 3322 859 3384 Asiaticos
880 3321 947 3384 lites
969 3321 1076 3384 multae
1098 3331 1177 3382 satae
1199 3321 1318 3392 luerint,

95 3408 314 3554 gadundem
335 3407 367 3504 in
387 3406 517 3552 immitia
540 3414 717 3552 eraserugt,
730 3407 816 3554 erigis)
835 3415 938 3553 mdo?
959 3407 1014 3469 luit
1033 3406 1328 3553 Xi⁰i9r'.pr⁰¹}libffi·

130 3513 178 3554 mo
201 3511 254 3554 um
283 3509 452 3554 conrecura
508 3510 557 3552 cas
586 3508 656 3552 mon
689 3510 773 3554 nnan
819 3511 853 3552 us
909 3511 970 3553 srae
998 3511 1032 3553 ec
1059 3511 1129 3553 esrrs
1158 3511 1189 3552 rn
1218 3509 1319 3552 orum

93 3589 259 3640 mnarum
282 3596 298 3636 a
322 3576 430 3654 quibus
452 3575 645 3656 dissentiebat
666 3575 705 3636 ob
727 3576 927 3655 quaestionem
956 3579 993 3638 de
1024 3577 1071 3639 die
1099 3575 1245 3654 paschatis
1272 3575 1317 3636 la·

92 3665 169 3725 risse
200 3662 364 3741 aliquando
387 3660 551 3731 Victorem,
584 3660 699 3739 illisque
727 3679 809 3723 snam
833 3663 1071 3723 communionem
1094 3660 1318 3738 impertitorem,

92 3749 120 3810 ni
142 3750 268 3810 demam
282 3746 412 3808 Praxeas
433 3745 514 3806 illum
536 3745 650 3806 obiecto
666 3746 779 3807 Soteris
802 3753 832 3807 ct
845 3745 994 3808 Eleutheri
1008 3765 1069 3806 non
1085 3745 1214 3806 obscuro
1225 3761 1321 3821 ,snper

94 3853 124 3908 ea
145 3851 240 3896 musa
263 3831 374 3892 iudicio
396 3828 580 3909 depictisque
600 3829 637 3891 ad
658 3829 756 3892 virum
778 3831 826 3892 his
847 3849 921 3910 quae
936 3830 1066 3892 Montani
1092 3828 1197 3906 placita
1212 3845 1318 3906 seque-

94 3917 198 3980 bantur
220 3915 357 3978 ecclesiis
379 3915 416 3976 ab
439 3934 474 3976 eo
497 3914 620 3977 consilio
642 3923 821 3976 revocasset.

175 4001 299 4065 Etenim
330 4000 381 4079 qui
413 4017 479 4060 cum
506 3998 635 4060 Baronio
663 3999 759 4062 seatio
785 4017 841 4078 per
867 3999 1038 4078 episcopum
1071 3997 1236 4058 Romanum
1268 3997 1318 4076 qui

100 4087 267 4166 prophetias
289 4085 423 4147 Montani
451 4084 508 4145 iam
530 4083 709 4162 agnoscebat
734 4083 881 4146 Victorem
913 4081 1078 4162 designari,
1107 4099 1169 4142 non
1194 4099 1318 4160 possum

101 4172 166 4249 quio
185 4173 226 4236 illi
250 4171 284 4233 io
308 4189 343 4232 os
366 4168 582 4241 conhadicam,
611 4187 676 4230 eum
704 4177 775 4248 post
794 4177 988 4230 memoratum
1009 4167 1136 4228 Praxeae
1158 4167 1187 4227 in
1210 4165 1319 4228 Urbem

100 4257 252 4320 adrentum
282 4273 363 4317 anno
387 4252 507 4315 excvt
537 4257 566 4330 5.
591 4255 640 4318 18.
669 4262 738 4332 post
759 4252 936 4333 descriptam
958 4251 1035 4314 illius
1057 4252 1192 4314 haeresin
1215 4255 1244 4328 §-
1269 4254 1318 4315 19.

99 4341 150 4402 suh
169 4341 341 4423 zephyrino
364 4337 492 4405 Victoris
514 4357 687 4400 successore
719 4339 843 4400 eundem
865 4337 996 4398 Praxean
1018 4336 1128 4400 Romae
1151 4337 1319 4398 damnatum

100 4427 159 4490 iacti
178 4428 388 4508 poenitentem
410 4431 577 4484 recantasse
598 4422 775 4503 palinodiam
796 4421 926 4484 libellum
948 4439 1018 4484 snae
1033 4421 1229 4502 poenitentiae
1243 4439 1318 4482 corr·

101 4513 261 4592 arripuisse,
286 4512 394 4589 sicque
417 4507 467 4568 diu
489 4507 627 4580 latuisse,
659 4527 692 4570 ac
713 4507 829 4568 tandem
851 4506 988 4568 latentem
1011 4508 1041 4568 in
1063 4505 1215 4569 stomacho
1244 4505 1317 4566 hae-

101 4598 173 4662 rain
201 4600 315 4662 iterum
351 4591 521 4656 evomuisse
549 4593 672 4668 asserit,
703 4591 833 4672 haecque
862 4592 960 4654 omnia
986 4591 1051 4655 loco
1080 4609 1170 4671 snpra
1199 4590 1316 4652 laudato
