3020 5230
425 395 560 440 sumone
582 395 625 440 ro.
648 396 711 440 ses.
734 395 860 440 suum.
1169 379 1253 480 ote

181 544 281 598 result.
294 547 351 597 ¹adr.
370 545 461 597 Valent.
530 541 533 547 '
819 544 881 597 lren.
900 551 983 595 eontra
1001 543 1101 597 literer.

21 633 94 690 latu
107 646 165 690 suo
181 635 335 702 σκότους
356 629 400 690 sic
415 629 473 690 erit
487 635 516 690 et
530 627 615 690 choi·
667 649 724 692 ναι
743 623 801 691 τόν
821 619 896 690 κατ’
920 622 1038 704 εἰκόνα,
1059 626 1114 691 καὶ
1130 619 1254 708 όμολιο-

21 733 70 775 us
98 722 130 773 et
150 712 286 786 animalis
301 714 338 775 ad
353 713 511 792 imaginem
526 720 557 774 et
571 713 616 773 si·
668 731 721 776 σιν
747 708 904 794 γεγονότα
926 743 969 760 -
988 733 1031 756 ⁴·-
1057 703 1193 792 όστερον
1217 711 1254 776 dd

21 797 221 860 militudinem
242 799 345 858 lactus.
368 827 409 842 -·
424 831 464 844 «-
494 796 616 858 luterim
665 797 929 877 τιοριτεθιῖσθαι
939 794 1088 878 λέγουσιν
1100 788 1254 942 αὐτηῑτόν

21 881 175 948 annalem
188 881 395 960 superficiem⁰
413 887 519 959 postea
534 880 617 942 aiunt
667 875 860 961 δερμάτινον
880 880 1016 958 χιτῶνα·
1038 878 1137 942 τοῦτο
1179 875 1254 943 eud
1291 929 1294 940 .

21 965 130 1026 hoico
152 975 377 1045 supertextam,
399 971 429 1026 et
451 965 527 1025 hano
547 981 616 1028 csse
666 959 831 1048 αἰσθητὸν
847 967 982 1046 σαρκίον
997 955 1083 1027 εἶναι
1096 962 1237 1045 λέγουσα

21 1049 182 1112 ›elle'ccom
205 1048 344 1121 tunicam,
366 1048 526 1110 obnoxiam
541 1066 615 1110 sen-

23 1153 77 1195 ur.

265 1217 322 1281 Cep.
342 1217 383 1266 25.
924 1210 951 1279 5.
968 1215 991 1267 'l.

59 1319 169 1377 Inerat
197 1323 294 1376 eutem
325 1316 355 1376 in
383 1313 546 1376 Achamoth
575 1331 615 1376 eor
658 1317 660 1322 ’
709 1311 758 1378 Τὸ
774 1311 809 1378 dd
824 1309 931 1398 κύημα
944 1313 1003 1396 τῆς
1016 1310 1139 1397 μητρὸς
1154 1307 1254 1400 αότῆς

21 1402 220 1463 :inescamur
245 1399 372 1479 Sophiae
393 1400 497 1460 matris
518 1417 612 1478 pecu-
664 1391 905 1482 τῆςἍχαμώθ,
923 1392 941 1461 ὃ
957 1429 997 1443 ·-
1013 1431 1053 1444 -
1070 1392 1253 1484 ἀπεκύησεν

21 1486 94 1546 iare
132 1483 279 1563 quoddam
309 1483 432 1544 seminis
449 1483 613 1562 spiritalis,
665 1475 844 1563 όμοοόσιον
864 1483 904 1568 τῇ
918 1481 1016 1566 μητρὶ
1032 1479 1254 1563 πνευματικὸν

21 1569 102 1630 licut
124 1576 155 1628 et
175 1567 239 1648 ipse
254 1567 415 1628 Achamoth
431 1568 461 1628 in
478 1567 536 1628 lilio
552 1567 613 1628 ue·
664 1566 718 1630 καὶ
741 1560 840 1630 αὐτόν
861 1560 1052 1650 ἠγνοηκέναι
1072 1564 1131 1630 τόν
1145 1571 1254 1650 Δημι-

21 1653 140 1730 niurgo
156 1661 407 1733 sequestraverat,
424 1669 461 1711 ne
477 1650 613 1729 hocqui·
665 1647 782 1734 σαργὸν
809 1649 956 1734 λέγουσι·
982 1650 1035 1715 καὶ
1063 1649 1254 1737 λεληθότως

21 1739 90 1796 lem
107 1753 209 1813 gnaro.
226 1767 266 1778 -
281 1767 321 1779 -
337 1735 380 1796 hd
395 1735 452 1794 hoc
467 1733 545 1796 enim
562 1736 614 1796 de·
665 1735 930 1798 κατατεθεῖσθαι
950 1731 998 1811 εἰς
1016 1727 1124 1812 αὐτόν,
1145 1733 1191 1836 μη
1207 1733 1254 1801 εἰ·

21 1829 172 1882 rosuerot
192 1826 222 1880 et
243 1819 450 1890 occultaverat,
475 1827 525 1891 ut,
547 1837 613 1879 cum
665 1815 761 1898 δότος
787 1811 905 1896 αὐτοῦ,
932 1815 988 1881 ἵνα
1019 1811 1066 1882 δι’
1084 1813 1184 1882 αόιου
1207 1817 1254 1897 εἷς

21 1903 335 1980 lemiurgusanimam
347 1903 613 1963 mordesuoallle-
664 1899 722 1986 τὴν
759 1895 822 1966 o'nr’
847 1895 947 1966 αὐτοῦ
976 1897 1085 1986 ψυχὴν
1115 1902 1252 1988 onuphr,

21 2009 47 2048 ,u
74 1987 106 2046 in
127 1985 219 2047 lldam
242 1986 481 2059 communicaret,
503 1985 615 2065 pariter
664 1987 718 2050 καὶ
749 1985 796 2064 εἰς
822 1984 871 2050 ’τὸ
895 1981 1007 2050 ὑλικὸν
1032 1987 1130 2051 τοῦτο
1157 1989 1254 2068 σῶμα

21 2083 47 2134 ιι
79 2089 180 2133 remea
205 2069 276 2131 illud
301 2069 430 2150 spiritale
452 2070 538 2148 quasi
558 2087 614 2149 per
663 2070 891 2156 κοοφορηθὲν,
914 2067 949 2135 ἐν
968 2067 1100 2147 τούτοις
1119 2064 1173 2135 καὶ
1195 2064 1254 2134 αὗ-

21 2155 171 2216 :arnalem
207 2155 333 2216 enimam
370 2153 551 2216 detineretur
582 2154 613 2214 in
665 2153 775 2238 ξηθὲν,
799 2153 932 2236 ἑτοῖμον
953 2157 1085 2258 γένηται
1107 2153 1154 2231 εἷς
1168 2148 1254 2218 dno-

21 2239 175 2301 ihoicum:
202 2246 288 2318 etque
311 2238 350 2299 ita
373 2239 563 2318 foeturatum
583 2237 615 2298 in
666 2235 764 2323 δοχὴν
778 2239 837 2302 τοῦ
852 2237 988 2303 τελείου.
1006 2237 1127 2304 ἔλαθεν
1140 2227 1197 2302 οὖν
1209 2233 1254 2316 ὥς

21 2341 150 2401 :crpore
165 2321 319 2396 materiali,
334 2323 413 2383 velut
427 2321 457 2382 iu
469 2328 565 2394 utero,
581 2329 615 2382 ul
666 2327 749 2408 φασὶ
764 2319 822 2386 τὸν
833 2317 1044 2424 Δημιουργόν
1060 2315 1078 2386 ό
1093 2344 1254 2406 συγκατα-

21 2407 155 2467 ιόυΙῑιιιο
180 2405 240 2466 illio
268 2408 407 2468 idoneum
431 2405 615 2466 inveniretur
665 2407 806 2490 σπαρεὶς
834 2429 881 2491 τῳ
911 2403 1123 2491 toquentem
1152 2401 1253 2470 αὐτοῦ

21 2488 216 2567 suscipiendo
251 2489 426 2568 quandoque
456 2495 613 2551 remouit
664 2483 733 2554 όττὸ
747 2492 946 2576 τῆςΣοφΙας
961 2487 1181 2571 πνευματικὸς
1196 2483 1255 2554 όιν-

21 2577 166 2636 serlecto.
210 2573 310 2652 ltaque
341 2590 407 2633 cum
437 2573 613 2656 Demiurgus
664 2571 816 2656 θρώιτιον
827 2567 957 2657 ἆρῤήτῳ
968 2577 1121 2658 προνοίᾳ.
1137 2568 1183 2649 ὡς
1192 2571 1253 2656 γὰρ

22 2659 196 2720 uectorem
223 2657 337 2718 animae
363 2675 434 2718 suae
457 2655 615 2718 committit
663 2654 722 2760 την
736 2659 861 2742 μητέρα
874 2651 1074 2740 ἠγνοηκέναι,
1097 2651 1184 2720 οότιο
1199 2657 1253 2720 καὶ

26 2763 46 2802 n
63 2742 176 2810 Adam,
185 2740 271 2803 latuit
284 2741 374 2801 homo
390 2738 532 2818 spiritalis
543 2739 614 2800 llatu
664 2761 704 2803 το
719 2744 853 2824 σπέρμα
874 2735 982 2822 αὐτῆς.
1015 2736 1156 2824 όόὴκαὶ
1173 2733 1254 2802 αὐτὸ

22 2827 139 2906 psius·
159 2825 299 2896 insertus,
323 2832 353 2884 et
366 2823 478 2902 pariter
493 2822 613 2900 corpori
659 2817 847 2907 Ἐκκλησίαν
869 2817 955 2888 εἶναι
975 2821 1140 2906 λέγουσιν,
1163 2815 1254 2886 ἄντί-

22 2910 180 2981 indoctum
210 2907 366 2986 quianon
391 2906 484 2984 magis
510 2923 613 2966 semen
664 2927 771 2971 τοπον
796 2909 854 2992 τῆς
880 2903 948 2970 divor
969 2899 1163 2992 Ἔκκλησίας.
1199 2905 1252 2970 καὶ

22 3001 146 3055 noverat
174 2992 279 3052 matris
305 2990 498 3068 Demiurgus,
525 3007 613 3068 quam
663 2988 740 3055 τότε
769 2984 855 3056 εἶναι
884 2988 917 3054 ἐν
952 2982 1066 3065 αὐτοῖς
1093 2982 1252 3070 ἀξιοῦσιν,

23 3083 131 3157 ipsam.
171 3075 237 3136 lloc
261 3092 365 3136 semen
390 3073 543 3136 eeclesiam
564 3071 612 3133 di·
665 3069 845 3155 τόςτεὲχιιν
866 3067 1253 3158 σύτοὺςτὴνμὲνψογην

23 3171 103 3234 crint,
121 3159 261 3220 ecclesiae
276 3175 422 3237 supernae
433 3156 614 3238 speculum',
665 3152 736 3223 ἀπὸ
750 3159 1037 3244 τοῦΔημιοοργοῦ,
1054 3154 1093 3220 τὸ
1109 3155 1147 3221 δέ
1157 3157 1254 3238 σῶμα

23 3257 49 3307 ot
61 3243 195 3306 hominis
209 3255 360 3305 consume
383 3241 512 3303 Proinde
524 3251 613 3302 eum*
665 3236 736 3308 o’urd
761 3244 821 3307 τοῦ
844 3238 938 3323 χοὸς,
965 3241 1019 3307 καὶ
1040 3236 1080 3306 τό
1100 3238 1254 3325 σαρκικὸν

23 3331 56 3390 ab
80 3327 243 3388 Achamoth
265 3327 450 3406 deputantes,
471 3326 614 3404 quemod-
665 3321 735 3392 ἀπὸ
749 3329 809 3414 τῆς
822 3321 901 3414 όλης
915 3359 956 3372 -
972 3359 1011 3372 -

23 3413 144 3474 niodum
176 3409 351 3484 animalem,
387 3428 403 3470 a
432 3409 614 3490 Demiurgo;

24 3497 161 3558 choicum
169 3495 334 3558 substantie
350 3486 479 3577 domici,
495 3511 614 3556 carnem

24 3579 156 3642 materia.
203 3639 206 3648 ,

260 3697 318 3760 Cep.
337 3695 378 3746 26.

70 3875 119 3938 Sic
139 3883 168 3934 et
194 3871 303 3934 exitum
325 3873 449 3950 singulis
470 3873 613 3934 dividunt.
711 3873 820 3974 Τριῶν
842 3859 899 3938 οόν
921 3869 1034 3948 όντων,
1057 3870 1096 3938 τὸ
1110 3866 1255 3955 μὲνόλι-

26 3955 183 4022 Μοιιτίαὶι
208 3956 345 4036 quidem,
371 3958 400 4020 id
427 3965 475 4020 est
494 3957 614 4032 carndi,
664 3955 731 4036 κόν,
749 3953 837 4021 ὁκαὶ
849 3952 1023 4040 ἀριστερὸν
1033 3955 1180 4033 καλοῦσι,
1196 3979 1255 4021 κα-

63 4143 87 4178 n.
105 4118 272 4191 ἐμφυσῆσαι.
698 4133 714 4176 t.
737 4128 872 4190 coemptum,
902 4118 1052 4173 ἀντίτυπον
1076 4125 1156 4175 reddtt
1179 4125 1253 4175 loter-

64 4209 86 4244 o.
105 4195 217 4243 cornaleto
236 4191 386 4258 superficient,
407 4187 529 4258 σαρκῖον.
664 4207 723 4259 pres
742 4194 834 4243 lrenaei
854 4195 974 4256 uniquus.

63 4277 86 4326 p.
106 4253 262 4325 όμοοόσιον,
283 4273 311 4308 ex
329 4260 463 4310 substantie
479 4259 565 4309 reddit.
699 4275 724 4310 n.
742 4261 848 4324 Respicit
878 4259 908 4309 ad
941 4249 1072 4313 ἇξιοῦσιν.
1116 4260 1252 4321 legendum

64 4343 88 4391 q.
106 4327 169 4389 Legit
187 4319 271 4390 λόγον
281 4334 305 4376 et
314 4327 393 4376 reddit
402 4328 501 4377 remeent
510 4343 520 4387 ,·
538 4327 612 4377 inter·
666 4329 730 4378 enim
750 4341 804 4376 cam
824 4325 1003 4404 reterqletino:
1020 4321 1066 4376 καὶ
1076 4325 1176 4376 τοῦτον
1184 4313 1253 4376 εἶναι

28 4409 87 4461 pres
105 4403 180 4444 sutem
200 4395 292 4444 irenaei
311 4395 397 4444 rolloni
416 4394 527 4443 reddidit.
666 4387 717 4443 τόν
734 4387 764 4444 ἰν
782 4385 876 4446 αὐτοῖς
893 4389 1024 4449 αξιοῦσιν.

64 4479 83 4514 r.
101 4463 329 4528 frequentissimum
347 4461 614 4526 poeteellricanisno·
701 4475 723 4514 x.
742 4461 800 4512 Su'l.
819 4461 954 4527 spiritalem

31 4545 94 4580 men.
702 4543 723 4593 γ.
744 4529 851 4580 Choicum
869 4529 999 4580 substantio
1022 4542 1104 4592 corpor
1130 4526 1253 4591 postulent

66 4613 87 4648 s.
104 4597 142 4648 Sic
159 4596 298 4660 legendum,
318 4610 367 4646 ooo
384 4597 449 4648 leant
465 4599 574 4647 insertare
669 4610 765 4662 praem.
799 4597 876 4647 l’orro
895 4609 985 4648 cornert
1002 4611 1016 4645 ο
1033 4597 1137 4646 reatuin

71 4683 225 4738 lrnrunnmru
238 4694 290 4730 oar.
306 4695 344 4728 ιο.
359 4694 458 4730 onnon.
485 4683 548 4728 'lom
566 4681 605 4726 111.
1015 4677 1048 4728 ld
