3082 5238
460 405 595 452 remota
617 407 659 451 xo.
680 407 749 453 auo.
771 405 934 452 nestsear.
1243 397 1307 464 587

86 557 272 620 Christianos
294 557 464 619 inimicitiae
484 557 674 637 pariantur·,
708 565 738 619 et
764 558 844 638 quod
872 577 938 636 oum
961 559 1100 621 Caracalli
1122 561 1307 640 temporibus

82 643 164 717 baec,
186 661 261 732 quae
283 641 480 726 tradita-sunt
502 643 659 703 innostro
682 641 790 715 ilbodo,
814 641 925 720 optime
948 643 1143 705 consentiant
1173 645 1305 708 Tametsi

82 725 161 787 enim
183 743 244 786 non
266 724 305 786 sit
327 723 492 786 certissime
515 725 709 803 exploratum,
733 742 792 804 quo
813 743 891 786 anuo
913 725 987 788 haec
1001 724 1235 789 Christianorum
1250 730 1305 792 de-

81 809 179 870 fensio
203 809 350 870 elaborata
373 808 427 880 sit,
451 816 548 869 umen
571 809 685 870 ratione
708 809 833 887 quadam
854 809 1012 888 probabili,
1034 819 1068 871 ut
1089 817 1137 871 est
1150 810 1181 872 in
1196 811 1246 873 tali
1260 831 1303 886 re,

78 893 178 974 primo
206 893 322 972 imperii
343 891 532 954 Antoniniani
561 909 637 952 auno
659 893 801 954 uindicari
829 911 863 953 ea
891 912 982 973 posse
1004 893 1130 956 ridetur.
1173 895 1306 975 Namque

79 977 163 1038 illum
190 977 263 1038 solis
291 977 454 1048 delectum,
488 993 577 1056 quent
605 975 803 1038 Tertullianus
832 976 874 1037 ait
900 995 978 1038 auno
1001 977 1148 1055 superiori
1171 980 1305 1041 extitisse

80 1065 120 1132 (c.
144 1064 174 1125 3.
197 1079 228 1140 p.
251 1063 302 1124 86.
325 1059 384 1136 ll),
406 1059 572 1120 Antoninus
595 1059 736 1122 Lalorera
758 1059 891 1126 asseruit,
906 1079 933 1122 a.
956 1060 1076 1135 CCX.¹’;
1102 1062 1149 1122 cui
1171 1065 1303 1141 quamne

80 1144 289 1206 Tillemontius
311 1145 434 1204 resistat
456 1163 502 1216 eo,
525 1143 604 1222 qued
621 1143 819 1204 Tertullianus
841 1143 936 1207 solem
957 1144 1064 1206 dixerit
1085 1164 1147 1208 non
1165 1152 1306 1225 potuisse
1342 1140 1350 1152 “

80 1230 137 1291 noe
159 1247 198 1290 ec
220 1229 378 1290 ardoberto
402 1227 528 1308 deliquio
548 1231 623 1308 poti,
648 1247 712 1289 mam
733 1229 833 1308 sarem't
854 1231 886 1289 tn
909 1247 964 1290 ano
981 1229 1156 1309 hypsomate
1174 1235 1304 1309 positus,

79 1321 179 1373 tamen
201 1312 280 1373 bunc
303 1311 438 1390 Septimii
461 1311 683 1390 argumentandi
704 1312 841 1384 modum,
875 1313 924 1390 qui
953 1313 1053 1374 omnia
1082 1313 1165 1375 norit
1185 1315 1304 1394 saepius

79 1397 180 1475 inepta
203 1395 275 1458 satis
299 1395 330 1456 in
352 1413 416 1455 rena
440 1413 523 1456 suam
546 1401 736 1469 convertere,
760 1395 928 1456 iamdudum
951 1395 1055 1458 derisit
1075 1397 1181 1458 barum
1201 1415 1303 1458 rerum

78 1479 282 1559 peritissimus
307 1478 437 1558 Scaliger
447 1489 468 1539 ⁸.
512 1477 624 1540 Deinde
646 1496 711 1539 cum
735 1478 844 1540 nullam
872 1497 1000 1557 unquam
1021 1480 1116 1560 legem
1139 1481 1304 1548 Caracallus

3 1643 4 1648 η
79 1563 181 1626 tulerit
207 1563 347 1624 adversus
377 1561 577 1634 Christianos,
617 1570 736 1641 oportet
763 1564 897 1642 prolecto
931 1564 984 1625 bas
1012 1563 1190 1626 calamitates
1219 1563 1256 1624 iis
1286 1583 1304 1625 a

79 1645 205 1727 Scapula
229 1647 354 1707 indictas
376 1645 514 1725 reliquias
537 1645 714 1707 Seuerianae
736 1645 916 1707 crudelitatis
939 1647 1040 1720 luisse,
1069 1666 1143 1726 quae
1165 1655 1227 1708 tum
1248 1666 1304 1726 pe-

3 1786 4 1813 ,
78 1732 160 1792 nitus
183 1732 327 1792 extinctae
348 1730 493 1802 videntur,
517 1747 584 1791 curn
606 1729 782 1802 Caracallus,
804 1730 961 1810 imperium
985 1729 1042 1792 sibi
1064 1731 1303 1804 confirmaturus,

81 1816 114 1876 in
143 1813 262 1876 exilium
293 1813 403 1876 missos
431 1812 630 1874 revocasset.
675 1814 762 1886 Quod
793 1833 858 1875 cum
886 1815 989 1876 lecerit
1015 1814 1103 1894 paulo
1125 1822 1196 1894 post
1217 1833 1304 1893 marn

3 1935 4 1940 κ
83 1899 187 1960 Getam
210 1898 329 1959 tratrem
352 1897 406 1958 sub
429 1897 545 1958 initium
568 1917 594 1957 a.
618 1896 946 1969 CCXl1.substulerat,
979 1917 1040 1959 non
1062 1899 1162 1978 inepte
1184 1897 1213 1960 id
1236 1899 1304 1976 quai*

3 1985 4 1990 ’
81 1983 151 2043 dean
172 1981 305 2055 dicimus,
328 1981 481 2061 Scapulam
505 2001 531 2044 a.
554 1980 650 2042 CCXI.
672 1981 815 2042 adversus
838 1981 1023 2043 Christianos
1047 1983 1155 2062 egisse.

3 2385 4 2416 1
82 2337 121 2378 DE
138 2335 232 2378 leltts
248 2334 444 2378 'temnerent
456 2335 577 2425 Qilolwll
587 2335 643 2377 vet.
654 2335 745 2376 AETAS
758 2335 814 2378 VEL
825 2335 972 2378 nocrntnn
983 2333 1038 2376 VEL
1054 2333 1189 2385 brunone
1201 2333 1306 2379 LATET.

600 2569 630 2644 a.
656 2565 786 2627 xxn11.
866 2513 874 2519 ’

2 2721 3 2754 1
167 2683 268 2746 Tertia
291 2685 363 2746 baec
384 2683 544 2763 disputatio
566 2683 655 2744 linem
685 2683 771 2743 saciet
798 2682 1049 2754 exercitationum,
1078 2699 1151 2759 quas
1174 2679 1306 2742 institui-

77 2789 148 2832 mus
164 2768 427 2847 Septimianarum3
450 2768 480 2828 iu
503 2765 610 2846 quibus
633 2785 698 2827 eum
721 2766 861 2828 bactenus
883 2765 1051 2844 pertractati
1075 2765 1137 2825 sint
1156 2763 1207 2824 isti
1228 2763 1305 2835 libri,

78 2871 208 2932 quorum
231 2861 261 2914 et
281 2860 361 2914 aetas
384 2859 414 2912 et
435 2851 569 2912 doctrina
597 2856 715 2928 poterat
742 2858 821 2910 certa
849 2849 972 2928 quadam
995 2847 1041 2908 via
1064 2855 1094 2908 et
1114 2845 1230 2907 ratione
1251 2847 1306 2906 de-

80 2936 259 3008 monstrari,
287 2954 367 2998 nunc
394 2941 514 3016 oportet
543 2931 649 2994 subiici
672 2943 798 3005 ceteros,
824 2933 1022 3011 quiscerem
1045 2949 1129 2992 suam
1150 2948 1212 2990 nou
1234 2929 1307 2990 satis

80 3021 203 3082 delinita
224 3020 365 3098 produnt,
393 3019 446 3080 sed
476 3017 609 3078 doctrina
637 3024 820 3079 tamennon
843 3025 889 3078 est
910 3015 1067 3076 admodum
1091 3013 1225 3086 obscura,
1248 3011 1307 3073 nisi

79 3105 113 3166 in
137 3104 312 3184 quibusdam
333 3102 445 3182 paucis,
469 3101 519 3180 qui
541 3100 697 3178 ancipitem
726 3099 837 3161 babere
864 3101 989 3161 lormarn
1017 3097 1162 3158 ridentur.
1205 3096 1307 3174 ltaque

78 3188 210 3268 primurn
233 3187 301 3248 illos
324 3185 516 3248 excitabimus
539 3191 633 3246 aetate
661 3182 802 3256 maiores,
832 3183 882 3261 qui
905 3181 1118 3244 Tertullianum
1148 3178 1308 3242 ostendunt

78 3273 215 3334 nondum
237 3271 323 3350 plane
344 3269 590 3332 Montanlstarum
612 3267 746 3348 partibus
770 3266 937 3341 addictum
969 3265 1075 3327 deinde
1097 3283 1166 3338 eos,
1199 3263 1307 3342 quibus

78 3365 170 3418 notae
199 3355 389 3418 Moumnsimi
417 3371 477 3416 non
508 3361 579 3416 sunt
609 3351 713 3414 leviter
744 3350 924 3431 impressam
959 3357 1112 3430 postremo
1145 3350 1223 3420 hos,
1257 3347 1305 3426 qui

78 3442 222 3503 lectorem
250 3440 402 3501 dimittunt
431 3436 632 3510 dubitantem,¹
656 3435 781 3496 fueritne
807 3435 1006 3497 Tertullianus
1038 3441 1111 3508 tum,
1145 3451 1212 3496 cum
1240 3431 1307 3492 illos
1376 3497 1381 3504 ,

63 3524 301 3606 perscriberet,
330 3543 347 3583 a
375 3521 524 3584 communi
553 3519 674 3582 ecclesia
706 3521 857 3582 seiunctus
886 3537 989 3581 necne.
1044 3518 1097 3580 Cui
1126 3515 1234 3597 triplici
1269 3514 1307 3575 li-

77 3609 204 3671 brorum
227 3607 477 3686 Septimianorum
505 3605 605 3685 generi
633 3623 700 3666 eum
728 3605 859 3667 dicamus
888 3611 1014 3665 aetatem
1036 3601 1129 3664 asseri
1151 3618 1213 3661 nou
1235 3597 1308 3658 satis

80 3701 162 3754 certe
184 3710 286 3772 posse,
309 3709 369 3751 uon
391 3689 528 3750 volumus
550 3689 581 3749 id
602 3687 730 3766 quidem,
762 3707 889 3767 prorsus
917 3685 1046 3766 ignorari
1069 3691 1194 3745 aetatem
1216 3679 1308 3740 cuivis

79 3775 268 3838 tribuendam
292 3775 360 3850 (erit
382 3774 460 3835 euim
483 3771 570 3835 etiam
594 3771 673 3850 quod
695 3771 890 3849 probabiliter
909 3769 945 3832 de
960 3769 1016 3830 bac
1030 3765 1174 3845 disputari
1189 3761 1309 3844 possit),

81 3861 137 3922 sed
174 3867 307 3922 accurate
339 3859 437 3936 ipsum
469 3874 579 3916 annum
617 3854 795 3933 scriptorum
826 3853 970 3914 librorum
999 3848 1120 3912 definiri
1143 3864 1245 3926 posse,
1279 3843 1309 3906 id

83 3942 203 4022 quidem
225 3941 366 4004 audemus
389 3959 498 4020 negare
520 3945 689 4020 propterea,
721 3936 799 4016 quod
829 3935 925 3996 millae
954 3936 985 3996 in
1006 3933 1043 3994 iis
1068 3938 1138 3992 sunt
1160 3927 1308 4007 significa·

2 4085 3 4114 ἦ
82 4027 184 4089 tiones
213 4033 319 4099 certae,
353 4044 427 4105 quae
456 4022 597 4085 vindicari
626 4029 707 4082 certo
737 4021 864 4099 quodam
886 4037 921 4081 ac
942 4015 1061 4080 delinito
1083 4031 1160 4076 anno
1182 4011 1310 4092 possint

2 4177 3 4184 p
83 4109 143 4172 Sed
167 4109 203 4171 ad
224 4110 412 4190 propositum
434 4107 597 4169 veniamus.
1215 4130 1221 4145 ι

119 4261 139 4295 a.
159 4243 212 4294 lloo
228 4244 287 4294 satis
304 4243 419 4294 adversus
428 4241 578 4302 scaligerum
597 4239 670 4290 alios·
725 4221 820 4288 morum
844 4237 972 4298 llartyrum
991 4232 1106 4282 sinceris.
1135 4231 1172 4282 ed.
1189 4228 1310 4282 Amstelo-

2 4341 3 4348 κ
82 4327 132 4380 qno
150 4310 259 4362 detrudit
276 4313 340 4362 Sam.
359 4310 491 4372 desuapius
515 4309 570 4358 loco
589 4308 627 4358 eit.
647 4321 671 4370 p.
725 4305 781 4354 dam
798 4319 824 4368 p.
844 4301 901 4353 119.

83 4380 143 4433 218.
164 4387 214 4429 not
234 4379 273 4428 il.
759 4387 780 4420 c.
799 4371 826 4421 lu
845 4367 1008 4420 Animadaora.
1026 4364 1164 4416 adliusebii
1178 4363 1310 4415 chronicon

2 4453 3 4456 ’
117 4447 142 4498 b.
168 4447 196 4497 la
221 4446 291 4511 epist.
319 4443 350 4494 ad
374 4443 408 4493 lo.
432 4441 574 4494 Caesonium
599 4455 672 4506 qnam
724 4453 749 4504 p.
769 4438 811 4490 to.

81 4516 158 4576 edidit
175 4513 363 4566 Patrimonium
381 4512 406 4561 iu
424 4511 487 4561 notis
505 4509 672 4560 addetal’or·
757 4505 781 4556 d
809 4505 833 4556 l.
860 4503 962 4554 lliouom
989 4500 1099 4552 Cassium
1132 4500 1174 4550 lib.
1202 4495 1308 4548 tnxtn.

81 4590 171 4650 petuas
190 4590 213 4632 ot
223 4579 355 4632 Felicitatis
373 4579 397 4630 iu
415 4578 524 4630 Ruiusrti
537 4576 601 4627 Aetia
617 4574 671 4626 Pri·
724 4589 744 4624 α
763 4571 788 4622 3.
