3144 5236
241 364 303 426 202
338 376 531 421 nassaamrro
547 377 576 418 nr
594 376 642 426 ao.
657 375 742 420 saar.
756 375 843 419 raca.
859 373 1055 418 amruanrnn
1070 374 1297 424 raouccsrrcau
1313 375 1401 418 carr.

209 537 217 546 '
241 538 318 590 sant.
363 527 395 590 Si
417 527 495 590 enim
516 525 638 590 Patauio
659 523 772 595 credas,
795 524 940 585 Amabam
962 523 1110 585 baeresim
1131 517 1282 603 airtpietate
1303 535 1332 587 ct
1353 525 1471 587 absar-

242 614 334 676 ditate
356 622 482 692 caperat
504 611 614 684 (Peter.
637 609 723 670 Tora.
746 607 783 669 ll.
805 607 947 685 Theolog.
971 608 1102 686 liogrnat
1125 606 1177 669 lib.
1199 607 1234 668 ll.
1257 624 1320 685 cap.
1343 612 1373 672 5.
1397 627 1468 687 pag.

241 701 317 772 PT).
362 695 420 756 Sed
449 695 554 756 doctus
582 694 630 755 ille
656 693 702 754 vir
732 693 925 771 semetipsum
955 693 1102 770 corrigere
1126 692 1244 753 tandem
1266 699 1386 754 coactus
1409 703 1468 756 est.

239 780 316 842 Alibi
345 779 490 858 siquidem
517 780 626 840 latetur
651 795 713 838 non
740 794 830 855 pauca
859 793 1015 836 oocrrrrere
1044 776 1178 838 eiusdem
1200 775 1369 838 Tertulliani
1390 777 1467 850 loca,

240 866 271 927 in
293 864 400 943 quibus
422 871 543 942 apparet
564 861 607 923 vis
631 861 796 922 sententiae
817 859 1021 940 dogmataque
1043 860 1220 932 communis,
1243 860 1326 921 cirins
1347 861 1466 922 traditio

216 948 355 1010 'animos
378 947 612 1009 Christianorum
633 953 804 1024 peruaserat
826 945 918 1016 (idem
940 944 1065 1006 Praelat.
1089 945 1120 1004 in
1143 944 1229 1005 Tam.
1252 945 1301 1005 cit
1324 963 1384 1023 cap.
1407 949 1466 1022 5.).

241 1033 446 1093 Verumtamen
478 1030 588 1092 ibidem
617 1029 724 1091 adiecit
755 1029 948 1090 orthodoxam
976 1028 1130 1090 Trinitatis
1156 1028 1245 1090 iidem
1272 1029 1304 1089 in
1330 1029 1467 1090 eiusdem

242 1116 361 1194 scriptis
384 1115 521 1194 adspergi
542 1114 705 1176 identidem
726 1113 900 1192 quibusdam
916 1112 1049 1186 maceriis,
1072 1130 1147 1192 quae
1161 1112 1336 1192 contagione
1351 1113 1468 1186 foedae,

240 1201 277 1262 ad
299 1219 387 1278 quarn
409 1199 516 1272 deficit,
538 1197 781 1260 llontanistarum
804 1197 965 1258 haereseos
994 1196 1067 1258 illini
1088 1205 1258 1276 potuerunt.
1300 1199 1339 1258 At
1359 1215 1467 1275 qaam·

239 1285 291 1346 ris
307 1284 348 1344 ibi
370 1283 468 1346 iudicii
491 1283 536 1346 sui
558 1283 746 1344 severitatem
767 1281 867 1362 potius
889 1280 1023 1359 mitigare
1046 1299 1134 1360 quam
1149 1281 1307 1342 emendare
1322 1281 1467 1354 videatrrr,

241 1369 298 1430 sibi
321 1376 419 1429 tamen
440 1368 513 1429 satis
535 1385 596 1428 non
618 1374 742 1440 constat.
786 1365 862 1426 Nam
888 1383 949 1426 non
972 1366 1069 1426 solum
1092 1364 1245 1438 inlibris,
1276 1366 1326 1444 qui
1348 1383 1365 1426 a
1388 1365 1467 1428 Ter-

239 1452 361 1514 tulliano
384 1451 542 1522 haeretico,
566 1451 618 1512 sed
641 1451 672 1511 in
692 1449 760 1512 aliis
782 1449 880 1520 eham,
902 1449 952 1528 qui
974 1449 1010 1510 ab
1033 1447 1083 1510 illo
1106 1449 1201 1511 adhue
1222 1449 1365 1510 catholieo
1380 1469 1467 1510 com—

239 1537 330 1617 positi
358 1544 442 1608 sunt,
475 1535 678 1597 labefactatum
701 1533 853 1596 Trinitatis
875 1535 981 1612 dogma
1010 1533 1170 1596 contendit
1214 1533 1276 1594 Nos
1298 1552 1368 1594 rero
1391 1534 1468 1596 satis

241 1621 424 1682 ostendimus
451 1619 523 1681 illud
555 1619 591 1680 ab
627 1619 732 1680 eodem
760 1617 942 1680 Tertulliano
981 1618 1044 1679 sive
1073 1617 1216 1680 catholico
1256 1617 1319 1679 sire
1348 1617 1467 1680 lionis-

117 1717 123 1735 ¹
240 1704 316 1765 nista
345 1711 424 1764 recte
452 1712 601 1765 assertum
634 1710 792 1804 aceontra
813 1702 904 1774 alios,
933 1702 984 1782 qui
1006 1702 1036 1764 id
1056 1687 1217 1781 negabant,
1250 1703 1366 1781 egregie
1386 1719 1463 1780 pro·

261 1795 412 1866 ugnatum.
1082 1859 1086 1866 ¹

241 1807 260 1868 p
323 1871 425 1932 Rullus
446 1881 543 1932 nmen
565 1870 661 1932 eidem
677 1869 858 1932 Tertulliano
880 1877 995 1940 nostro,
1018 1869 1106 1931 etiam
1128 1868 1177 1931 ubi
1200 1879 1304 1932 conus
1334 1871 1469 1932 Praxean

240 1955 378 2034 disputat,
401 1954 485 2016 aliam
502 1955 656 2016 censoriae
671 1955 837 2016 severitatis
853 1963 952 2016 notam
974 1953 1082 2016 inussit
1102 1953 1191 2030 (Ball.
1212 1955 1331 2016 Peleus.
1346 1954 1468 2017 Nicaea.

241 2041 318 2101 Seot.
342 2042 372 2104 3.
395 2040 464 2118 Cap.
492 2041 539 2102 lii.
562 2056 643 2099 num.
666 2043 696 2102 5.
720 2047 750 2099 et
773 2042 821 2116 lt.
844 2057 909 2117 pag.
934 2040 1006 2102 403.
1030 2047 1060 2099 et
1080 2042 1178 2114 tlh).
1223 2038 1364 2112 Quamvis
1387 2041 1467 2101 enim

240 2124 381 2185 concedat
402 2123 483 2184 illum
510 2131 590 2184 reate
612 2123 722 2184 sentire
744 2123 791 2184 de‘
812 2141 949 2201 suprema
971 2122 1036 2185 Filii
1057 2122 1110 2183 bei
1137 2142 1172 2184 ac
1193 2123 1281 2185 Verbi
1303 2122 1467 2200 divinitate,

239 2207 421 2279 aeternitate,
446 2207 771 2280 consubstantialitate,
795 2207 857 2268 sive
879 2207 980 2268 eadem
1003 2207 1082 2269 illius
1108 2226 1142 2269 aa
1163 2207 1260 2268 Patris
1289 2207 1467 2282 substantia,

239 2291 298 2370 ipsi
318 2291 510 2352 nihilominus
533 2289 649 2352 videtur
671 2291 828 2352 catholicae
856 2291 1022 2352 traditionis
1048 2291 1133 2354 venis
1161 2291 1244 2369 qussi
1266 2291 1363 2354 aureis
1394 2311 1467 2354 sco·

238 2376 313 2436 riam
336 2375 462 2454 aliquam
490 2375 742 2442 intermiscuisse,
776 2375 903 2436 absurde
932 2375 1003 2437 satis
1032 2374 1113 2454 loqui
1150 2384 1180 2438 et
1201 2375 1232 2436 ia
1254 2375 1467 2454 augustissimo

239 2459 391 2520 Trinitatis
413 2459 554 2538 mysterio
576 2459 678 2520 ludere
699 2477 852 2538 nugasque
874 2460 991 2520 sectari.
1035 2460 1095 2520 Sed
1116 2460 1182 2538 quis
1203 2459 1259 2521 sibi
1282 2460 1365 2522 facile
1393 2480 1469 2540 per-

238 2543 374 2605 suadebit
401 2543 627 2623 Terttdlianum,
662 2551 758 2604 natae
787 2543 934 2622 gravitatis
961 2543 1127 2617 hominem,
1163 2545 1200 2605 de
1220 2545 1285 2610 hoc
1312 2544 1468 2608 Trinitatis

238 2627 378 2706 mysterio
401 2627 432 2688 in
454 2647 489 2688 eo
511 2627 612 2688 ludere
635 2637 664 2688 et
685 2629 804 2707 nugari,
839 2628 889 2689 ubi
917 2628 1107 2706 praecipuum
1136 2647 1170 2689 ac
1195 2629 1356 2690 maximum
1385 2629 1466 2691 illum

239 2710 422 2772 Christianae
449 2710 517 2772 fidei
545 2711 718 2783 articulum,
751 2712 856 2773 eodern
878 2711 962 2772 Bnllo
990 2714 1114 2785 latente,
1148 2712 1219 2773 totis
1241 2712 1331 2774 animi
1352 2713 1467 2776 viribus

123 2789 129 2804 '
238 2804 339 2857 contra
370 2796 499 2857 Praxeae
530 2795 712 2874 aliorumque
744 2795 960 2858 haereticorum
992 2815 1111 2858 errores
1147 2797 1255 2858 asserit
1293 2815 1328 2858 aa
1365 2805 1467 2860 tuetur

238 2879 325 2954 (liiid.
347 2883 377 2956 ς.
401 2883 430 2942 2.
454 2898 518 2958 cap.
542 2883 571 2944 7.
594 2899 675 2941 num.
702 2884 729 2943 1.
752 2897 817 2958 pag.
844 2879 947 2956 libi?
990 2881 1028 2941 Et
1056 2889 1136 2942 certa
1162 2879 1287 2942 anobis
1310 2881 1368 2942 iarn
1391 2901 1466 2962 pro-

237 2964 338 3025 batum
366 2972 411 3025 est
433 2965 627 3026 orthodoxam
656 2965 831 3026 sententiam
854 2965 890 3025 ab
919 2964 968 3026 illo
990 2982 1051 3026 non
1073 2965 1170 3026 solnm
1198 2973 1300 3026 contm
1333 2965 1468 3028 Praxean

236 3048 369 3126 aliosque
390 3047 573 3119 haereticos,
604 3049 655 3109 sed
679 3048 766 3110 etiamr
788 3049 931 3110 adsersus
954 3049 1096 3126 gentiles,
1121 3061 1201 3127 'quos
1224 3067 1258 3110 ea
1280 3049 1468 3112 dissimulata

236 3132 295 3276 ⁵51¹?
317 3131 410 3204 facile,
439 3132 526 3193 sicuti
547 3131 685 3206 vidimus,
714 3132 870 3194 conciliare
892 3141 1019 3211 poterat,
1049 3133 1328 3212 perspicue'doaeri
1357 3143 1388 3194 et
1409 3153 1465 3194 ex-

237 3231 349 3292 pean.

323 3298 381 3357 Sed
405 3315 442 3358 ne
464 3298 533 3376 quid
555 3299 695 3361 intactum
718 3299 928 3377 relinquamus,
951 3319 984 3360 ea
1007 3300 1106 3362 amnia
1121 3300 1312 3379 expendenda
1328 3309 1399 3362 sunt
1413 3321 1466 3362 ar·

237 3389 389 3460 gramenta,
425 3401 500 3459 quae
521 3383 606 3444 nobis
630 3402 646 3444 a
668 3383 805 3456 Patauio,
838 3383 922 3445 Bulla
948 3384 1071 3462 aliisque
1100 3384 1286 3446 obiiciantur.
1331 3385 1467 3448 Primum

237 3465 333 3543 itaque
355 3465 491 3526 Petreius
520 3467 593 3528 illud
613 3467 776 3546 urgendum
806 3486 865 3528 non
889 3477 1006 3542 censet,
1039 3467 1117 3546 quod
1146 3467 1332 3532 abductare
1358 3479 1465 3532 nostro

238 3549 380 3628 scriptum
402 3549 525 3628 legimus
546 3551 652 3612 Filium
680 3569 909 3630 sennonemque
931 3551 984 3613 bei
1012 3552 1136 3614 aPatre
1165 3569 1221 3613 suo
1253 3552 1402 3630 prolatum
1430 3572 1467 3616 ac
1542 3613 1548 3621 .

236 3633 324 3695 relati
347 3641 546 3712 corporatum.
591 3633 702 3713 Ecquid
724 3635 803 3696 enim
830 3635 860 3696 id
890 3634 1033 3715 urgeret?
1072 3635 1182 3698 lionae
1209 3637 1283 3698 satis
1306 3636 1466 3715 perspicue

237 3718 421 3780 ostendimus
444 3718 579 3797 corporis
600 3719 721 3780 nomine
742 3719 815 3781 nihil
836 3719 913 3781 aliud
937 3720 973 3781 ab
996 3737 1032 3780 eo
1055 3719 1187 3798 intelligi,
1210 3720 1268 3780 nisi
1284 3719 1329 3780 sui
1345 3721 1465 3798 generis

236 3803 441 3874 substantiam,
471 3821 630 3881 personam
654 3813 739 3880 atque
760 3803 957 3882 hypostasin?
1000 3803 1062 3864 Nec
1082 3804 1181 3865 minus
1205 3803 1356 3864 evidenter
1378 3813 1465 3883 pate·

234 3887 357 3948 lecimus
381 3895 467 3965 atque
489 3905 524 3946 ex
548 3886 680 3947 dicendis
703 3885 799 3948 adhuc
818 3887 940 3966 patebit,
963 3887 1060 3966 ipsum
1082 3887 1281 3948 disertissime
1296 3888 1466 3950 asseruisse

233 3969 339 4031 Filium
361 3969 414 4031 hei
437 3989 550 4031 rnerurn
572 3989 639 4030 esse
661 3970 812 4049 spiritum,
844 3971 953 4048 quiex
981 3972 1093 4032 aeterni
1117 3971 1213 4032 Patris
1244 3971 1290 4033 sui
1313 3971 1464 4034 intellectu

233 4060 263 4112 et
284 4054 461 4130 cogitatione
484 4054 618 4132 procedit
639 4072 673 4114 ac
693 4054 766 4114 nihil
787 4055 913 4132 proinde
935 4055 1070 4133 corporei
1092 4055 1137 4115 vel
1159 4055 1280 4117 mimine
1301 4054 1464 4118 admixtum

233 4135 343 4196 hahere
365 4145 474 4215 potest.
544 4149 550 4158 “

318 4219 459 4280 Momenti
487 4221 576 4300 igitur
601 4219 689 4299 longe
718 4221 861 4299 gravioris
888 4221 1025 4282 Patavina
1055 4220 1161 4299 aliique
1192 4239 1227 4282 ea
1257 4239 1326 4283 esse
1348 4230 1463 4300 putant,

231 4301 341 4379 quibus
368 4303 446 4364 idem
467 4305 577 4367 humor
603 4313 707 4366 nasim
727 4323 853 4384 negasse
875 4306 950 4385 ipsis
978 4305 1093 4367 ridetur
1114 4305 1239 4366 eandem
1267 4323 1337 4366 esse
1364 4305 1463 4366 Patris

231 4385 344 4446 aeterni
368 4386 491 4465 eiusque
506 4389 571 4466 Titii
587 4389 791 4452 substantiam.
821 4389 938 4451 Etenim
953 4397 1068 4468 aperte,
1087 4389 1236 4467 inquiunt,
1258 4389 1346 4450 dccet
1371 4397 1464 4450 totam

231 4469 285 4530 liei
307 4469 501 4532 substantiam
524 4491 593 4534 esse
615 4473 644 4534 in
670 4473 756 4534 Patre
779 4482 809 4535 et
830 4473 907 4534 illius
930 4474 1081 4550 quandam
1104 4481 1215 4538 nutum
1238 4472 1268 4532 in
1290 4471 1365 4534 Tilio
1387 4491 1462 4551 por-

230 4553 352 4616 tionem.
398 4553 476 4627 Quid
505 4555 583 4618 enim
613 4557 669 4630 his,
697 4556 788 4632 aiunt,
816 4556 915 4618 verbis
948 4556 1055 4618 dantis
1078 4565 1108 4620 et
1129 4554 1324 4636 expressius?
1366 4556 1463 4618 Pater
