3092 5234
249 373 312 436 utto
333 388 371 432 ns
386 386 459 430 veen
473 385 587 428 iernen
602 385 636 428 nc
651 381 799 428 nouruuu
815 381 1003 426 scelerosus
1016 381 1211 426 emesenum
1225 381 1413 426 nrseueerro

249 557 337 602 secus
358 545 414 600 est.
456 533 529 595 Nam
552 534 669 596 umetsi
691 533 723 594 in
744 540 869 612 utroque
890 531 968 592 libro
990 530 1070 604 velit,
1091 539 1125 592 ut
1141 531 1273 610 ruffinae
1297 531 1484 609 sufflantes

250 623 327 692 reio,
350 639 411 681 nou
437 618 504 696 ipse
531 626 630 678 temen
659 618 717 679 iste
744 634 908 678 consensus
936 615 1081 676 librorum
1117 633 1152 676 ex
1183 616 1289 676 eedem
1321 615 1485 694 disciplina

249 705 399 785 prodiisse
424 709 583 780 utrumque
609 702 812 774 demonstrat,
840 698 913 772 scd,
941 697 967 760 si
989 699 1055 777 quis
1078 699 1231 777 utriusque
1253 699 1323 760 loca
1345 709 1485 760 acuente

251 787 416 858 conuulerit,
438 777 566 863 magnus'
584 786 641 845 crit
662 803 679 846 a
701 803 734 846 se
756 782 929 845 Tertulliani
952 781 1119 856 dissensus,
1147 781 1197 860 qui
1225 791 1368 844 nostram
1393 783 1485 843 multo

251 871 344 950 magis
367 888 454 948 quem
476 868 659 941 llolimanni
678 867 854 930 sententiam
881 867 1048 927 confirmet.
1091 866 1124 926 ln
1153 865 1231 927 libro
1254 865 1291 926 de
1315 866 1406 944 Vir-g.
1431 865 1484 926 l'e-

251 955 346 1018 landis
375 954 565 1014 vehementer
597 963 627 1013 ct
662 969 698 1014 ex
724 951 790 1031 ipsa
818 949 954 1032 inprimis
982 949 1046 1028 lege
1068 949 1208 1011 Peredeti
1230 950 1486 1012 Montanistarun

251 1039 327 1100 benc
348 1035 591 1098 consuetudinem
612 1035 753 1109 defendit,
775 1034 829 1096 sed
850 1035 881 1096 in
903 1033 1016 1094 nostro
1030 1033 1068 1095 de
1084 1034 1225 1098 Oratione
1246 1033 1352 1094 libello
1379 1042 1423 1105 (c.
1440 1037 1487 1096 Ὦ.

251 1123 354 1202 pli.)
376 1139 437 1180 non
459 1119 616 1181 tenendam
638 1119 719 1180 iubet
740 1117 1081 1191 banecousuetudinem,
1104 1117 1343 1200 legemqneadeo
1356 1122 1488 1196 ungisi

253 1208 307 1269 bns
335 1222 459 1285 quoque.
477 1207 656 1265 inficientem
685 1202 901 1272 uelamentum,
935 1201 991 1268 ait.
1025 1206 1171 1264 mensori
1192 1219 1300 1281 possea
1341 1203 1486 1278 atqueio

151 1325 154 1330 ·
252 1288 405 1370 principiis
426 1287 504 1348 illius
526 1285 735 1366 disputationis
746 1289 784 1359 (c.
800 1287 876 1360 lb),
898 1290 987 1366 quusi
999 1285 1150 1346 incertnin
1166 1286 1412 1347 retractandum
1427 1305 1488 1347 esec

253 1374 331 1436 illud
357 1373 436 1454 qnod
456 1374 627 1450 promiscue
654 1371 833 1433 observentr
853 1387 912 1448 per
932 1369 1083 1430 Ecclesiae
1107 1368 1245 1430 colunne
1263 1369 1402 1430 debeant
1427 1375 1488 1430 nir-

252 1462 335 1538 qc‘nea
358 1474 398 1518 on
419 1473 492 1517 non.
544 1455 623 1516 Leve
651 1454 739 1532 igitur
760 1460 805 1514 est
826 1452 907 1514 istud
927 1451 983 1514 viri
1005 1452 1085 1514 docti
1111 1461 1331 1530 argumentum,
1364 1453 1486 1530 potuis-

254 1555 358 1620 setque
378 1539 427 1600 ille
449 1539 558 1598 rectius
580 1539 616 1599 ed
638 1537 843 1600 testimonium
871 1535 1036 1596 sentcntiae
1058 1555 1131 1597 suae
1153 1536 1243 1597 citare
1264 1553 1332 1613 cap.
1359 1539 1408 1608 6.,
1432 1535 1487 1606 ubi,

254 1627 324 1688 dum
346 1622 531 1702 rogationem
552 1629 684 1699 quantun
707 1619 850 1682 orationis
872 1619 1037 1695 dominicae
1059 1637 1120 1680 non
1143 1619 1263 1698 proprie
1286 1619 1347 1679 sed
1371 1621 1487 1700 tropica

255 1711 292 1770 dc
320 1726 403 1770 secra
424 1722 515 1767 coena
537 1724 606 1768 esse
627 1704 842 1783 intelligendam
865 1703 987 1774 diaeum,
1009 1705 1063 1765 aed
1084 1715 1113 1765 et
1133 1708 1210 1784 quio,
1233 1702 1348 1774 adiicit,
1374 1723 1488 1765 corne-

257 1794 327 1855 llter
348 1792 495 1854 admittor
521 1793 581 1851 leto
602 1808 673 1860 non,
702 1807 761 1850 non
790 1792 854 1849 sine
881 1787 1026 1866 religione
1044 1795 1145 1867 polest
1171 1789 1244 1868 fieri
1270 1797 1300 1848 et
1331 1789 1487 1868 spiritalis

256 1873 438 1954 disciplmon
461 1873 512 1934 ubi
534 1872 684 1952 spiritulia
708 1871 868 1951 discipline
889 1871 1015 1950 aliquem
1037 1871 1087 1932 dat
1101 1869 1299 1932 blontunistici
1326 1872 1487 1950 scriptoris

256 1957 467 2040 suspicionem,
500 1957 550 2034 qui
580 1956 727 2036 spiritales
755 1973 799 2026 se,
833 1961 949 2016 ceteros
976 1955 1134 2033 psychicos
1168 1954 1371 2034 appellebant.
1435 1956 1487 2016 Sed

255 2043 351 2123 potuit
372 2039 570 2102 Tertullianus
599 2040 654 2101 sub
685 2038 865 2118 spiritalibus
893 2039 981 2099 etiem
1008 2038 1129 2116 quosvis
1151 2039 1264 2117 probos
1287 2039 1441 2100 homines
1462 2051 1486 2100 et

138 2163 146 2174 ,
256 2126 442 2187 Christianos
464 2123 637 2201 intelligere,
670 2121 749 2200 quod
775 2122 848 2183 mibi
877 2122 970 2199 magis
998 2123 1094 2200 placet
1114 2129 1282 2201 propterea,
1320 2124 1413 2200 quod
1437 2125 1486 2183 bus

255 2228 316 2270 nou
338 2210 378 2269 ita
400 2207 492 2268 multo
513 2217 584 2284 post
603 2206 811 2285 interpretetur
825 2223 878 2284 per
892 2205 1005 2286 fideles,
1029 2225 1140 2284 eosque
1159 2223 1220 2266 non
1236 2205 1435 2268 Orlbodoxis
1450 2207 1488 2268 rel

256 2291 406 2370 Psychicis
440 2289 573 2368 opponit,
614 2289 666 2350 see
695 2291 869 2352 non'onibnn
897 2289 928 2350 h.
951 2309 976 2350 e.
1004 2307 1065 2350 uon
1094 2289 1282 2350 credentibus
1310 2289 1487 2362 inlesum,

255 2393 352 2454 neque
384 2391 509 2451 usquam
540 2373 642 2453 reperi
671 2373 883 2434 Tertullianum
914 2373 961 2434 vcl
988 2373 1018 2435 in
1046 2372 1120 2452 ipsis
1147 2372 1371 2435 Montenisticis
1407 2375 1486 2436 libris

192 2486 195 2492 ·
258 2457 439 2522 Ortbodoris
476 2475 585 2520 nomen
613 2456 740 2519 fidelium
768 2474 903 2535 negasse.
947 2457 1007 2517 lam
1036 2475 1102 2517 oum
1130 2457 1209 2518 bunc
1235 2455 1351 2518 librum
1382 2477 1424 2520 ex
1456 2461 1486 2520 iis

258 2561 327 2604 csse
350 2541 421 2603 setis
445 2549 571 2613 constet,
593 2542 643 2619 qui
666 2541 881 2618 castigatiorem
903 2540 1068 2601 doctrinam
1084 2540 1251 2612 continent,
1275 2558 1487 2622 quemcunque

257 2627 299 2688 illi
319 2626 416 2686 locum
437 2625 469 2686 iu
490 2625 659 2686 huiusmodi
680 2624 869 2702 Septimienis
891 2625 1011 2704 scriptis
1033 2625 1161 2698 dederis,
1183 2625 1262 2686 idem
1291 2633 1352 2686 est.
1384 2626 1487 2689 Nobis.

257 2709 364 2790 quibus
386 2729 421 2770 ex
443 2727 478 2770 co
501 2709 578 2771 nulla
601 2727 635 2768 se
657 2708 704 2768 vcl
723 2708 796 2768 levis
810 2707 941 2786 suspicio
954 2726 1088 2770 errorum
1106 2708 1357 2770 llontenistarum
1373 2710 1488 2772 obtulit

258 2795 402 2874 optimum
421 2793 537 2854 videtur
558 2811 624 2854 eum
647 2792 677 2853 iu
699 2792 803 2870 primis
825 2791 914 2852 buius
939 2791 1057 2870 generis
1079 2792 1232 2855 collocare.

784 2995 813 3068 s.
839 2952 951 3080 xg'rxv.

341 3127 379 3188 nt
410 3127 518 3197 dicere,
550 3143 692 3203 quaenam
725 3125 859 3186 doctrina
890 3125 1050 3186 asserenda
1083 3127 1123 3187 sit
1149 3125 1223 3187 libro
1252 3125 1290 3186 de
1318 3125 1488 3206 Baptismo,

258 3211 363 3272 maiori
385 3218 432 3270 est
453 3227 519 3270 cum
542 3209 709 3270 difficultate
731 3209 930 3270 coniunctum.
973 3209 1117 3288 liquidem
1148 3227 1206 3270 uon
1232 3210 1354 3286 ignoro,
1386 3232 1488 3274 omna

259 3293 304 3354 sic
325 3292 445 3364 sentire,
467 3292 550 3370 quasi
573 3294 612 3354 sit
634 3293 721 3354 balius
742 3292 808 3353 libri
832 3283 1013 3375 ὀρθοδοξία
1035 3301 1115 3354 extra
1132 3311 1251 3354 omnem
1271 3293 1488 3358 dubitationes

258 3374 367 3457 posite,
403 3375 515 3449 leviter,
548 3386 581 3437 ut
608 3377 638 3438 in
666 3377 783 3444 ceteris,
813 3385 995 3455 repugnante
1016 3376 1213 3450 liclimauu03
1248 3377 1302 3438 sed
1328 3377 1366 3438 iu
1396 3399 1435 3442 ca
1462 3399 1488 3440 re

258 3460 390 3522 miranda
413 3459 495 3521 veuit
515 3461 675 3522 multorum
697 3461 851 3522 doctorum
879 3461 1034 3522 bominum
1062 3460 1174 3533 levites,
1204 3460 1254 3538 qui
1281 3460 1384 3524 libros
1407 3465 1488 3531 alios,

259 3562 384 3624 quorum
406 3552 610 3621 argumentum
631 3553 739 3605 certam
761 3543 851 3605 habet
871 3545 1007 3624 puritatis
1022 3544 1276 3622 significationem,
1301 3543 1488 3609 Tertulliano

259 3629 454 3690 blonteuistee
476 3627 644 3700 tribuerint,
667 3636 697 3688 ct
718 3627 776 3688 hoc
796 3636 860 3688 tuto
884 3627 1047 3690 exemerint
1074 3647 1236 3690 enumero
1258 3629 1373 3692 horum
1395 3631 1488 3692 libro·

258 3731 336 3786 rum,
370 3713 454 3774 euius
488 3721 584 3772 temen
618 3711 685 3784 loci,
722 3711 748 3772 si
780 3711 825 3772 rel
853 3712 1024 3792 praecipuas
1046 3713 1288 3774 llontanistarum
1317 3711 1351 3774 in
1381 3734 1422 3775 eo
1452 3713 1488 3774 sel

261 3795 502 3858 Ortbodcxorum
532 3795 693 3856 sententies
713 3795 917 3874 requisiveris,
947 3804 1004 3857 mm
1028 3803 1098 3858 sunt
1124 3795 1254 3869 obsceni,
1276 3803 1310 3856 ut
1336 3797 1487 3876 inquisitis

260 3881 398 3943 omnibus
435 3879 483 3940 rix
516 3897 575 3958 quo
609 3897 643 3940 se
670 3887 764 3940 vertet
789 3879 904 3941 animus
932 3879 1036 3942 videat.
1091 3879 1149 3941 Sed
1179 3889 1220 3953 ut,
1248 3888 1396 3958 qnantum
1429 3885 1486 3944 lieri

258 3965 368 4044 possit,
401 3964 532 4035 domos
563 3969 669 4036 nmen,
692 3981 834 4041 quaenam
866 3963 896 4024 in
923 3963 999 4024 libro
1022 3973 1127 4025 nostro
1150 3962 1284 4026 doctrina
1305 3965 1354 4024 rel
1378 3966 1419 4026 ad
1443 3967 1487 4026 lus·

261 4049 306 4109 vel
333 4050 370 4109 ed
392 4048 457 4109 illas
478 4047 573 4126 magis
601 4046 738 4108 inclinata
764 4056 881 4125 regnet,
919 4047 1046 4126 primum
1074 4047 1168 4126 placet
1195 4047 1366 4109 examinare
1395 4049 1486 4112 locos.

263 4133 313 4210 qui
342 4132 412 4194 huic
437 4131 514 4193 libro
547 4131 748 4210 suspicionem
775 4131 962 4194 Montanismi
995 4131 1162 4204 conficiunt,
1200 4131 1306 4194 deinde
1338 4151 1410 4204 eos,
1446 4135 1488 4210 qui

262 4224 332 4276 sunt
354 4215 383 4276 in
405 4216 584 4278 contrariam
612 4227 735 4294 partem,
768 4215 865 4276 rarius
892 4215 969 4286 licet,
999 4215 1156 4294 propositi.
1200 4216 1303 4294 Atque,
1331 4225 1369 4278 ut
1391 4219 1488 4278 mitta·

262 4315 330 4358 mus
354 4317 399 4372 ce,
420 4318 495 4378 quae
517 4299 712 4360 subdubitans
735 4298 844 4360 obiecit
864 4298 1020 4371 Beroniua,
1051 4299 1123 4360 satis
1150 4299 1198 4362 illc
1226 4299 1263 4362 ab
1283 4297 1393 4362 dllixio
1418 4319 1487 4363 con

262 4383 371 4443 lutatus
394 4383 436 4452 tin
458 4383 522 4446 lita
544 4383 667 4446 Tertull.
689 4402 719 4463 p.
741 4385 793 4447 29.
818 4385 907 4461 sqq),
927 4383 1125 4444 Hollmaunus
1145 4384 1178 4445 in
1199 4384 1278 4446 illam
1298 4385 1489 4462 superiorem

262 4473 375 4544 partem
398 4468 470 4528 baec
499 4469 604 4530 excitet
630 4476 812 4546 argumente.
855 4466 987 4528 Primum
1015 4467 1093 4546 quod
1122 4467 1152 4528 in
1179 4467 1255 4530 libro
1278 4467 1315 4528 de
1336 4467 1487 4548 Baptismo

263 4547 462 4614 Tertullianus
491 4551 575 4612 dictis
608 4561 707 4614 utatur
736 4551 879 4614 similibus
909 4569 1021 4623 cortun,
1059 4569 1133 4632 quea
1161 4553 1193 4612 in
1220 4571 1256 4612 eo
1285 4551 1322 4614 de
1345 4551 1488 4614 Pudicitia
