3196 5250
487 389 622 434 onerosa
642 389 702 434 aaa.
724 389 761 434 as
782 389 911 436 awaus.
1076 379 1097 414 ⁹
1242 373 1304 440 dita
1350 434 1360 462 0
1403 359 1416 382 “

102 541 137 602 tis
158 535 279 617 Rigaltio
301 536 527 618 sanguinibus,
548 537 608 602 nisi
629 539 710 619 quod
730 538 761 602 in
783 537 958 619 uaibusdam
980 558 1016 602 ex
1042 539 1100 602 illis
1121 539 1227 619 legitur
1248 540 1306 602 ia-

101 625 188 688 dsade
213 639 268 702 pro
296 621 461 698 ludendos,
494 631 581 702 atque
607 623 681 688 haee
707 623 808 686 ultiuta
837 624 924 688 verba
946 629 1049 710 pptius
1078 643 1165 706 quaen
1185 628 1306 694 erroris

100 707 220 772 nusae
243 715 376 768 resecata
400 714 478 768 sunt
523 707 583 770 Sed
608 708 753 788 Rigaltius
782 708 921 770 audacior
948 728 982 770 ea
1010 709 1109 770 anania
1138 709 1305 788 amputavit,
1351 775 1358 782 ,

100 811 168 874 quse
188 791 304 853 uncinis
326 791 435 854 includi
462 791 613 854 iussimus.
657 793 768 854 Tantae
795 801 894 854 tamen
923 793 1132 876 amputationis
1155 811 1193 853 ne
1214 811 1305 856 mom

101 876 213 956 quidem
242 876 365 938 vernum
396 877 473 938 lecit.
527 876 672 956 Numquid
701 895 772 958 ergo
799 877 957 940 arbitratus
986 887 1032 939 est
1057 877 1203 940 rationem
1228 877 1307 940 illius

99 961 207 1023 ornetis
229 969 332 1022 notam
353 979 439 1035 esse,
467 961 534 1040 quia
555 961 642 1041 paulo
663 971 734 1042 post
755 961 952 1024 Tertullianus
975 962 1062 1023 dixit:
1095 961 1204 1026 Hostes
1225 963 1307 1024 iudi-

98 1065 164 1108 aare
183 1046 346 1118 maluistis,
375 1050 428 1126 aui
446 1064 550 1108 mutua
569 1046 662 1126 puae
682 1065 746 1110 nan
765 1051 883 1128 penoris
906 1047 1030 1110 lemma·
1048 1059 1156 1118 tamen,
1179 1047 1232 1108 aed
1247 1065 1307 1127 po-

98 1135 154 1192 tius
186 1134 308 1192 moris
342 1128 465 1206 (midai
510 1129 570 1192 Sed
600 1131 741 1210 numquid
771 1131 883 1193 auotori
916 1149 1066 1211 nunquam
1093 1131 1174 1192 licant
1200 1130 1307 1192 iisdem

96 1215 190 1277 runis
213 1215 339 1276 eandem
361 1233 397 1276 ex
418 1213 534 1276 duobos
557 1216 737 1293 argumentis
760 1217 913 1278 dodanam
934 1216 1044 1278 interro
1063 1213 1307 1281 eonelusioneml

96 1299 293 1362 Tertullianus
315 1307 411 1360 auum
433 1299 581 1362 oonoludit
601 1299 724 1379 gentiles
745 1300 887 1363 maluisse
901 1300 1083 1362 Christianos
1104 1299 1226 1362 iudicari
1246 1317 1308 1362 non

94 1383 210 1462 quidem
234 1385 364 1457 erroris,
397 1383 450 1445 sed
471 1383 591 1446 humani
613 1385 728 1464 generis
750 1387 870 1460 hostes,
902 1384 970 1466 quia
991 1403 1053 1446 non
1079 1383 1151 1446 satis
1172 1383 1306 1446 animad-

96 1477 240 1530 verterant
264 1468 331 1530 illos
352 1468 448 1548 primo
470 1469 589 1548 quidem
612 1469 648 1530 ab
670 1470 714 1530 eis
737 1470 918 1532 seoedendo:
951 1470 1082 1531 seeundo
1104 1476 1211 1543 entem,
1235 1469 1306 1530 dae-

93 1571 205 1628 mones,
228 1562 266 1614 ut
285 1571 355 1614 mox
376 1552 499 1628 dieotur,
521 1571 581 1614 uon
603 1553 757 1628 meando,
779 1555 879 1634 plures
901 1553 975 1634 ipsis
996 1554 1100 1616 hostes
1121 1572 1208 1632 quam
1226 1553 1274 1616 eia

93 1639 218 1700 loturos.
265 1637 308 1699 lle
331 1637 475 1700 industria
497 1656 568 1700 vero
590 1638 668 1700 aives
691 1638 772 1713 dixit,
794 1639 864 1718 quia
885 1657 1070 1702 communem
1091 1657 1157 1700 eum
1179 1637 1247 1714 illis,

95 1722 228 1798 adimus,
252 1723 345 1786 vitam
366 1723 479 1803 agendo
503 1741 607 1784 eorum
629 1724 707 1786 eires
730 1733 822 1786 erant.

174 1832 210 1892 nt
232 1831 326 1894 nobis
349 1831 453 1910 aliquis
476 1831 599 1893 forsitan
621 1831 739 1894 obiiciat
760 1841 851 1894 totam
872 1832 948 1893 hano
962 1830 1133 1892 Tertulliani
1148 1849 1307 1910 argumen-

92 1915 230 1977 tationem
253 1916 309 1978 niti
332 1915 508 1978 intolerabili
528 1916 723 1978 multitudinis
739 1917 973 1978 Christianorum
988 1915 1219 1996 exaggeratione.
1248 1917 1308 1979 Sed

89 1999 126 2060 ab
149 2001 204 2062 hoe
224 2002 360 2081 petimus
384 2001 452 2080 quid
468 2000 648 2062 Tertulliano
670 2001 816 2081 prodesse
836 2009 952 2080 poterat
973 2001 1176 2081 intempestiva
1197 2001 1306 2080 hyper-

90 2083 179 2147 tolet
222 2085 370 2147 Ethnieos
394 2085 540 2164 siquidem
563 2085 603 2147 ibi
626 2086 790 2165 compellat,
812 2086 919 2166 ombus
939 2086 1059 2166 ignotus
1082 2103 1142 2146 non
1165 2094 1228 2148 erat
1249 2105 1308 2148 nu·

91 2187 188 2231 merus
211 2170 451 2233 Christianorum
482 2178 512 2231 et
539 2171 588 2250 qai
615 2169 657 2232 illi
685 2170 741 2232 oito
770 2170 856 2233 eitius
883 2169 1027 2232 mendacii
1060 2170 1191 2232 convicto
1219 2169 1309 2233 fidem

89 2253 150 2314 aliis
172 2255 204 2316 in
228 2254 373 2317 omnibus
395 2255 599 2333 derogassent.
627 2255 739 2316 lleinde
760 2275 830 2316 vero
854 2255 990 2336 superius
1006 2253 1187 2317 ostendimus
1202 2255 1309 2334 (Supra

88 2357 147 2418 cap.
173 2343 224 2404 12.
249 2341 317 2401 Art.
342 2344 382 2416 1.)
404 2358 491 2418 qoam
513 2339 585 2402 haec
605 2359 674 2401 aera
696 2341 756 2402 sint
781 2359 856 2420 quae
893 2339 942 2401 ille
968 2339 1005 2400 de
1033 2338 1143 2420 ingenti
1165 2339 1308 2401 Christia-

89 2441 190 2486 norum
213 2441 347 2488 numero
369 2433 428 2484 tam
450 2423 560 2486 diserte
582 2433 611 2486 et
632 2424 672 2486 ibi
694 2434 724 2487 et
745 2424 813 2486 alibi
834 2425 962 2485 tradidit.

167 2535 233 2601 ntia
265 2533 389 2596 demum
415 2533 529 2596 ratione
551 2534 735 2596 demonstrat
756 2551 842 2616 quam
869 2533 952 2598 lacile
974 2532 1130 2596 Christiani
1151 2533 1253 2596 ulcisci
1275 2553 1310 2598 se

88 2629 234 2698 poterant,
286 2619 383 2680 Penes
406 2618 505 2700 ipsos,
528 2619 639 2698 inquit,
668 2619 749 2680 solos
772 2627 836 2680 erat
856 2627 990 2698 potestas
1013 2619 1170 2680 daemones
1194 2637 1229 2682 ex
1252 2618 1308 2682 ob-

87 2706 188 2780 sessis,
213 2707 302 2768 sicut
323 2711 408 2764 antea
430 2703 686 2784 vidimus'(Snpra
709 2721 771 2784 cap.
788 2705 817 2766 8.
832 2702 892 2764 tra
918 2705 971 2780 6.),
995 2701 1178 2764 ethnicorum
1200 2721 1308 2782 corpo·

88 2787 166 2850 ribos
200 2787 347 2854 eliciendi
380 2787 562 2862 (Tertullian.
591 2787 744 2866 apologet.
768 2805 830 2866 eap.
854 2789 928 2864 37.).
969 2785 1057 2866 Atqui
1090 2785 1116 2846 si
1149 2785 1216 2848 illos
1248 2805 1309 2848 non

89 2875 277 2954 exegissent:
312 2873 487 2955 Suffecisset
509 2871 563 2934 loo
584 2873 698 2943 salum,
726 2871 852 2952 ipsamet
874 2869 938 2932 eius
959 2869 1048 2934 verba
1071 2878 1156 2944 sunt,
1184 2875 1322 2939 nostrae

86 2959 213 3032 ultioni,
253 2959 338 3042 quod
370 2976 466 3018 uacua
499 2957 605 3019 exinde
627 2962 782 3036 possessio
810 2957 970 3022 immundis
1003 2955 1161 3036 spiritibus
1188 2963 1310 3036 pateret
1346 2984 1353 2999 =

89 3043 277 3118 (Tertullian.
302 3043 368 3104 loco
391 3041 462 3118 eit).
505 3041 549 3102 llu'
571 3049 668 3104 autem
696 3039 838 3120 Rigaltius
867 3039 945 3102 serio
972 3057 1030 3105 nos
1059 3038 1196 3100 admonet
1218 3056 1251 3099 se
1273 3037 1309 3100 ab

86 3127 147 3190 aliis
182 3129 343 3210 accepisse
375 3125 406 3186 io
439 3125 540 3186 codice
572 3121 712 3186 Fuldensi
744 3143 799 3206 pro
829 3135 949 3204 pateret
981 3123 1123 3204 seriptum
1151 3127 1309 3204 pateretis.

87 3213 243 3276 lliraberis
266 3209 465 3296 proculdubio
489 3229 633 3274 summam
655 3207 733 3275 illius
756 3207 950 3290 diligentiam,
986 3207 1036 3287 qtti
1062 3207 1138 3272 hano
1164 3207 1309 3270 diversam

87 3307 142 3360 um
163 3300 243 3363 levis
268 3295 416 3362 momenti
437 3293 593 3358 landonem
616 3293 740 3359 aliorum
761 3293 932 3358 testimonio
947 3301 1068 3354 annotat
1083 3300 1111 3354 et
1125 3293 1311 3372 superiorem

88 3383 218 3464 aliasque
240 3385 336 3462 longe
357 3379 479 3456 maioris
501 3375 660 3454 momenti,
693 3379 809 3440 tametsi
832 3377 961 3442 omnium
985 3375 1117 3438 codicum
1139 3377 1311 3440 auctoritate

87 3467 226 3544 munitas,
250 3467 377 3550 penitus
400 3463 509 3526 omisit.
544 3465 580 3526 lt
601 3464 672 3526 illud
694 3463 816 3527 verbum
834 3468 980 3546 pateretis
1004 3459 1184 3536 Tertulliani,
1206 3459 1310 3542 inquit,

87 3553 190 3632 stylum
213 3551 310 3634 sapit.
354 3549 502 3630 Numquid
524 3569 593 3610 vero
616 3549 688 3612 aliae
711 3567 814 3610 omnes
843 3567 914 3629 quas
940 3545 1137 3627 praetermisit
1168 3547 1310 3610 lectiones

87 3635 161 3700 itus
185 3640 307 3722 stylum
328 3633 427 3696 miuus
449 3633 592 3714 sapiunt?
641 3633 733 3696 Nemo
757 3651 827 3697 sane
850 3652 905 3694 nee
926 3633 989 3712 ipse
1011 3630 1152 3710 Rigaltius
1181 3629 1211 3690 id
1232 3629 1310 3692 serio

88 3724 235 3786 altirrnare
261 3719 395 3786 audebit
438 3718 482 3781 td
508 3719 582 3783 haec
602 3736 671 3780 vero
711 3717 758 3780 vul
777 3725 825 3781 au
857 3725 1027 3794 ounctorum
1066 3714 1131 3776 solo
1170 3709 1310 3776 Fuldensi

88 3817 209 3890 excepto
233 3807 387 3872 librorum
408 3801 504 3878 lectio,
527 3822 588 3866 non
619 3801 717 3864 minus
749 3735 944 3863 iertudianea
967 3809 1011 3862 est
1034 3798 1217 3878 eundemque
1231 3814 1310 3892 ‚sen-

89 3911 151 3954 sum
173 3893 262 3958 huno
287 3889 392 3958 elficit:
414 3885 480 3950 Nisi
494 3885 650 3960 Christiani
672 3887 806 3966 lugerent
827 3885 998 3958 daemones,
1021 3900 1145 3966 corpora
1160 3879 1312 3962 gentilium

92 3983 238 4060 numnam
265 3995 357 4039 vacua
378 3973 534 4056 possessio
555 3971 621 4034 istis
644 3970 681 4034 ad
699 3965 816 4033 lihitum
835 3977 959 4050 pateret.

169 4098 256 4174 Quid
288 4103 388 4158 annm
414 4093 473 4154 hoe
501 4089 597 4154 adhue
623 4107 692 4150 sese
719 4086 878 4150 mainsendi
904 4083 994 4150 modo
1018 4079 1184 4164 pnomptius
1205 4087 1237 4142 et
1255 4098 1310 4142 ex·

88 4182 243 4260 peditius?
293 4179 404 4242 Veram
424 4177 461 4239 ab
483 4175 564 4243 omui
585 4173 709 4236 mediata
731 4171 773 4233 illi
795 4171 839 4233 sie
858 4169 1072 4239 ulmenam,
1100 4174 1133 4228 ut
1151 4165 1312 4231 daemotm

87 4287 121 4328 ex
141 4270 285 4330 hostium
310 4282 433 4325 suorum
454 4260 605 4342 gentilium
627 4257 801 4338 wrporihos
824 4254 968 4334 expellere
990 4251 1119 4348 nullent,
1147 4260 1234 4330 qum
1253 4249 1311 4312 hoa

85 4369 143 4416 nea
171 4349 360 4434 expellendo
398 4348 435 4408 de
463 4346 520 4408 ilis
549 4363 609 4406 non
636 4344 712 4406 bene
739 4341 857 4404 mereri.
914 4338 1107 4433 ingratissima
1126 4353 1205 4430 ‘ergo
1218 4343 1312 4430 ‘erant

86 4440 231 4516 gennas,
268 4433 327 4514 qui
359 4441 487 4504 tantum,
520 4430 561 4492 ait
588 4427 802 4498 Tertullianus,
842 4421 1020 4504 praesmmm
1052 4421 1132 4516 deep
1170 4423 1312 4514 laumtee

87 4523 280 4586 domitabant
305 4517 508 4589 Christianos,
541 4513 597 4576 sibi
626 4513 700 4576 adeo
721 4507 921 4580 necessarios,
954 4524 1021 4568 esse
1041 4504 1174 4586 publicas
1194 4519 1312 4583 generas

85 4605 205 4674 huraani
229 4609 345 4670 hostes
369 4602 477 4682 (laida.
1054 4687 1110 4743 w
