3132 5238
258 354 300 416 26
584 364 632 414 ou.
653 361 739 404 serr.
761 357 846 402 mos.
869 353 1061 400 rssrosumx
1082 355 1148 399 nra

256 521 383 588 ciouur,
396 513 473 574 libro
488 512 525 572 de
535 509 763 572 Bessorectioae
777 506 879 568 Carnis
894 504 1040 566 emmaus
1055 513 1085 568 et
1098 513 1220 584 quartus
1234 505 1309 568 Adr.
1324 505 1427 582 Marc,
1450 519 1485 572 ot
1550 557 1551 573 ,

256 603 333 664 tium
347 598 450 677 quinto
463 596 535 658 tte.
550 597 637 658 blm.
651 593 791 672 allegatur
803 590 878 654 liber
892 589 929 652 de
943 588 1109 650 Resurrect.
1120 589 1225 650 Cumis
1238 591 1285 664 (V.
1298 589 1339 652 lle
1351 589 1482 654 Resurr.

257 685 361 748 Carnis
373 686 436 746 ei.
447 681 614 742 Adnllsre.
626 679 669 751 tt,
678 681 751 752 tu),
760 695 819 755 quo
832 675 865 736 lit
876 683 908 734 ιιι
918 671 1080 734 existimem
1090 672 1217 750 primum
1226 673 1355 753 scriptos
1367 675 1483 738 sdver-

258 790 310 832 sus
320 767 500 830 llardouem
510 773 646 843 mutuor,
657 761 848 824 intermedius
859 757 963 819 deinde
972 756 1047 818 duos
1058 756 1150 819 libros
1163 765 1192 818 et
1201 767 1356 837 postremo
1366 760 1482 820 adver·
1552 835 1553 838 Ἴ

256 873 310 918 sus
319 851 499 914 llarcionem
508 849 652 926 quintum.
666 845 760 906 Porro
770 843 797 906 si
811 843 868 904 boe
880 860 968 914 anno,
980 841 1021 902 uti
1033 841 1204 921 Onupbrius
1220 842 1320 908 tradit.
1329 843 1483 906 celebrata

257 939 318 1000 sint
338 933 507 996 decennalia
520 931 661 993 Antonini
682 931 787 1008 insper.
803 925 904 989 Severi
923 924 985 997 lilii,
1007 926 1139 987 fortassis
1161 936 1374 1004 praeoccupata
1398 947 1483 990 meno

257 1023 372 1100 integro
394 1019 433 1082 ob
454 1018 601 1079 dicessum
623 1015 653 1076 in
668 1013 776 1076 bellum
790 1011 994 1082 Britannicum,
1015 1028 1103 1088 quem
1118 1010 1315 1072 Cassiodorus
1329 1010 1378 1072 bis
1396 1032 1482 1074 ross.

257 1106 400 1168 accidisse
421 1101 539 1172 scribit,
561 1099 620 1161 boc
640 1099 727 1160 etiam
749 1115 826 1158 anno
848 1096 976 1172 scriptus
997 1101 1044 1154 est
1065 1093 1139 1154 liber
1159 1095 1201 1156 De
1217 1095 1334 1156 Corona
1356 1095 1480 1170 nitius;

257 1192 304 1254 siu
332 1208 409 1252 arum
437 1184 572 1264 sequenti
597 1184 687 1262 (quod
714 1181 787 1244 mibi
816 1180 908 1258 magis
931 1179 964 1238 lit
983 1177 1140 1238 verisimile
1162 1197 1198 1239 ex
1219 1179 1267 1240 illa
1290 1181 1405 1242 nummi
1429 1181 1481 1242 in-

257 1274 432 1354 scriptione:
468 1287 633 1331 snronrsos
658 1286 723 1330 rios
745 1284 812 1327 soe.
834 1283 899 1325 con.
922 1281 965 1322 ιιι.
988 1279 1062 1323 vora
1083 1281 1194 1324 socors
1216 1269 1287 1338 oso)
1316 1273 1482 1344 utrumque

258 1357 425 1436 contigerit,
447 1355 515 1416 illue
535 1356 644 1415 reterre
665 1351 772 1431 poterit
793 1349 894 1420 lector,
915 1346 1074 1408 dummodo
1096 1346 1250 1408 uobiscum
1266 1347 1386 1420 sentiat,
1410 1359 1482 1410 ante

258 1443 474 1522 expeditionem
500 1437 707 1500 Britannicam.
748 1434 791 1496 ld
822 1451 908 1512 quam
936 1430 1063 1510 pertinet
1087 1429 1176 1492 etiam
1202 1429 1358 1510 inscriptio
1386 1451 1482 1512 sopra

258 1527 354 1608 posita
389 1543 454 1586 mm
483 1523 578 1601 elligie
607 1521 715 1601 equitis
742 1537 832 1582 nunu
860 1515 984 1578 iaculum
1011 1514 1152 1576 tenentis:
1185 1533 1352 1576 rsorsorro
1387 1536 1481 1580 succ.

258 1629 326 1672 nem
348 1619 506 1685 utrumque
527 1607 619 1668 lilium
640 1623 741 1665 secum
763 1601 845 1664 duxit
866 1601 1004 1670 Serenus,
1026 1617 1042 1658 a
1065 1617 1123 1676 quo
1145 1617 1236 1677 quum
1256 1598 1290 1660 P.
1313 1599 1482 1678 Septimius

259 1695 331 1753 Geta
352 1709 430 1751 anno
445 1689 573 1767 primum
595 1687 729 1765 sequenti
750 1687 854 1764 imper.
870 1685 976 1744 Caesar
989 1685 1060 1760 nug.
1082 1681 1122 1742 sit
1143 1683 1304 1761 appellatus
1326 1691 1356 1744 et
1378 1685 1480 1746 tribu-

258 1775 361 1836 nitiam
382 1779 556 1850 potestatem
578 1770 732 1848 acceperit,
754 1769 841 1830 sicuti
862 1767 929 1830 laeti
949 1766 1058 1829 babeat
1077 1765 1263 1839 consulares,
1285 1768 1481 1830 confirmatur

258 1859 333 1920 dictu
365 1863 467 1916 nocua
498 1854 674 1915 coniectura.
718 1852 873 1913 Concilimi
905 1851 1021 1930 quidem
1054 1858 1181 1929 possunt
1206 1849 1419 1930 inscriptiones
1448 1863 1480 1916 et

258 1941 325 2003 lasti
353 1938 524 2001 consulares
551 1957 618 1998 cum
640 1935 796 2014 onuphrio
823 1945 853 1996 et
866 1935 957 1996 altera
977 1933 1102 2013 quadam
1122 1934 1322 2014 inscriptione,
1345 1936 1396 1998 ubi
1421 1957 1478 2016 ap·

257 2025 382 2106 pellatm
395 2021 561 2084 Antoninus
574 2021 648 2100 Aug.
661 2019 743 2082 Trib.
759 2019 825 2080 Pot.
841 2019 876 2080 X.
898 2039 961 2080 cos.
977 2018 1027 2081 111.
1048 2018 1173 2098 design„
1194 2027 1227 2082 ut
1248 2019 1361 2082 dioetur
1381 2039 1476 2100 coep-

258 2119 307 2170 tus
328 2108 392 2169 eius
413 2125 509 2168 annus
531 2105 566 2166 X.
588 2105 636 2166 his
659 2123 737 2165 coss.
763 2102 801 2165 ad
823 2103 885 2164 tet
908 2103 1015 2176 limas,
1046 2111 1077 2164 et
1107 2103 1206 2164 linitus
1233 2122 1311 2166 anuo
1336 2106 1478 2182 sequenti

257 2191 322 2252 liat.
342 2190 440 2251 Maiis:
473 2189 526 2250 sed
556 2207 612 2250 noe
640 2189 678 2250 ad
706 2205 817 2250 mnum
838 2195 1010 2266 sequentem
1032 2187 1143 2248 reterre
1163 2187 1333 2262 maluimus,
1365 2187 1480 2252 nobie

257 2275 434 2355 prolixiores
455 2272 559 2334 simus.
1417 2273 1422 2280 “

341 2441 427 2502 dono
448 2439 566 2500 bomini
587 2439 683 2500 CCIX.
727 2440 758 2501 S.
780 2438 937 2518 zephyrini
962 2456 1056 2518 papae
1081 2437 1207 2501 Romani
1229 2438 1264 2508 Χ,
1290 2437 1394 2502 Severi
1416 2439 1477 2502 im-

258 2543 321 2602 per.
344 2523 417 2584 11111.
439 2524 542 2602 imper.
565 2523 648 2584 Caes.
670 2523 707 2584 ll.
729 2523 827 2585 burel.
849 2523 949 2584 Severi
971 2524 1043 2601 Aug.
1066 2522 1098 2584 F.
1118 2522 1267 2584 Antonino
1289 2523 1363 2602 dog.
1373 2524 1425 2586 111.
1448 2534 1481 2586 et

257 2607 290 2668 P.
313 2607 456 2686 Septimio
478 2608 577 2668 Seuer.
599 2608 670 2684 lug.
694 2607 726 2666 F.
749 2607 821 2668 Geta
844 2625 921 2668 coss.
964 2606 1037 2668 Post
1057 2607 1199 2668 celebrata
1221 2607 1478 2670 decennalia'dn-

258 2691 353 2754 tonini
387 2691 497 2753 Rornae
530 2711 546 2751 a
583 2690 762 2751 Tertulliano
796 2691 938 2768 scriptum
970 2707 1125 2752 censemus
1153 2690 1258 2753 librum
1287 2691 1330 2754 De
1358 2691 1480 2754 Corona

257 2775 367 2840 llilitis.
411 2775 521 2836 Romae
542 2773 622 2836 enim
643 2774 785 2853 scriptum
807 2783 928 2854 apparet
949 2793 985 2836 ex
1006 2775 1103 2836 verbis
1125 2774 1199 2836 illis:
1222 2775 1397 2838 Erubescite
1414 2776 1480 2840 llo-

257 2865 342 2923 moro'
362 2859 574 2922 commilitones
597 2863 671 2931 eius,
694 2867 724 2919 et
744 2859 781 2920 ad
802 2859 971 2920 decennalia
992 2859 1106 2920 videtum
1120 2859 1306 2921 referendum
1321 2859 1392 2922 illud
1408 2860 1480 2924 libri

257 2945 488 3023 trontispicium:
526 2944 666 3006 Proxime
687 2944 772 3023 [aaa
800 2955 846 3005 eet
875 2943 1043 3006 liberalitas
1061 2949 1393 3024 praestantissimorum
1417 2949 1479 3006 eire—

255 3041 451 3108 peratorum
474 3028 520 3090 mi
541 3027 723 3090 subiicienda
744 3027 908 3106 putarimus
930 3046 1004 3107 quae
1024 3035 1196 3106 sequuntm‚
1228 3047 1264 3090 eo
1285 3027 1362 3106 quod
1383 3046 1477 3090 oeca-

257 3111 372 3172 sionem
406 3112 508 3188 scripti
537 3111 623 3173 buius
649 3111 717 3172 libri
744 3111 890 3184 indicent,
914 3119 1016 3189 utpote
1043 3111 1170 3190 inquo,
1193 3121 1402 3190 mutraqrmm
1423 3112 1478 3176 alii

258 3192 462 3262 mussitabant,
483 3193 657 3254 Christianis
679 3213 807 3256 coronae
828 3213 914 3257 mum
936 3193 1124 3256 interdictum
1146 3195 1272 3258 deducit.
1310 3195 1477 3278 merope-

258 3275 380 3346 bontur,
404 3275 508 3354 inquit,
530 3279 563 3336 ιιι
576 3281 686 3338 caetris
698 3277 806 3341 milites
819 3279 960 3342 laureati.
990 3280 1154 3341 Adhibetur
1167 3281 1288 3360 quidam
1302 3280 1365 3342 tttte
1380 3285 1479 3362 moqr's

258 3359 307 3420 det
325 3359 427 3432 mileet
449 3358 533 3422 eolus
555 3359 649 3421 libero
672 3364 776 3440 eapite,
800 3376 1013 3427 coroeaeteuto
1036 3367 1069 3424 ιἰι
1089 3383 1181 3426 manu
1203 3369 1311 3430 otioso.
1356 3363 1483 3445 &epoti

258 3443 423 3524 dere‘qoore,
435 3442 558 3506 eludere
568 3447 692 3516 minue,
703 3447 881 3526 e'osreedere
892 3451 1024 3510 emeres
1036 3451 1068 3510 ιἰι
1080 3461 1230 3513 uestrum.
1261 3447 1477 3512 Mumurtre'-

257 3525 337 3590 buno
359 3527 498 3607 defertur
518 3537 548 3590 et
565 3545 701 3608 persono
723 3533 782 3591 mm
804 3549 842 3592 ea
868 3534 973 3594 ordine
988 3541 1164 3594 coemerat.
1191 3531 1299 3594 Stetere
1314 3533 1478 3596 triduoue:

259 3611 330 3684 Cirr,
354 3615 458 3694 iuqttit,
482 3623 543 3674 tom
565 3614 702 3675 diversus
719 3613 846 3676 babitu?
875 3614 1001 3694 Neqooit
1015 3615 1067 3677 ille
1081 3634 1148 3677 cum
1162 3621 1288 3678 coeteris
1303 3617 1363 3682 sibi
1375 3616 1478 3680 licere.

258 3699 372 3762 Ceteros
401 3695 629 3780 expostulatus,
654 3697 844 3760 Christianus
866 3717 941 3772 sum,
965 3700 1132 3780 respondit.
1176 3699 1333 3782 Suffroqr'o
1357 3703 1479 3772 mitade,

255 3793 284 3846 et
302 3784 356 3845 'res
379 3781 538 3864 sospitato,
561 3791 590 3843 et
612 3799 683 3844 reue
697 3783 737 3842 ed
754 3782 938 3861 praefectos.
983 3783 1094 3846 Ibidem
1112 3783 1242 3864 penulas
1261 3788 1382 3864 possit,
1406 3805 1479 3865 spe-

258 3867 438 3930 culatoriam
460 3867 494 3930 de
514 3866 639 3948 pedidus
661 3865 801 3938 obsolvit,
824 3865 956 3944 qlodr'uoe
977 3869 1107 3931 reddidit
1128 3869 1209 3943 (nam
1223 3867 1360 3935 militaria
1375 3869 1478 3930 omnia

257 3949 382 4028 iusiguie
404 3953 434 4013 in
456 3950 692 4014 exauctoratione
712 3949 837 4010 militum
860 3949 926 4011 exui
948 3950 1053 4025 solere,
1076 3951 1121 4012 rel
1143 3971 1177 4014 ex
1192 3951 1361 4016 Herodiano
1374 3951 1425 4014 lib.
1438 3951 1476 4014 ll.

257 4033 444 4097 manifestum
475 4044 535 4110 est,
568 4033 652 4096 initio
684 4033 800 4111 imperii
824 4033 948 4110 Severi).
991 4035 1031 4096 dt
1052 4055 1133 4098 eune
1155 4047 1298 4100 meatus
1317 4040 1477 4116 suequim'a

256 4119 307 4180 ιιιι·
336 4135 403 4197 epe,
436 4121 610 4182 donativum
634 4119 749 4181 Consti
778 4121 810 4178 ιἰι
839 4136 959 4180 carcere
981 4131 1127 4199 espectet.
1171 4119 1289 4185 deinde
1311 4127 1479 4186 sententiae

257 4217 351 4282 super
371 4199 436 4276 ttto,
458 4208 557 4268 nertio
579 4221 620 4264 uu
643 4202 885 4265 Certetteoorom
907 4200 984 4281 (eae
1004 4207 1082 4264 otim
1102 4205 1181 4267 oliae
1202 4203 1418 4286 ethnicorum),
1441 4216 1478 4268 ιιι

257 4285 292 4348 de
313 4285 443 4364 abrupto
467 4297 495 4348 et
513 4291 678 4370 praecipiti
697 4298 727 4349 et
746 4290 828 4348 etore'
847 4287 972 4366 cupido,
1006 4291 1059 4367 qui
1085 4288 1120 4350 de
1142 4289 1245 4352 lubitu
1266 4294 1476 4370 ietmoqotus

256 4371 373 4432 domim
391 4371 541 4448 repetitos
563 4372 680 4451 seoeett.
709 4369 771 4432 Nec
791 4388 861 4432 vero
883 4369 1077 4432 ornittendum
1098 4371 1185 4434 illud:
1207 4373 1303 4436 Ploee
1325 4385 1476 4454 superest,

256 4463 291 4516 ιιι
318 4457 407 4517 etiem
428 4458 579 4531 martyrio
600 4473 744 4520 recusare
765 4455 958 4518 meditentur.
1002 4453 1167 4520 llueaitoet
1190 4458 1314 4538 denique
1337 4470 1399 4522 teet
1420 4457 1477 4520 do-

257 4555 328 4602 uoet
348 4549 377 4602 et
400 4537 519 4620 teneas
540 4539 599 4600 ribi
614 4559 719 4621 pacem
737 4539 919 4622 periclitari.
948 4537 1010 4602 Nec
1024 4539 1127 4606 debito
1141 4544 1287 4622 quosdam
1300 4547 1477 4624 scripturas
