3020 5230
420 413 556 459 auoronn
578 413 620 458 ro.
643 411 708 460 ιιι.
730 411 855 458 sunm.
890 385 893 392 ’
978 413 983 420 ·
1006 413 1011 422 ·

177 547 278 617 ΤιτλοΙΙ.
297 566 348 616 adr.
367 563 458 615 laleot.
695 635 701 642 Ι
814 563 878 615 lron.
897 571 979 616 contra
998 565 1097 618 liram.

50 749 200 828 Namque
215 769 250 810 ex
265 749 322 810 illis
337 747 493 809 duodecim
508 748 614 808 aeoni-
707 742 885 829 Προήλατο
916 744 952 810 tt
980 742 1068 810 πολά
1098 739 1116 808 ὁ
1141 744 1251 810 τελευ-

21 855 83 906 us,
117 851 195 912 quos
210 835 307 894 Homo
323 841 352 894 et
367 832 496 894 Euolesia
511 831 614 894 edide-
665 837 762 905 ταλος
775 830 829 893 καὶ
845 825 1006 907 νεώτατος
1020 831 1078 914 τῆς
1107 826 1252 894 δωδεκά-

8 929 96 990 ·ant,
122 917 287 980 novissima
308 927 378 978 natu
392 917 484 990 beon,
506 918 618 980 viderit
667 913 734 991 δσς,
773 915 809 991 ’ς
823 907 891 979 ῦπὸ
905 915 964 978 τοῦ
976 908 1179 998 Ἀνθρώπου
1195 913 1256 980 καλ

29 1003 245 1075 ολοιιι“ιυιαι;
277 1001 387 1080 Sophia
409 1001 486 1062 enim
508 1019 617 1062 nomen
667 998 726 1084 τῆς
750 937 947 1083 1ῦισιλησλας
986 995 1253 1083 προβεβλημένος

8 1097 83 1148 stt
112 1086 343 1148 ἰιιισιιιὶοσοιλοΙ
365 1085 468 1146 suisne
484 1084 617 1163 coniugis
667 1079 777 1160 Αλὼν,
798 1075 890 1147 τοῦτ’
915 1081 1004 1148 ἐστιν
1019 1076 1038 1169 ἡ
1054 1087 1174 1168 Σοφία,
1196 1083 1253 1148 καλ

1 1171 154 1233 Phileti·
177 1169 318 1231 sooietate
335 1169 502 1249 prorumpit
516 1169 546 1230 in
561 1188 616 1249 pa·
668 1163 780 1232 ἔπαθε
800 1164 917 1243 πάθος
937 1163 1014 1232 ἄνευ
1034 1168 1092 1253 τῆς
1109 1165 1254 1232 ἐπιπλο-

1 1265 99 1316 trem
123 1255 283 1333 inquirere,
306 1262 336 1316 et
355 1271 448 1332 genus
470 1253 618 1314 contrahit
667 1252 726 1336 τῆς
749 1251 808 1315 τοῦ
834 1249 930 1335 ζυγοῦ
954 1252 1013 1317 τοῦ
1041 1251 1203 1336 Θελητσῦ·
1235 1246 1255 1314 ὃ

2 1340 97 1412 vitii,
122 1339 202 1418 quod
224 1355 369 1400 exorsum
390 1337 508 1416 quidem
523 1339 618 1398 luerat
668 1331 824 1421 ἐνήρξατο
852 1335 913 1418 μὲν
936 1332 971 1400 ἐν
994 1343 1067 1413 τοῖς
1091 1336 1169 1419 περὶ
1194 1331 1254 1399 τὸν

4 1425 43 1484 in
72 1422 138 1484 illis
161 1422 263 1494 aliisi,
290 1423 339 1500 qui
365 1422 440 1482 cirea
465 1421 559 1493 Nun·,
586 1421 617 1482 in
670 1421 782 1498 Νοῦν,
804 1421 858 1484 καλ
875 1421 935 1507 τῆν
946 1412 1145 1505 Ἀλήθειαν,
1168 1411 1253 1484 άπέ-
1272 1418 1274 1426 ’

6 1509 106 1568 hune
118 1514 228 1579 autem,
251 1505 327 1578 (vett
349 1505 378 1566 in
394 1505 546 1585 Sophiam)
562 1505 617 1566 de·
670 1503 1000 1588 σκηψιδέιλςτσῦτσν
1010 1501 1069 1569 τὸν
1081 1513 1253 1588 παρατρα-

7 1592 147 1653 rivarat.
183 1589 341 1652 Sedenim
364 1590 620 1670 subproeteuto·
669 1591 789 1665 uena,
830 1587 1003 1675 πρόφασιν
1023 1589 1083 1671 μὲν
1112 1582 1251 1673 ἇγάπης,

10 1675 202 1738 delectionis
218 1675 247 1737 in
259 1683 373 1754 patrem
393 1673 549 1736 aemulatio
564 1693 618 1735 su·
668 1669 792 1759 τόλμης
813 1671 850 1738 ut
871 1671 933 1738 διά
948 1669 987 1738 τὸ
1001 1671 1045 1759 μὴ
1060 1674 1254 1757 emerammi-

10 1759 151 1839 perabat
162 1759 192 1820 in
204 1759 282 1831 Nun,
294 1758 393 1821 solum
403 1759 440 1818 de
451 1765 535 1837 patre
545 1775 618 1838 gau-
670 1760 757 1821 σθαι
775 1758 822 1840 τῷ
838 1758 947 1843 Πατρλ
968 1760 1017 1842 τῷ
1038 1757 1169 1842 τελείῳ,
1195 1779 1252 1820 να-

11 1844 158 1904 (lentem.
195 1843 231 1904 Ut
246 1860 317 1903 vero
332 1843 530 1922 impossibilia
546 1860 619 1904 ισο-
670 1837 745 1917 θώς
764 1841 819 1905 καὶ
842 1836 860 1906 ὁ
881 1842 981 1919 Νοῦς.
1016 1839 1055 1906 τὸ
1081 1840 1118 1907 δὲ
1138 1837 1255 1917 πάθος

16 1929 154 1990 tendens
170 1926 283 2005 Sophia
298 1929 463 2000 frustrarat,
480 1938 510 1988 et
523 1925 618 1987 vinci·
672 1917 757 1990 εἶναι
769 1923 909 2012 ζήτησιν,
920 1927 980 1990 τοῦ
991 1925 1135 2010 πατρός·
1151 1921 1255 2011 ἤθελε

14 2021 74 2072 tur
99 2011 269 2072 difficultate
287 2021 317 2072 et
345 2012 519 2074 extenditur
544 2011 618 2072 alle·
668 2005 739 2092 γὰρ,
763 2004 808 2087 ὥς
822 2009 963 2094 λέγουσι,
985 2007 1025 2074 τὸ
1039 2014 1181 2094 μέγεθος
1196 2001 1256 2073 ori-

18 2095 145 2156 etione:
164 2095 280 2156 modico
303 2094 395 2156 abluit
415 2114 486 2174 prae
507 2094 533 2153 vi
550 2093 617 2154 dul·
669 2094 728 2157 τσῦ
743 2093 949 2178 καταλαβεῖν,
967 2091 1083 2160 ἔπειτα
1097 2091 1141 2180 μὴ
1158 2093 1255 2178 δυνη-

16 2179 144 2240 oedinis
166 2189 196 2240 et
217 2179 332 2241 loboris
358 2179 508 2251 devorari,
534 2185 564 2240 et
588 2179 618 2240 in
670 2179 788 2261 θῆναι,
819 2176 876 2243 διὰ
903 2176 943 2243 τὸ
964 2171 1114 2263 ἀδυνάτῳ
1136 2175 1257 2260 ἐπιβα-

20 2262 201 2344 relr'quom‘
229 2263 422 2325 substantiam
452 2261 617 2325 dissolvit:
669 2261 738 2327 λιλν
754 2261 994 2348 πράγματι,καλ
1010 2260 1045 2328 ἐν
1059 2261 1127 2327 πολ
1158 2257 1256 2326 'nti-

19 2367 84 2410 σοι
99 2348 172 2409 alias
187 2365 273 2426 quam
290 2346 443 2426 pereundo
458 2355 618 2420 cessasset,
670 2370 707 2411 νυ
730 2339 834 2430 άγῶνι
854 2345 1037 2431 γενόμενον,
1062 2345 1128 2411 κτλ.
1188 2369 1253 2411 ree-

21 2431 87 2493 nisi
103 2432 184 2492 hono
196 2433 255 2492 lato
267 2432 297 2492 in
309 2432 412 2493 lloron
423 2431 618 2494 incursasset.
670 2427 807 2514 νόμενον
823 2424 873 2497 risi
890 2429 946 2498 ἐπὶ
957 2429 997 2496 τὸ
1006 2429 1170 2513 πρόσθεν,
1187 2423 1257 2494 ῦπὸ

23 2515 184 2589 Quaedam
199 2523 228 2576 et
239 2515 307 2576 huie
317 2516 361 2576 ris
373 2523 430 2588 est,
442 2516 618 2578 tundamen-
670 2516 729 2599 τῆς
742 2513 937 2600 γλυκύτητος
953 2509 1052 2581 αὐτοῦ
1067 2513 1256 2580 τελευταῖον

24 2611 105 2674 tum,
123 2599 323 2661 universitatis
338 2599 418 2662 illius
435 2600 619 2661 extrinsecus
672 2589 713 2664 άν
733 2597 1005 2677 καταπιπόσθαι,
1026 2599 1079 2663 καλ
1099 2593 1257 2662 άναλιλά-

21 2692 134 2746 oustoa
151 2693 206 2746 eto.
672 2686 759 2747 σθαι
779 2681 827 2759 εἰς
846 2680 904 2786 τῂν
928 2679 1007 2768 ὅλην
1029 2676 1144 2746 οῦσέαν
1167 2677 1256 2784 εἰμὴ

670 2767 713 2866 τῇ,
727 2765 932 2851 στηριζσυσῃ,
947 2767 1002 2831 καλ
1018 2762 1110 2840 ἐκτὸς
1123 2765 1183 2828 τοῦ
1195 2763 1257 2847 αρ-

671 2848 692 2998 g
732 2870 771 2913 συ
790 2853 954 2936 μεχέθσυς
975 2844 1190 2947 φολασσσῦσῃ
1214 2845 1258 2912 τά

749 2937 900 3015 συνέτυχε
915 2930 1067 3015 δυνάμει·
1083 2954 1205 3015 ταυτην
1221 2930 1258 2996 δὲ
1374 2949 1385 2968 ‘

671 3013 730 3102 τήν
738 3014 876 3099 δύναμιν
887 3012 1257 3101 καλὍρσνκαλοῦσικτλ.

73 3105 119 3164 lta
140 3101 251 3180 Sophia
272 3100 407 3180 periculo
433 3109 567 3180 exempta
594 3107 624 3160 et
716 3102 782 3166 Kal
807 3100 905 3186 μάγις
929 3097 1179 3188 ἐπιστρέψαντα
1211 3097 1259 3175 εἷς

31 3189 117 3250 tarde
132 3205 283 3266 persuasa,
303 3185 445 3247 declinata
460 3184 621 3261 investiga·
675 3181 791 3251 ἑαυτὸν
812 3220 853 3231 -
874 3181 1076 3251 άπσθέσθαι
1121 3179 1154 3247 *r
1173 3204 1260 3266 προ-

33 3273 116 3332 tione
141 3269 234 3350 patris
261 3269 443 3350 conquievit,
472 3277 502 3329 et
531 3276 623 3330 totam
674 3273 771 3354 τέραν
787 3267 969 3355 ἐνθύμησιν
983 3267 1099 3334 σὺντ”
1127 3288 1260 3372 πιμινσ-

34 3353 239 3434 Εοιλιμῃιιίο,
256 3355 275 3415 i.
284 3373 310 3414 e.
326 3353 546 3424 animationem,
558 3371 625 3414 oum
675 3357 763 3444 μένῳ
792 3351 903 3420 πάθει
933 3352 967 3420 ἐκ
995 3354 1055 3420 τοῦ
1141 3352 1259 3440 λνμπσυ

34 3440 186 3584 passion?
213 3458 287 3519 quae
316 3438 438 3517 insuper
467 3437 625 3510 omiderat,
677 3435 800 3506 ἐκείνου
814 3435 998 3522 θαύματος.

3 3589 4 3600 ,
36 3543 181 3603 exposui,

82 3723 139 3785 Sed
160 3639 427 3800 quidamcllpeiilum
445 3720 574 3800 Sophiae
595 3727 625 3782 et
710 3717 815 3786 Ἔνιοι
831 3720 867 3786 δὲ
881 3637 1080 3796 αάάῶῦπιῦς
1093 3713 1261 3792 τὸπάθος

4 3929 5 3934 ,
74 3903 95 3950 p.
114 3887 181 3938 ltilet
198 3889 311 3952 scriptor.
707 3903 730 3937 e.
746 3889 815 3950 Legit
822 3880 973 3956 προφάσει,
987 3895 1013 3938 nt
1022 3889 1143 3950 interpres
1152 3881 1261 3935 lanati:

4 3959 5 3962 ’
75 3969 95 4002 ι.
113 3955 201 4004 Graeea
225 3955 392 4018 exprimuntur
415 3945 503 4000 ἔπαθε
520 3944 620 4007 πάθοι,
673 3955 716 4006 rub
741 3958 880 4017 οιισιίοοι,Ι
907 3957 944 4006 rie
970 3964 995 4006 et
1018 3954 1106 4004 alicubi
1134 3949 1261 4002 translatio

4 4011 6 4048 l
42 4023 120 4084 itaquo
143 4035 216 4086 porro
242 4021 369 4083 legendam
403 4034 456 4070 enm
480 4019 548 4069 aliia:
575 4021 621 4081 rui,
673 4019 804 4073 bibliorum
823 4023 901 4074 ebert.
1331 4021 1338 4028 “

41 4096 387 4287 Ξῖιὲἷὲἒὲλῖλλέάλὲτῗζλλὶ.
406 4085 624 4213 bilbili}
674 4111 1162 4253 mssffissgffiwpggppg{affirmes
1187 4105 1258 4176 ibr-

77 4306 97 4340 a.
117 4287 147 4346 Θ,
167 4290 231 4339 theta
250 4297 271 4338 et
292 4301 325 4354 φ,
346 4289 396 4352 phi,
415 4289 454 4338 hic
471 4295 601 4338 motmunt.
710 4304 733 4351 ς.
751 4289 818 4348 Quae
836 4289 883 4340 iam
902 4296 1035 4352 sequnntur
1058 4287 1145 4347 latina,
1172 4285 1263 4336 rariaot

77 4357 100 4407 h.
117 4359 141 4408 ln
158 4357 327 4416 itlieioliirrir
338 4355 438 4416 rernm),
457 4349 487 4404 ἐν
505 4350 623 4408 τοῖςιιτλ.
676 4371 689 4406 a
707 4370 802 4419 graeco.

80 4441 99 4474 ⁰·
116 4425 140 4474 ¹³
158 4437 245 4487 ΜΟ
265 4437 339 4488 Ροπο
357 4430 407 4472 ‘⁸¹²
427 4430 448 4473 ⁶⁸
465 4425 590 4473 'mmm‘
709 4457 733 4505 h.
753 4457 816 4506 Satis
828 4455 974 4515 claro'mest,
993 4460 1116 4504 auctorem
1125 4451 1166 4502 illa
1175 4463 1262 4514 graeca

48 4489 564 4610 ,anuumistruna:
581 4489 625 4608 le
1054 4527 1078 4572 οι
1095 4519 1125 4571 a·
1206 4531 1316 4570 -

47 4640 102 4688 ατο,
121 4627 134 4676 i.
152 4642 172 4676 ι.
192 4626 324 4691 Sopbiam.-
