3132 5238
239 359 280 424 n
459 369 647 415 DlSSEll'l'sslss
670 369 709 414 nu
730 367 923 412 ttnwttttttt
944 368 1011 412 Vl'l'h
1027 367 1069 414 ΞΤ
1092 365 1221 410 senseris

225 479 332 594 'melia
349 540 455 586 censeo
465 521 684 602 Apologeticum
705 519 816 582 Romae
837 537 897 582 nou
912 519 1074 598 scriptum,=
1088 517 1140 579 sed
1155 515 1300 578 intirim.
1329 513 1450 578 'Censeo
1557 547 1558 552 κ

163 667 165 680 .
239 611 311 674 item
332 627 393 672 non
414 608 451 670 ad
472 614 606 670 senatum
626 606 805 677 Romanum,
839 605 892 666 sed
920 605 955 666 sd
976 604 1073 665 varios
1095 601 1207 664 hiriane
1228 599 1379 680 praesides
1401 601 1449 662 di-
1557 625 1558 662 i

240 703 352 758 rechem
373 693 488 766 .iuisse;
520 709 576 752 uec
602 697 669 752 ante
692 689 792 752 Severi
815 688 934 751 obitum*
949 688 1090 767 sumptum
1111 687 1204 748 inisse
1224 685 1367 758 arbitror,
1400 684 1451 764 qui

240 797 317 844 anno
340 778 433 840 ccxl.
456 775 587 854 contigit
630 775 772 854 Denique,
796 773 913 852 siquid
934 773 1117 834 coniecturae
1138 771 1282 843 dandum,
1304 769 1449 850 scriptum

181 867 183 874 “
240 864 330 928 imese
362 863 438 924 eires
458 879 568 922 annum
594 859 727 922 ccxvii.
756 877 791 920 eo
819 866 961 938 tempore,
988 876 1047 936 qua
1075 856 1204 918 hbedum
1230 854 1393 934 supplicem
1412 855 1453 916 ad

242 947 396 1028 Scapulam
421 946 535 1007 Airieae
566 943 773 1023 proconsulem
801 942 889 1004 misit
933 943 1012 1014 llaec
1043 942 1142 1004 iarssn
1167 939 1287 1002 levioris
1309 941 1453 1002 momenti
1557 971 1558 1004 1

134 1052 136 1058 ·
240 1033 408 1105 rideantur,
441 1047 541 1092 rerum
569 1028 653 1108 plura
679 1028 710 1088 in
739 1027 891 1090 annalibus
914 1025 1118 1088 ecclesiasticis
1139 1025 1288 1106 religanda
1309 1023 1383 1097 sint,
1417 1043 1454 1086 ea

240 1116 425 1196 potissimum
446 1133 520 1193 quae
540 1113 629 1174 hahet
652 1132 687 1174 ex
709 1111 896 1174 Tertullianei
917 1110 1097 1190 hpologetici
1120 1128 1181 1190 cap.
1208 1112 1256 1173 16.
1279 1109 1316 1170 de
1337 1109 1470 1188 picturas

240 1221 258 1262 a
285 1201 431 1262 nebulone
458 1198 584 1278 quodam
611 1197 718 1260 iudaea
746 1197 776 1258 in
803 1196 895 1258 heum
918 1195 1149 1258 Christianorum
1176 1194 1309 1273 exposita
1329 1193 1453 1268 Romae,

241 1293 272 1347 et
298 1284 404 1348 ceteris
426 1302 500 1362 quae
522 1282 756 1344 Christianorum
777 1299 826 1342 res
848 1289 990 1360 spectant,
1013 1298 1084 1356 saue
1104 1297 1164 1340 non
1185 1297 1292 1357 pauca,
1321 1277 1347 1340 si
1368 1279 1452 1358 dpa-

239 1370 396 1450 logeticum
424 1369 480 1429 alio
509 1367 575 1428 loeo
602 1367 717 1446 alioque
745 1375 877 1444 tempore
905 1374 1052 1427 exaratum
1080 1364 1203 1426 tirmiter
1229 1363 1455 1442 comprobatum
1557 1399 1558 1428 r

241 1455 290 1516 sit
333 1452 452 1532 Singula
473 1459 569 1514 autem
591 1451 684 1530 capita
706 1459 739 1512 ut
759 1450 842 1512 firme
863 1450 1003 1530 probem,
1025 1449 1189 1511 eommunis
1211 1447 1375 1510 sententiae
1397 1467 1455 1528 pa·
1556 1471 1558 1522 j

241 1547 396 1600 tronorum
417 1538 486 1599 lacit
507 1535 662 1616 singularis
683 1535 851 1598 aucmritas.
894 1534 926 1596 ld
948 1534 1102 1615 praestabo
1125 1552 1211 1613 quam
1233 1533 1413 1596 brevissime.

324 1623 416 1701 lgitur
436 1640 496 1683 nau
517 1620 628 1687 Rornae
650 1621 792 1700 seriptum
815 1619 904 1681 luisse
925 1618 1155 1698 bpalogeticum,
1186 1618 1259 1680 haee
1278 1636 1339 1679 non
1361 1619 1451 1680 modo

241 1707 380 1778 suadent,
402 1706 456 1767 sed
478 1705 565 1766 etiam
586 1705 721 1784 probant
763 1703 864 1766 Primo
886 1704 1017 1783 quidem,
1047 1703 1126 1783 quod
1149 1721 1201 1764 eas
1224 1702 1378 1782 alloquitur
1398 1703 1450 1783 qui
1555 1737 1558 1774 ¹,

241 1809 301 1852 non
324 1791 355 1851 iu
376 1789 463 1861 Urbe,
486 1789 591 1850 sedin
613 1789 679 1868 ipso
702 1808 769 1850 rere
792 1793 922 1852 ciuitatis
937 1788 1043 1850 vertice
1058 1787 1260 1868 praesidentes
1275 1787 1452 1849 iudicabant.
1557 1827 1558 1842 2

126 1946 128 1955 Ι
240 1875 349 1936 Notum
370 1873 516 1946 omnihus,
539 1873 662 1934 Romam
688 1873 803 1944 Urbem,
827 1891 886 1933 non
908 1877 1057 1953 ciuitatem
1078 1873 1194 1934 dietam.
1222 1871 1291 1951 lpse
1303 1872 1342 1933 ita
1353 1872 1451 1951 loqui-

240 1967 290 2022 tur
311 1957 508 2020 Tertullianus
529 1958 653 2020 Romam
675 1957 831 2036 designans
854 1975 916 2036 cap.
940 1960 968 2022 6.
1000 1959 1138 2020 Liberum
1157 1967 1278 2036 patrem
1298 1977 1364 2019 curn
1386 1976 1454 2035 snp-

240 2048 342 2106 steriis
365 2048 428 2105 ruis
452 2041 589 2104 camales
611 2055 734 2105 senatus
756 2045 937 2104 auctoritate
951 2059 1013 2104 nan
1026 2043 1113 2104 moda
1133 2041 1219 2114 Urbe,
1243 2043 1293 2104 sed
1306 2045 1457 2104 uniuersa
1557 2089 1558 2112 ,

240 2128 334 2190 ltalia
360 2128 600 2190 elirninaaerunt.
643 2126 755 2188 Eodem
783 2126 872 2187 modo
900 2124 946 2187 bis
975 2125 1104 2205 loquitur
1131 2144 1193 2206 cap.
1217 2129 1267 2190 25.
1290 2133 1320 2188 et
1340 2126 1473 2213 passim·
1557 2165 1558 2202 ,

241 2212 273 2274 in
298 2211 363 2273 aliis
391 2212 454 2273 eius
476 2211 615 2290 operibus
637 2210 687 2272 ubi
709 2210 813 2272 urhun
834 2230 851 2272 a
873 2213 991 2273 ciuitate
1011 2210 1052 2272 ita
1073 2209 1240 2289 distinguit,
1274 2219 1307 2272 ut
1327 2210 1456 2272 Romam
1557 2251 1558 2290 3

241 2295 337 2376 primo
359 2295 510 2369 voeabula,
532 2295 716 2364 ramsolam
739 2303 797 2368 est,
826 2295 1008 2374 designatum
1030 2313 1121 2374 usque
1144 2304 1205 2369 eat,
1242 2299 1371 2358 ciuitatis
1394 2315 1453 2357 no·
1557 2336 1558 2358 t

241 2380 313 2442 mini
336 2380 423 2442 alium
444 2380 531 2459 longe
552 2398 672 2442 sensum
694 2379 823 2440 tribucre
845 2387 1014 2441 constanter
1034 2379 1174 2442 videatur.
1216 2377 1351 2442 Scarndo
1374 2380 1455 2442 dare
1557 2437 1558 2444 ,

107 2471 112 2484 ’
243 2465 329 2526 docet
357 2473 437 2526 extra
457 2463 580 2526 Romam
608 2484 641 2525 se
668 2464 797 2526 scribere
819 2483 885 2524 cum
907 2483 968 2544 cap.
992 2467 1043 2528 21.
1066 2465 1121 2526 hac
1139 2465 1322 2545 apostrophe
1344 2464 1452 2526 utitur:

241 2560 278 2612 ut
300 2549 420 2611 Graecis
443 2568 615 2619 acatrram,
641 2548 779 2628 Orpheus
801 2548 932 2620 Pieriae,
956 2548 1095 2610 Musaeus
1118 2549 1256 2620 Athereis,
1286 2547 1458 2630 Melampus

241 2635 339 2712 Arp's,
364 2631 550 2712 Trophonius
578 2634 718 2696 Boeotiae
743 2633 961 2695 initiationibus
994 2633 1125 2695 homines
1147 2633 1366 2714 obligauerunt.
1416 2633 1456 2698 Ut

241 2719 281 2780 ad
301 2736 355 2780 aas
377 2735 503 2798 poaque,
527 2719 730 2780 dominatores
751 2721 892 2798 pennum,
914 2723 1071 2798 aspiciant,
1094 2718 1263 2797 homafuit
1284 2718 1453 2799 Pompilius

242 2802 349 2875 Numa,
372 2805 423 2882 put
442 2799 591 2864 Romanos
610 2804 829 2882 operosissimis
852 2803 1115 2946 superstitionibus
1139 2807 1288 2865 oneravit
1318 2803 1367 2865 Sic
1387 2823 1459 2884 cap.

215 2939 219 2944 .
243 2889 294 2952 35.
317 2905 369 2947 eos
391 2903 529 2963 arguens,
551 2885 599 2965 qui
618 2886 798 2948 Christianos
820 2885 887 2948 nole
908 2887 1116 2948 untilamauos
1139 2886 1249 2959 haberi,
1273 2887 1324 2949 sed
1347 2889 1455 2951 hostes

241 2971 406 3052 principum
432 2969 647 3032 Romanorum:
681 2969 767 3050 Ipsos
798 2971 941 3044 Quirites,
970 2971 1025 3044 ait,
1047 2976 1144 3052 ipsam
1166 2971 1361 3046 vernaculam
1380 2993 1454 3054 sep-

242 3067 301 3118 tem
323 3055 443 3117 caldum
460 3053 576 3135 plebem
598 3059 749 3126 convenia,
771 3075 811 3116 an
833 3055 926 3118 ab'crri
940 3055 1065 3118 Caesari
1085 3067 1263 3138 streperent
1277 3057 1333 3118 illa
1348 3057 1457 3135 linqua

241 3139 391 3210 Romana,
421 3147 475 3199 etc.
519 3138 598 3198 idem
621 3139 740 3200 omnino
762 3138 913 3217 colligetur
933 3140 969 3200 ab
992 3159 1037 3214 eo,
1061 3141 1110 3219 qui
1132 3159 1195 3220 cap.
1217 3143 1247 3205 9.
1269 3141 1453 3220 hpologetici

243 3231 274 3285 et
293 3239 356 3301 cap.
378 3225 429 3284 24.
452 3240 518 3282 curn
539 3222 633 3300 aliqua
653 3223 813 3285 attentione
834 3224 945 3303 legerit
1049 3229 1050 3234 ’
1252 3245 1254 3249 ·

326 3307 392 3367 Νοιι
413 3305 538 3375 Romae,
558 3307 610 3366 sed
637 3307 713 3385 apud
735 3308 937 3386 Carthaginem
959 3309 1100 3388 scriptum
1120 3309 1350 3390 apologeticum,
1373 3311 1455 3374 clare

137 3439 141 3452 .
243 3391 329 3454 docet
350 3391 413 3469 ipse
434 3389 630 3452 Tertullianus
653 3409 714 3470 cap.
728 3395 757 3456 9.
779 3392 937 3472 Postquam
959 3394 1037 3454 enim
1058 3395 1095 3455 de
1116 3394 1209 3473 patria
1231 3413 1293 3468 stra,
1316 3413 1404 3475 quani
1420 3406 1459 3459 ut

242 3475 430 3557 proconsulis
452 3475 551 3536 sedem
573 3475 705 3554 designat
730 3481 844 3550 (natum
867 3486 913 3538 est
933 3487 1031 3540 autem
1051 3479 1128 3557 apud
1151 3479 1355 3559 Carthaginem
1376 3499 1454 3560 pro-

243 3560 394 3623 eonsrdem
414 3558 526 3620 Africae
548 3559 683 3636 sedisse),
706 3559 778 3622 baec
798 3561 898 3623 hahet:
921 3562 1046 3625 Remitto
1067 3563 1208 3626 lectrices
1230 3564 1351 3643 sairdas
1368 3565 1458 3628 thea-

244 3650 302 3708 tris
327 3649 400 3706 suis.
445 3643 518 3706 Ecce
545 3649 578 3706 in
604 3645 661 3708 illa
689 3645 913 3724 relipr'asissirna
940 3648 1015 3710 urbe
1036 3649 1243 3710 Aeneadarum
1260 3653 1382 3729 piorum
1408 3663 1459 3714 est

242 3731 361 3813 Iupiter
388 3731 518 3812 quidem,
552 3748 636 3810 prtem
662 3729 741 3804 ludis
772 3735 835 3791 suis
853 3733 1005 3809 proluunt
1027 3733 1154 3794 drimano
1176 3737 1330 3813 sanpuine.
1374 3734 1456 3796 Tum

242 3815 376 3896 pluribus
397 3813 537 3892 exemplis
560 3813 703 3876 eiusmodi
728 3814 857 3876 caedium
874 3816 1021 3895 explicatis
1043 3817 1136 3879 addit:
1161 3817 1288 3898 langius
1305 3837 1455 3884 recurro.

243 3899 338 3963 Hodie
358 3904 426 3962 istic
443 3899 587 3961 Bellonae
608 3911 744 3960 sacratos
766 3904 889 3979 sanpnis
912 3903 945 3963 de
967 3903 1083 3980 semare
1101 3906 1255 3982 proscisso
1277 3907 1310 3964 in
1327 3903 1457 3984 paleam

245 3985 304 4046 lam
326 3995 464 4064 acceptus
487 3987 553 4046 esui
566 3983 660 4044 datus
672 3987 779 4062 signat.
809 3983 911 4051 Viden,
932 3992 964 4046 ut
979 3995 1047 4064 post
1059 3985 1182 4048 lustrata
1197 3986 1317 4050 niumm
1331 3987 1454 4050 urbium

245 4067 372 4128 iocinera
394 4069 425 4128 in
445 4069 569 4147 patriani
586 4066 705 4130 sceleris
720 4067 860 4129 horrendi
876 4069 975 4130 eadem
992 4071 1121 4150 exempla
1142 4072 1328 4150 quaesiturus
1349 4072 1456 4136 redit?

246 4151 296 4212 Sic
316 4151 392 4229 quod
414 4170 474 4213 non
495 4153 583 4214 alium
605 4151 739 4230 designat
759 4152 958 4232 magistratum
980 4171 1067 4232 quern
1088 4155 1193 4217 timere
1214 4155 1339 4218 debeant
1361 4157 1459 4219 Chri·-

245 4234 332 4300 stiaui
352 4253 438 4312 qnam
458 4236 674 4315 proconsrdem,
696 4255 793 4298 annon
816 4237 891 4299 clare
913 4238 1008 4300 innuit
1028 4239 1060 4300 in
1080 4240 1176 4302 hirica
1197 4241 1353 4320 scripsisse
1372 4241 1453 4304 Ter-

244 4317 419 4382 tullianum?
462 4321 522 4382 lam
548 4331 645 4384 autem
673 4339 735 4400 cap.
757 4325 807 4386 dh.
832 4321 903 4383 haec
924 4321 1024 4384 habet:
1060 4324 1220 4388 Enimuero
1241 4344 1298 4388 nas
1321 4329 1373 4408 pui
1393 4329 1455 4390 sub

245 4405 307 4467 Dea
330 4407 667 4484 amniumupeeutarore
690 4407 901 4488 dispunpirnur,
923 4411 1029 4488 quique
1050 4421 1202 4472 asianam
1223 4410 1260 4472 ab
1275 4428 1309 4474 eo
1320 4429 1461 4492 paenam

240 4490 442 4571 providemus,
473 4495 579 4553 merita
602 4491 663 4553 sali
682 4496 868 4554 innocentiae
886 4497 1073 4556 occurrimus
1096 4539 1104 4555 .
1129 4540 1136 4556 .
1161 4539 1168 4555 .
1255 4514 1320 4556 error
1341 4499 1456 4558 tr'aren-

245 4587 288 4639 tes
310 4592 393 4657 quern
415 4577 517 4637 tinere
536 4573 650 4639 ,aetatu
670 4586 698 4639 et
719 4580 782 4659 ipse
802 4580 855 4658 pui
874 4579 1008 4640 timentes
1029 4581 1149 4650 iudicat.
1174 4579 1270 4642 nam
1290 4595 1351 4642 nan
1370 4599 1457 4661 pra-
