3196 5250
249 359 313 432 448
349 333 540 422 crsssnrsrrd
556 376 587 420 ui
603 377 651 427 ou.
666 373 750 420 surr.
766 373 852 420 scon.
868 369 1065 418 rsnrucumr
1077 372 1305 418 mococcrscuu
1320 375 1407 422 esar.

248 547 326 590 vero·
342 527 481 592 secundis
502 525 593 588 rebus
615 523 830 596 instabatur,
859 531 893 586 ut
912 523 1033 586 maximi
1053 523 1142 602 pretii
1163 523 1321 596 annulum,
1348 541 1416 586 cum
1437 525 1475 588 in

247 631 330 676 mare
351 613 388 674 ad
409 610 554 673 felicitatis
576 627 647 672 suae
662 609 897 688 experimentum
911 608 1098 688 proiecisseu
1121 608 1151 669 in
1167 615 1253 687 capto
1267 615 1372 687 postca
1386 609 1477 688 pisce

248 705 383 778 repertus
409 695 508 757 inerit.
552 695 672 756 Testem
704 693 791 756 huius
819 692 999 771 charumque
1027 692 1092 754 cius
1119 691 1349 772 prosperitatum
1377 693 1478 756 hahes

249 781 427 844 Strabonem
459 779 568 856 (Strsb.
596 778 646 860 lib.
674 775 749 838 xlv.
778 777 885 856 Geogr.
915 795 945 856 p.
968 780 1069 854 usn),
1101 776 1286 838 Herodotum
1317 776 1479 852 (Herodct.

247 865 298 928 lib.
320 865 371 927 Ill.
394 883 458 944 cap.
481 865 522 927 39
545 871 577 924 et
596 867 708 941 seqq),
742 870 772 924 et
798 860 871 923 alios
899 861 1099 941 quamplures.
1142 860 1180 922 dt
1200 868 1245 923 tot
1265 868 1476 942 mutarumque

246 949 478 1096 prosperitatipp
505 965 624 1010 cursum
652 965 712 1090 spon
740 953 863 1043 excepto
885 945 1045 1091 dpupimps
1067 945 1169 1092 pipin,
1200 946 1254 1008 sed
1275 945 1317 1007 uti
1339 946 1477 1010 Valerius

277 1051 430 1095 animosa
474 1051 510 1093 uc
530 1049 685 1103 memora,
709 1049 804 1092 cruus
827 1049 862 1092 su
914 1049 971 1092 acro
993 1049 1009 1092 a
1032 1047 1106 1091 sou

334 1117 412 1190 Quid
440 1113 549 1195 plura?
591 1114 694 1176 Nullus
726 1114 782 1176 luit
809 1049 1024 1193 deuldpgentilis
1047 1113 1160 1176 Croeso
1182 1113 1351 1194 Crassoque
1380 1114 1474 1176 ditior

248 1201 432 1278 (Tertullian.
455 1198 608 1280 dpcloget.
632 1217 694 1279 cap.
720 1202 793 1277 lc).
837 1197 880 1260 lie
900 1195 999 1279 primo
1020 1217 1146 1277 namque
1167 1197 1291 1260 Ovidius
1314 1198 1434 1261 cecinit:

400 1286 513 1348 llioiu's
535 1281 641 1348 audito
663 1294 708 1345 cst
729 1288 780 1346 cui
798 1301 861 1345 non
882 1284 1038 1362 opulentia
1062 1281 1189 1345 Croesi?

980 1367 1080 1441 (oud.
1102 1367 1152 1428 lib.
1175 1367 1224 1428 1v.
1247 1367 1284 1428 de
1305 1366 1406 1444 Puni.)

247 1455 291 1518 lie
313 1454 423 1516 Crasso
446 1461 543 1515 autem
559 1451 688 1514 Tullius:
711 1451 852 1530 Negabat,
876 1451 980 1530 inquit,
1002 1451 1101 1517 ullum
1121 1456 1198 1514 sctis
1218 1469 1356 1532 inaquosa
1374 1470 1475 1532 pensu

247 1544 329 1602 nium
351 1556 417 1600 esse
439 1543 475 1609 ei,
498 1543 550 1620 qui
569 1542 602 1599 in
624 1536 779 1617 republica
797 1540 942 1616 pn'nceps
966 1555 1031 1598 esse
1051 1535 1149 1606 uellet,
1173 1539 1302 1616 quisuis
1316 1537 1475 1615 fructibus

248 1627 414 1688 oneratum
440 1621 523 1684 clerc
549 1641 613 1686 non
636 1633 743 1700 posset
775 1619 880 1694 (Cicer.
908 1619 958 1681 lib.
981 1620 1004 1681 l.
1026 1621 1064 1681 de
1088 1619 1172 1681 Ollio.
1193 1637 1224 1699 p.
1246 1621 1319 1684 354.
1341 1619 1392 1682 lin.
1416 1623 1475 1700 3.).

246 1706 342 1787 Atque
370 1713 467 1768 ortum
495 1706 564 1767 inde
591 1704 661 1766 illud
690 1703 839 1783 adagium:
885 1705 996 1767 Croeso
1018 1716 1047 1767 et
1070 1705 1181 1767 stesso
1204 1705 1313 1780 ditior,
1346 1705 1383 1766 dc
1410 1723 1475 1784 quo

246 1792 332 1871 plura
354 1790 430 1869 apud
453 1790 610 1851 Erasmum
631 1789 729 1867 legere
751 1788 864 1867 poteris
886 1788 1013 1863 (Erasm.
1035 1787 1125 1868 ddag.
1148 1787 1222 1849 Chil.
1244 1789 1267 1849 l.
1290 1789 1401 1850 Centur
1422 1791 1474 1852 Vl.

247 1875 337 1954 ddeg.
361 1877 436 1950 Th).
472 1874 573 1936 Victus
595 1882 693 1935 temen
715 1892 731 1934 a
754 1873 829 1952 Cyro
850 1881 1011 1954 captusque
1034 1873 1163 1935 Croesus
1192 1873 1377 1946 servitutem,
1410 1893 1473 1955 po-

162 1951 167 1968 ”
248 1959 519 2037 stremum,1inquit
534 1958 647 2026 Cicero,
664 1957 808 2018 malomm
824 1958 965 2032 omnium,
981 1957 1022 2020 illi
1038 1957 1150 2020 servire
1164 1965 1285 2019 coactus
1301 1966 1348 2019 est
1361 1957 1472 2032 (Cicer.

246 2043 373 2123 Philipp.
402 2043 438 2103 ll.
466 2061 497 2122 p.
526 2045 599 2107 606.
628 2042 686 2104 lin.
711 2044 783 2118 12).
827 2041 944 2103 Videsis
971 2043 1154 2104 llerodotum
1187 2041 1342 2115 (llcrodoi.
1371 2043 1423 2104 lih.
1446 2043 1472 2104 l.

247 2145 310 2207 cap.
334 2129 375 2192 86
398 2134 428 2187 et
450 2132 564 2206 seqq),
596 2126 811 2205 Thucydidem,
844 2125 989 2188 lustinum
1012 2125 1187 2188 historicum
1214 2133 1244 2188 et
1264 2126 1349 2188 alios.
1393 2127 1473 2200 Quis

247 2211 335 2274 etiem
364 2211 480 2288 ignorat
506 2211 653 2273 infelicem
675 2209 776 2272 Crassi
804 2211 938 2282 caedem,
971 2209 1022 2291 qui
1042 2217 1201 2291 postquam
1223 2229 1240 2272 a
1262 2209 1379 2274 Parthis
1401 2229 1472 2274 cum

247 2296 359 2357 maiore
381 2295 504 2358 Romani
528 2295 674 2362 exercitus
696 2303 780 2373 parte
802 2295 887 2356 tusus
910 2313 944 2357 ac
971 2295 1144 2375 profligatus
1165 2295 1288 2364 luisset,
1320 2295 1379 2374 ipsi
1401 2314 1472 2357 nm-

247 2387 349 2460 pntnto
372 2379 466 2459 capite
486 2379 605 2441 illusum
629 2376 699 2440 esti
741 2379 830 2440 llulta
851 2379 888 2440 de
906 2379 955 2440 illo
970 2380 1145 2442 Plutarchus
1167 2379 1196 2442 in
1223 2379 1289 2441 eius
1304 2381 1361 2442 vita
1384 2380 1472 2453 (Plu-

246 2464 338 2526 tarch.
360 2463 391 2525 in
403 2464 466 2525 Vita
479 2463 579 2526 Crassi
601 2472 672 2525 tom.
688 2462 711 2524 l.
734 2483 763 2542 p.
777 2467 839 2528 564
855 2471 885 2524 et
898 2470 1003 2544 seqq),
1025 2483 1115 2544 quem
1136 2463 1222 2524 sicuti
1244 2463 1374 2537 Florum,
1398 2465 1470 2527 Vel-

245 2548 335 2610 leium
368 2548 568 2621 Paterculum,
585 2546 751 2608 ·Justinum
779 2547 955 2610 historicum
982 2548 1115 2628 aliosque
1143 2547 1293 2610 Romanae
1325 2549 1471 2612 historiae

246 2632 408 2713 scriptores
430 2633 511 2694 adire
532 2631 656 2712 poteris.
1024 2657 1030 2668 ·

334 2717 408 2790 Quis
430 2735 521 2797 porro
544 2716 694 2796 gentilium
717 2717 791 2778 deus
813 2733 949 2795 graecum
964 2716 1205 2790 Demosthenem,
1228 2717 1401 2778 Ciceronem
1422 2717 1469 2779 ls-

246 2801 341 2864 tinum
362 2801 540 2880 eloquentia,
563 2800 602 2862 ait
624 2799 832 2874 Tertullianus,
855 2819 983 2880 unquam
1007 2800 1180 2881 superarit?
1225 2801 1283 2864 Sed
1305 2801 1392 2880 quale
1414 2803 1472 2863 init

177 2920 179 2926 ,
246 2893 343 2948 tenue
365 2903 486 2965 graecae
507 2885 673 2964 latinaeque
696 2886 890 2964 eloquentiae,
913 2885 1025 2947 nemini
1046 2886 1361 2966 prorsnsincognitae,
1377 2903 1466 2965 pree-

245 2969 361 3034 mium?
404 2971 470 3031 Non
498 2970 634 3034 divinitas
657 2989 737 3042 sane,
762 2970 815 3030 sed
836 2969 1057 3032 infelicissimus
1080 2970 1190 3032 crudeli
1211 2989 1284 3032 nece
1305 2969 1468 3032 interitus?

243 3055 353 3116 Verum
383 3055 455 3115 haec
480 3055 618 3116 omnihus
648 3055 721 3115 satis
755 3061 905 3134 comperta
936 3055 994 3115 iam
1022 3054 1166 3134 probasse
1188 3055 1315 3117 sufficiat
1334 3055 1466 3134 quinque

246 3136 399 3210 luvenalis,
422 3147 493 3216 post
513 3139 682 3200 decantatos
705 3138 845 3200 Crassum
867 3147 897 3200 et
917 3138 1102 3218 Pompeium,
1124 3139 1208 3200 hisce
1230 3139 1424 3202 carminibus:

398 3222 557 3302 Eloquium
578 3242 614 3285 uc
634 3223 749 3302 somam
770 3224 976 3285 Dernostbenis
997 3234 1053 3286 aaut
1075 3224 1228 3287 Ciceronis

334 3299 340 3312 ⁸
396 3305 507 3384 Incipit
530 3317 638 3388 optare
661 3316 689 3368 et
710 3312 781 3372 totis
804 3308 1036 3388 quinquatribus
1059 3301 1153 3390 optati

399 3390 542 3471 Quisquis
564 3389 661 3452 adbuc
682 3409 744 3454 uno
763 3399 888 3472 portum
910 3389 982 3453 colit
1003 3411 1071 3454 osse
1094 3393 1270 3455 Mineruam.

397 3556 522 3636 llloquio
546 3559 597 3619 scd
618 3569 744 3640 neterque
762 3561 846 3637 perit
868 3571 984 3632 orator,
1008 3572 1169 3640 utrumque

395 3641 513 3721 largus
535 3652 564 3703 et
585 3643 744 3704 madens
768 3643 847 3704 letbo
869 3645 948 3706 dedit
970 3649 1084 3723 trigonii
1102 3647 1184 3724 sons.

787 3725 926 3800 (luvenal.
951 3729 1038 3790 Satir.
1062 3729 1096 3790 X.
1120 3749 1146 3790 r.
1172 3731 1231 3793 113
1253 3737 1285 3789 et
1307 3733 1403 3807 seqq.)

327 3807 461 3870 Etlrnicis
484 3827 565 3888 ergo,
588 3810 684 3889 arguit
706 3810 920 3885 Tertullianus,
943 3813 1009 3892 quis
1032 3831 1092 3874 non
1115 3821 1301 3884 succenseat,
1325 3815 1375 3891 qni
1398 3831 1467 3875 cum

242 3901 287 3955 tot
313 3893 395 3954 viros
422 3893 529 3956 virtute
558 3903 588 3956 et
614 3895 729 3956 meritis
758 3896 832 3956 adeo
855 3897 1029 3958 excellentes
1051 3899 1082 3957 in
1104 3898 1207 3958 inieris
1229 3897 1412 3976 reliquerunt
1432 3917 1468 3976 ac

243 3984 288 4038 tot
310 3978 385 4038 alios
407 3978 551 4040 scelestos
574 3988 604 4039 et
624 3979 865 4058 improbissimos
888 3988 957 4060 post
984 3999 1087 4044 eorum
1112 3991 1237 4043 mortem
1262 3981 1301 4042 oh
1322 3981 1466 4060 quaedam

243 4061 359 4140 egregia
381 4063 510 4124 facinora
532 4064 606 4125 deos
625 4065 809 4126 renuntiatus
832 4083 899 4127 esse
921 4065 1089 4146 garriebant
1111 4065 1294 4140 (Tertullian.
1309 4066 1465 4146 Apologet.

120 4243 124 4256 .
216 4167 218 4170 ·
242 4161 305 4223 cap.
329 4145 415 4223 11.)t
1184 4187 1189 4194 ·

326 4227 417 4308 Urget
437 4231 532 4293 adbuc
554 4231 602 4293 ille
624 4232 709 4306 (lbid.
733 4251 796 4312 cap.
822 4236 895 4310 13.)‚
917 4251 964 4295 ec:
1009 4234 1102 4308 Quae,
1125 4233 1228 4313 inquit,
1251 4235 1370 4295 bierunt
1390 4233 1463 4294 deae

240 4309 418 4375 larentinae
438 4316 562 4377 virtutes
585 4325 614 4376 et
636 4315 764 4378 merita?
806 4317 915 4380 Nonne
931 4319 1088 4398 publicum
1109 4331 1245 4382 scortum
1266 4317 1351 4380 erat?
1383 4315 1461 4378 Satis

239 4397 374 4473 proiecto
396 4396 425 4457 id
448 4398 516 4460 alibi
538 4401 728 4480 probavimus
762 4401 929 4479 (dissertat
953 4403 982 4462 in
1005 4403 1112 4465 blinuc.
1136 4421 1199 4482 cap.
1224 4405 1273 4468 18.
1295 4403 1356 4464 Art.
1381 4405 1408 4464 1.
1432 4409 1464 4462 et

239 4480 272 4538 in
293 4479 425 4542 Lactant.
449 4499 512 4560 cap.
536 4486 588 4548 32.
610 4485 672 4547 hrt.
698 4491 748 4561 1.).
792 4485 940 4565 Numquid
969 4495 1067 4549 autem
1092 4487 1186 4566 megs
1208 4487 1331 4568 pudicas
1352 4485 1465 4548 dixeris

238 4561 382 4640 Iunones,
405 4563 529 4630 Cereres
551 4587 585 4630 ac
604 4567 738 4632 Dianas?
782 4569 842 4632 Sed
864 4569 983 4650 ipsimet
1004 4572 1140 4651 gentiles,
1161 4571 1248 4634 sicuti
1270 4573 1300 4633 in
1322 4572 1466 4652 superio-
