3144 5236
239 393 303 466 214
338 405 531 451 nrsssnrarro
546 405 577 449 ut
592 405 645 458 cc,
656 403 743 450 serr.
756 403 844 448 roca.
859 401 1055 480 rasrmmrar
1068 401 1297 446 arocccrrrcora
1311 401 1400 448 carr.

238 557 370 632 disserit,
404 555 446 618 ibi
478 553 516 618 de
542 553 593 618 Hlo
622 554 692 618 cimt
719 561 749 616 et
775 553 987 634 interpretatur
1016 552 1090 616 baec
1114 551 1344 616 Proverbiorum
1372 555 1464 620 rerba

237 639 464 720 (Proverbllll,
486 641 527 704 22
540 646 572 700 et
584 644 697 719 seqq.):
720 637 869 702 Dominus
891 637 1089 702 candiditate
1110 641 1232 700 isitium
1252 641 1374 702 morum
1387 659 1464 704 suo·-

239 746 326 791 rum:
349 731 382 788 io
402 742 497 805 opero
519 741 576 786 suo
598 735 668 786 cato
690 723 810 786 coemto
829 723 973 803 sumsit
987 739 1056 784 ore.
1073 765 1106 782 ..
1129 721 1224 784 Prior
1238 725 1463 806 ommobgsss

237 816 338 894 genito
359 828 437 873 sum.
481 807 532 872 Sic
552 815 650 870 autem
671 805 720 870 illo
738 807 810 868 inde
831 813 1050 886 argumentatur
1071 805 1207 880 (Tertull.
1228 806 1281 868 lib.
1303 806 1367 869 adr.
1382 809 1461 872 Her·

239 913 318 975 mog.
331 913 394 974 cap.
409 893 487 970 18.):
510 891 661 973 liquescat
674 909 755 971 erqo
777 890 979 970 Hemocqarres
1002 891 1114 954 ideirco
1138 893 1227 954 uum
1242 889 1382 972 Sopatro
1402 893 1464 958 Dei

238 992 343 1044 cotom
364 991 393 1042 et
416 977 564 1040 eood'tom
583 976 769 1058 praedicari,
791 993 829 1038 ne
851 976 921 1057 quid
942 978 1081 1036 inactum
1098 985 1127 1036 et
1140 975 1324 1038 incomitum
1335 989 1464 1056 praeter

238 1065 337 1128 solam
358 1063 456 1126 Deum
485 1061 686 1124 crederemus.
730 1058 767 1122 Si
792 1063 870 1122 caim
897 1063 982 1124 istro
1003 1059 1165 1121 Dominum
1186 1061 1266 1140 qnod
1287 1077 1327 1122 ea
1346 1064 1412 1142 ipsc
1436 1075 1467 1128 et

239 1153 272 1210 ic
292 1152 360 1228 ipso
391 1147 453 1225 fuit
480 1147 547 1207 sisse
569 1149 656 1210 initio
679 1163 741 1207 aco
761 1145 832 1223 suit,
860 1142 975 1224 Sopbio
995 1142 1109 1206 scilicet
1128 1146 1235 1223 ipsius,
1264 1146 1371 1207 cauda
1391 1158 1468 1210 noto

239 1244 268 1297 et
295 1232 416 1294 condito
450 1243 493 1292 'aa
521 1247 579 1309 quc
607 1232 641 1290 irs
667 1247 760 1292 sensu
780 1228 840 1292 Hei
858 1229 898 1289 od
920 1245 1013 1307 opero
1033 1228 1141 1290 mundi
1160 1230 1346 1306 disponendo
1367 1236 1466 1312 acepit

239 1319 360 1396 opiteri,
388 1314 486 1378 nouo
506 1316 601 1392 megia
624 1331 686 1376 ace
709 1315 789 1392 capit
810 1317 874 1375 sine
889 1315 976 1374 initia
992 1312 1153 1391 quidquam
1166 1313 1265 1392 [uisse
1279 1315 1359 1394 qood
1373 1327 1467 1380 entra

238 1399 401 1463 Dominum
420 1399 529 1478 suerit.
559 1395 604 1460 lbi
626 1415 698 1460 sane
720 1396 928 1468 Tertullianus,
951 1395 1094 1474 inquient,
1116 1395 1213 1476 palam
1234 1406 1387 1460 asseverat
1402 1397 1463 1460 So-

236 1483 338 1563 pbiam
359 1483 422 1544 sire
436 1481 490 1542 llel
504 1480 609 1544 Filium
631 1499 692 1544 non
714 1479 810 1544 luisse
832 1480 897 1542 sine
918 1478 1003 1542 initio
1025 1479 1154 1558 illudque
1175 1480 1335 1559 accepisse,
1357 1483 1464 1546 acSo·

236 1567 338 1647 pisiam
358 1575 430 1630 tunc
449 1575 546 1628 natam
569 1584 603 1628 ac
623 1565 780 1638 mnditam,
803 1564 921 1644 quaudo
943 1563 1042 1642 coepit
1062 1565 1099 1626 ad
1120 1583 1211 1645 opem
1232 1565 1334 1626 mundi
1356 1566 1464 1646 dispo·

237 1652 334 1714 nenda
357 1652 388 1712 in
408 1669 502 1712 sensu
522 1649 576 1712 bei
598 1650 710 1728 agitari.

323 1735 429 1797 Totam
461 1741 559 1796 autem
587 1734 664 1795 hauc
689 1732 974 1812 argumentationem
1004 1741 1035 1794 et
1062 1732 1176 1811 integra
1201 1733 1339 1794 Auctoris
1367 1739 1465 1800 nocui

237 1817 327 1880 rerba
354 1817 519 1892 retulimus,
545 1835 584 1880 ne
605 1817 683 1880 rullus
705 1835 763 1878 nos
786 1815 896 1896 aliquid
917 1825 968 1878 aut
989 1815 1193 1880 dissimulasse
1215 1825 1266 1877 aut
1286 1822 1465 1895 praetermi-

238 1901 315 1964 sisse
337 1910 483 1964 rausetur.
513 1900 615 1982 Neque
636 1901 723 1964 etiam
745 1900 996 1964 dissimulabimus
1018 1901 1092 1962 baec
1113 1900 1286 1964 Tertulliani
1306 1899 1371 1964 loca
1386 1905 1464 1970 adeo

238 1985 364 2048 obscura
387 1995 417 2048 et
437 1985 564 2047 difficilia
586 1984 761 2064 quibusdam
782 1985 885 2058 videri,
914 1992 949 2046 ut
968 1985 1217 2064 argumentationi
1239 2003 1275 2047 ex
1296 1984 1334 2047 iis
1356 1987 1465 2054 docus

237 2069 311 2132 nibil
333 2071 411 2133 aliud
432 2069 672 2150 respondendum
694 2071 871 2142 censuerint,
894 2067 951 2130 nisi
973 2069 1020 2130 bis
1036 2069 1206 2148 Hieronymi
1222 2068 1331 2143 verbis,
1353 2073 1464 2150 quibus

236 2153 381 2230 Helvidio,
415 2153 548 2216 eiusdem
570 2153 742 2216 Tertulliani
774 2153 829 2215 alia
861 2153 897 2214 de
930 2171 1018 2216 causa
1051 2154 1253 2216 auctoritatem
1287 2157 1464 2236 proferenti,

237 2239 398 2316 respondet
425 2238 623 2316 Hieronymus
651 2236 714 2313 (lib.
737 2239 801 2300 adv.
824 2237 937 2298 Helvid.
960 2257 989 2316 p.
1015 2241 1114 2314 141.):
1151 2237 1190 2299 lit
1212 2239 1247 2300 de
1272 2237 1466 2308 Tertulliano

237 2324 353 2403 quidem
381 2322 459 2385 ortu
486 2321 617 2402 amplius
645 2323 720 2394 dico,
752 2341 842 2402 quom
863 2321 1014 2384 Ecclesiae
1042 2323 1189 2384 beatricem
1214 2339 1278 2384 aas
1297 2323 1403 2402 fuisse,
1433 2327 1465 2391 id

237 2413 285 2468 ost
305 2405 335 2468 in
357 2408 455 2469 varios
476 2405 692 2468 baereticorum
714 2423 833 2468 errores
856 2405 1038 2486 prolapsum.
1080 2407 1139 2468 Sed
1160 2405 1218 2467 boc
1237 2424 1385 2485 responso
1401 2411 1465 2474 dii-

236 2489 373 2554 licultatis
400 2491 498 2553 nodus
520 2497 647 2564 secatur,
676 2509 737 2552 uon
759 2490 893 2554 solvitur,
935 2489 1009 2552 Nam
1031 2490 1230 2553 Tertullianus
1252 2489 1332 2553 hunc
1351 2492 1464 2560 Hbrum

238 2573 359 2654 scripsit
379 2575 474 2640 adbuc
489 2573 657 2638 Catholicus
680 2583 710 2636 et
730 2573 880 2636 Ecclesiae
901 2575 1002 2638 bomo.
1045 2574 1158 2638 Deinde
1180 2593 1261 2648 vero,
1291 2577 1407 2640 etiamsi
1430 2581 1464 2645 in

236 2657 335 2722 varios
366 2678 485 2722 errores
517 2656 663 2732 inciderit,
696 2667 793 2738 atque,
827 2667 859 2720 ut
880 2657 982 2720 Hilarii
1014 2659 1112 2722 verbis
1133 2667 1261 2731 utamur,
1292 2679 1465 2743 quanquam

236 2759 330 2806 error
352 2745 479 2806 bominis
501 2745 636 2813 detromit
657 2747 781 2824 scriptis
799 2742 1234 2824 probobib'busuuctoritotem
1255 2743 1464 2818 (Hilar.Com-

235 2835 326 2894 ment.
348 2827 379 2890 iu
399 2828 502 2892 blattb.
524 2846 588 2907 mp.
610 2832 641 2892 5.
662 2845 693 2907 p.
710 2829 806 2904 630.),
829 2845 885 2888 oos
908 2836 1006 2890 umen
1029 2846 1118 2908 supra
1140 2828 1326 2892 ostendimus
1349 2830 1467 2907 Cethe-,³

234 2910 324 2974 licrm
352 2912 389 2976 de
416 2912 514 2976 divina
542 2921 571 2974 et
596 2920 716 2974 aeterua
736 2911 803 2973 Filii
824 2911 878 2972 liei
906 2913 1098 2990 generatione
1120 2913 1227 2991 dogma
1247 2912 1284 2974 ab
1306 2913 1367 2988 illc,
1396 2919 1465 2984 eive

235 2995 402 3060 orthodoxo
424 2997 487 3060 sire
508 2996 667 3070 haeretico,
690 3003 860 3058 constanter
881 3004 1028 3058 assertum
1050 3015 1085 3058 ac
1105 2995 1292 3060 vindicatum.

319 3081 396 3142 Vero
418 3081 516 3160 itaque
537 3080 663 3144 similior
683 3080 820 3142 formosis
840 3079 989 3142 videbitur
1010 3081 1135 3144 aliorum
1156 3082 1323 3160 responsio,
1345 3085 1396 3162 qui
1411 3087 1464 3149 di-

234 3171 305 3226 cunt
326 3163 547 3239 TertuHiauum,
580 3163 717 3228 acerrimi
738 3164 849 3244 ingenii
871 3164 976 3239 vinam,
1002 3166 1082 3227 baud
1103 3165 1223 3228 insolito
1245 3165 1464 3246 disputantium

233 3263 319 3308 more
346 3246 378 3308 in
404 3248 529 3311 maxima
558 3249 596 3311 de
623 3247 764 3312 materiae
791 3248 963 3313 aeternitate
996 3267 1065 3313 cum
1091 3250 1278 3328 Hermogene
1308 3252 1463 3318 musaico

234 3330 426 3392 contentione
453 3329 540 3410 paulo
568 3333 755 3411 nlmiquam
776 3351 830 3412 par
852 3333 1090 3414 eratabreptum
1112 3335 1205 3398 luisse
1227 3333 1314 3408 (Bull.
1339 3336 1463 3404 Dolens.

233 3413 296 3476 Fid.
319 3412 438 3476 Nicaen.
461 3416 539 3478 Sect.
561 3415 611 3478 lll.
635 3434 697 3496 cap.
714 3421 762 3482 10.
784 3435 814 3478 u.
827 3421 881 3495 4.).
910 3416 1027 3480 Nemini
1050 3420 1129 3481 enim
1152 3419 1196 3480 vel
1217 3419 1406 3484 mediocriter
1429 3425 1463 3488 in

232 3497 366 3577 legendis
394 3497 458 3562 eius
487 3498 571 3562 libris
599 3508 715 3562 versato
743 3501 960 3582 incompertum
988 3521 1056 3564 esse
1078 3513 1179 3582 potest
1199 3503 1282 3566 illum
1304 3505 1341 3566 ad
1362 3507 1461 3570 stabi·-

232 3581 362 3646 liendam
389 3581 516 3661 aliquam
541 3583 778 3662 propositionem
816 3585 946 3664 undique
983 3597 1155 3666 argumenta
1187 3587 1325 3667 colligere
1358 3609 1393 3652 ac
1426 3611 1465 3656 ea

233 3667 322 3730 etiam
344 3685 420 3746 quae
441 3685 502 3728 non
524 3667 622 3747 magni
643 3677 728 3730 erant
747 3669 900 3732 momenti.
943 3669 1010 3733 Non
1034 3691 1116 3751 ergo,
1137 3672 1283 3750 inquiunt,
1306 3693 1341 3735 ex
1363 3674 1463 3741 uum

233 3751 320 3815 buius
341 3750 410 3815 libri
431 3751 528 3814 verbis
551 3752 739 3818 iudicandum
762 3765 817 3828 est,
840 3754 911 3836 quid
932 3754 981 3818 ille
1002 3755 1040 3817 de
1061 3764 1178 3818 aeterna
1200 3756 1267 3818 Filii
1287 3758 1341 3820 Hei
1362 3777 1461 3838 gene·

232 3837 349 3899 ratione
376 3835 515 3910 senserit,
544 3836 597 3902 sed
626 3853 662 3898 ex
683 3837 759 3911 aliis,
789 3837 840 3900 ubi
862 3839 966 3901 sedato
986 3850 1148 3920 pacataque
1170 3841 1269 3904 animo
1292 3861 1385 3916 suam,
1414 3847 1461 3908 uti

232 3919 370 3994 vidimus,
398 3927 429 3982 et
456 3921 548 3984 totius
570 3920 719 3984 Ecclesiae
745 3922 783 3986 de
811 3940 951 4002 suprema
970 3923 1037 3986 Filii
1059 3923 1113 3986 liei
1135 3925 1285 3988 divinitate
1307 3935 1338 3990 et
1358 3937 1461 3992 aeter·

232 4004 324 4066 nitate
345 4003 512 4068 doctrinam
533 4004 696 4085 explicarit.

317 4085 375 4148 Sed
401 4089 582 4163 accuratius,
613 4090 640 4152 si
667 4089 764 4164 lubet,
793 4091 994 4169 expendamus
1024 4101 1123 4156 utrum
1149 4093 1197 4156 ille
1226 4113 1312 4158 verae
1334 4105 1364 4158 et
1386 4115 1403 4160 a
1426 4117 1463 4160 ss

232 4168 379 4234 stabilitae
400 4171 552 4236 doctrinae
573 4174 683 4238 limites
706 4175 738 4236 in
759 4174 882 4238 obiectis
905 4176 980 4238 locis
1002 4177 1102 4258 reipsa
1124 4178 1165 4240 sit
1178 4189 1392 4260 transgressus.
1424 4182 1462 4246 ln

230 4253 333 4333 priore
354 4262 451 4318 autem
474 4257 547 4320 dixit
560 4258 653 4320 Deum
675 4276 736 4320 non
758 4277 877 4338 semper
897 4261 989 4324 inisse
1011 4261 1176 4336 dominum,
1198 4269 1279 4328 sieut
1299 4277 1461 4348 scopator

228 4341 332 4418 potuit
351 4357 415 4400 esse
436 4353 506 4404 oute
520 4343 628 4423 filium,
651 4362 707 4408 occ
721 4345 813 4408 iodea
827 4355 897 4408 cute
912 4346 1061 4408 delictum.
1083 4345 1170 4426 Atqui
1185 4348 1227 4410 ibi
1242 4349 1379 4428 quaestio
1394 4369 1460 4412 non

228 4421 269 4482 de
284 4429 366 4500 patre
381 4431 411 4483 et
425 4424 530 4499 iudice,
544 4429 597 4490 sed
613 4437 727 4491 tautum
741 4429 778 4490 de
793 4429 914 4490 domino
930 4437 1002 4491 erat.
1025 4431 1166 4512 Exempla
1180 4433 1270 4512 igitur
1285 4443 1365 4508 sunt,
1380 4453 1460 4514 quae

231 4507 269 4570 ad
291 4507 501 4570 confutandum
518 4509 734 4592 Hermogenem
752 4513 882 4576 adbibet
911 4513 1193 4589 Cuiuslibetautem,
1210 4517 1274 4579 sire
1288 4519 1378 4580 creati
1394 4519 1460 4581 sive

229 4590 353 4656 increati
365 4591 459 4671 patris
475 4602 505 4656 et
518 4593 635 4672 iudicis,
651 4599 783 4678 exempla
793 4598 830 4660 ad
841 4598 906 4662 eius
916 4599 1107 4679 propositum
1116 4602 1230 4682 pariter
1240 4602 1459 4668 conducebant.
