3144 5236
492 334 627 378 5555555
648 335 708 378 nse.
731 336 768 380 us
790 336 917 380 555555.
1255 327 1316 392 tot

110 482 260 582 1155511115
289 483 355 556 init,
384 483 438 546 sed
465 483 593 548 exhibita
618 439 660 548 ibi
687 484 861 550 brevissima
889 442 1082 568 lbronolog'n
1112 489 1317 554 demonstrare

107 578 326 732 mumlsisepbus
355 669 425 726 5555
452 651 489 713 55
515 651 726 716 historicarum
753 661 847 716 aetate
875 654 954 716 bunc
979 655 1111 756 loquitur
1136 657 1168 719 in
1195 658 1316 720 modum

108 737 221 836 (loseph.
244 737 296 798 lib.
318 736 341 797 1.
365 756 390 798 5.
411 736 538 834 Appinu.
560 754 591 816 p.
617 739 737 838 ¹‚⁰3¹¹;l²
771 735 813 801 Ol
833 740 893 820 μέν
915 759 969 802 τοι
989 761 1049 840 nug
1071 737 1317 844 1555555555-

106 820 1062 990 lllll'blnlllllli‘lslliplllllnlllnllilli
1077 821 1318 974 ''illlilll

109 989 133 1056 ei
148 1011 233 1066 τινες
255 984 353 1054 ditos
374 987 524 1087 11555555
544 991 711 1070 γενέσθαι,
733 986 835 1073 βραχὺ
858 991 916 1076 τῆς
929 993 1070 1076 Περσῶν
1092 931 1117 1057 5⁴

1109 992 1149 1056 rel
1197 987 1317 1059 5111.-

108 1072 179 1138 1555
199 1076 374 1157 στρατείας
395 1072 442 1156 τῷ
461 1093 568 1156 χρονῳ
586 1073 791 1157 apollodor:
818 1075 881 1150 Qui
893 1089 991 1139 autern
1007 1076 1153 1142 historias
1169 1016 1252 1159 5555
1266 1099 1316 1142 eos

107 1161 247 1236 15555555)
270 1159 461 1222 conscribere
482 1168 644 1230 1551555555,
677 1161 775 1222 idest
799 1160 925 1224 Cadmus
948 1160 1084 1224 Milesius
1105 1172 1134 1224 et
1155 1163 1316 1226 1555115515

107 1247 224 1324 1551555
247 1254 369 1322 515551
390 1242 468 1304 bunc
490 1247 656 1324 quicunque
684 1244 741 1305 alii
758 1244 856 1322 fuisse
876 1235 1034 1323 seruntur,
1055 1247 1184 1325 paulum
1201 1246 1317 1310 Persa-

107 1347 166 1390 555
185 1327 267 1407 (Cyri
281 1327 419 1402 51115511)
442 1328 659 1406 enpcds'tionem
679 1346 876 1409 praecessere
898 1327 1029 1400 (Toml.
1044 1329 1182 1409 1555551.
1194 1335 1315 1409 51165

108 1422 131 1472 51
148 1432 228 1492 seqq.
250 1430 281 1490 p.
301 1413 382 1476 1355
406 1419 436 1471 51
456 1415 563 1489 seqq).
606 1412 667 1474 155
689 1429 759 1472 5555
781 1411 818 1473 55
840 1411 981 1474 Graeciae
1002 1413 1186 1492 sapientibus
1209 1422 1237 1476 et
1261 1433 1315 1476 eo-

107 1515 162 1558 rum
181 1505 277 1559 551515
298 1495 330 1556 15
351 1495 448 1574 primo
469 1494 632 1573 155555155
654 1497 751 1558 nostri
772 1504 853 1558 tunm
876 1496 1097 1576 disputavimus.
1140 1498 1184 1559 lle
1205 1499 1315 1578 Moysis

107 1599 183 1659 porro
211 1589 243 1642 51
268 1580 394 1640 aliorum
423 1579 634 1659 prophetarum
662 1589 797 1659 tempore
817 1580 933 1658 egimus
955 1599 1016 1643 non
1038 1581 1134 1642 solum
1157 1581 1188 1642 in
1210 1582 1316 1644 eodem

107 1666 172 1726 citati
191 1665 357 1744 Apparatus
383 1664 478 1724 nostri
504 1662 582 1735 loco,
610 1663 715 1726 sedin
738 1664 884 1743 superiori
908 1664 995 1727 etiam
1017 1666 1053 1726 de
1074 1663 1218 1726 Lantanlii
1241 1684 1316 1745 ope·

108 1749 178 1810 ribus
199 1747 411 1812 dissertatione
433 1747 598 1819 (Dissertat.
621 1748 655 1810 in
673 1747 806 1810 Lactnnt
827 1767 890 1827 rap.
912 1747 949 1810 11.
972 1757 1027 1810 551.
1053 1753 1080 1811 1.
1103 1752 1208 1826 5121.

180 1834 309 1912 [lenique
332 1831 529 1894 Tertullianus
552 1833 696 1896 certiores
717 1851 774 1894 555
795 1833 1022 1896 155115555515
1045 1833 1224 1912 designanda
1246 1833 1315 1895 illo·

110 1936 168 1978 mm
187 1917 316 1980 omnium
338 1923 369 1978 51
389 1917 600 1996 prophetarum
622 1926 652 1978 51
674 1917 857 1978 ethnicarum
881 1917 1060 1996 scriptorum
1075 1925 1209 1996 tempora
1224 1917 1315 1992 (Ter-

108 2002 206 2064 tullian.
225 2001 381 2082 Apologet,
397 2019 458 2078 cap.
477 2003 550 2078 191,
571 2001 675 2063 multis
696 2006 921 2073 instrumentis,
941 2000 999 2062 boo
1021 2009 1067 2062 est
1079 2001 1165 2064 libris
1181 2009 1210 2063 51
1225 2003 1315 2063 obro-

108 2087 232 2166 uologiis,
261 2105 329 2148 5555
349 2087 511 2163 muitarum
533 2089 725 2165 supputariis
745 2084 899 2165 ponticulis
921 2086 1114 2150 assidendum
1135 2105 1213 2148 esse.
1246 2084 1316 2166 ‚Sed

109 2189 173 2249 quae
198 2179 276 2244 sunt,
302 2169 419 2246 rogabit
444 2169 549 2248 aliquis
571 2177 602 2230 et
621 2186 764 2248 quorsum
786 2177 921 2248 spectant
941 2169 989 2230 1115
1010 2169 1181 2248 5555515515
1203 2169 1314 2247 digito-

108 2273 165 2316 rum
191 2251 354 2334 gesticula‘l
398 2252 653 2334 Respondebimus
683 2252 780 2331 itaque
803 2271 838 2315 55
858 2247 938 2314 nihil
954 2252 1032 2315 aliud
1055 2273 1124 2315 5555
1157 2252 1214 2314 5151
1237 2253 1315 2329 digi-

109 2347 194 2402 torum
225 2347 327 2418 gestus
360 2357 395 2418 ac
424 2344 533 2410 motus,
564 2337 670 2416 quibus
703 2337 815 2415 antiqui
848 2337 983 2398 solebant
1014 2355 1108 2399 55555
1136 2355 1222 2398 55555
1244 2336 1315 2397 51155

109 2441 261 2486 numerare.
281 2421 347 2494 ,115
367 2421 503 2500 longaevi
525 2421 671 2499 siquidem
692 2419 828 2498 Nestoris
850 2421 936 2482 anuis
959 2421 1065 2483 5551511
1085 2419 1230 2483 luvenalis
1252 2419 1315 2496 115-

109 2509 190 2570 55551.
210 2509 305 2586 85155.
326 2506 363 2567 X.
386 2525 413 2566 5.
436 2508 538 2581 21015

248 2632 335 2694 Felix
356 2635 509 2703 nimirum,
532 2633 585 2712 qui
599 2648 660 2711 555
682 2641 728 2693 151
749 2629 871 2691 saecula
891 2641 1018 2692 martem

248 2715 386 2789 Distulit,
409 2726 497 2795 atque
518 2734 591 2802 suos
613 2721 674 2777 iam
695 2717 806 2777 dentre
828 2722 980 2792 computat
1000 2729 1108 2774 annas.

111 2843 211 2904 Plinius
238 2861 308 2905 5555
338 2850 438 2904 narrat
465 2841 653 2902 simulacrum
681 2839 745 2900 iani
772 2841 877 2900 iactum
907 2836 1019 2896 151555·
1033 2833 1133 2912 digitis
1162 2853 1197 2895 55
1227 2833 1316 2894 modo

112 2927 239 3005 igneus,
261 2947 320 3007 quo
343 2925 496 2988 CCCLXV.
519 2925 635 2985 diemm
656 2941 798 2984 numerus
820 2919 1004 2982 indicabatur
1026 2918 1113 2991 (Plin.
1126 2917 1176 2980 lib.
1190 2917 1316 2978 xxxiv.

112 3011 295 3074 1115115155.
319 3012 577 3090 55515181).
623 3008 772 3085 Scriptum
794 3023 912 3084 quoque
933 3002 970 3064 ab
991 3001 1171 3080 Hieronymo
1191 3001 1317 3079 legimus
1407 3035 1413 3048 ·

113 3095 278 3176 1515555555.
301 3096 353 3157 lib.
374 3094 398 3155 1.
421 3093 486 3156 adv.
508 3091 602 3154 15515.
625 3109 654 3170 5.
680 3093 779 3166 14615
809 3089 992 3152 5551551555
1015 3103 1160 3148 numerus
1183 3086 1218 3146 55
1241 3087 1318 3146 sini-

113 3193 169 3242 stro
194 3182 389 3259 trmsssertur
416 3180 455 3242 ad
477 3179 683 3242 5551555551
705 3175 810 3236 iisdem
830 3173 946 3254 quidem
969 3171 1078 3248 digitis,
1107 3170 1244 3230 sednon
1266 3185 1319 3242 ea-

114 3265 167 3326 den
183 3283 284 3338 nunu,
308 3265 415 3346 quibus
436 3268 471 3324 in
491 3261 578 3324 15555
599 3269 712 3340 nuptas
734 3257 949 3338 significantur
970 3265 998 3316 et
1020 3255 1136 3324 viduos,
1170 3251 1319 3314 circulum

115 3349 212 3425 faciens
239 3353 384 3430 amputarit
411 3348 594 3425 uirginitatis
618 3361 771 3406 coronans.
814 3342 852 3402 11
871 3339 959 3418 longe
981 3345 1066 3399 antea
1087 3336 1239 3416 Apuleius,
1267 3335 1320 3397 ubi

117 3433 147 3492 de
161 3433 337 3496 Pudentillae
358 3439 453 3494 551515
474 3430 605 3508 51555151
625 3427 722 3507 (Apul.
743 3423 948 3506 1551555111.
970 3431 1049 3502 5551.
1072 3420 1150 3482 med.
1172 3422 1317 3500 537515

117 3515 282 3598 Sitripintn
303 3535 412 3588 annos,
435 3513 539 3593 inquit,
558 3531 619 3592 555
642 3514 739 3586 555555
761 3513 902 3580 dimissas,
921 3525 1029 3588 posses
1053 3507 1151 3568 uideri
1161 3523 1221 3585 pra
1237 3521 1320 3565 casn-

116 3607 265 3678 putationis
293 3611 381 3682 55515
408 3617 540 3670 errasse,
570 3615 644 3676 quos
672 3593 822 3657 circulare
850 3593 988 3656 55555515
1017 3591 1122 3669 digitos
1150 3591 1320 3666 aperuisse.

119 3683 176 3748 dun
200 3706 271 3750 uero
301 3685 503 3768 quodraginta
534 3699 609 3762 quoe
636 3678 760 3759 [acilius
784 3681 892 3740 ceten's
912 3685 1057 3755 porrecta
1076 3671 1181 3753 palmo
1201 3667 1321 3746 signifi-

119 3781 219 3844 nnus,
247 3789 283 3834 ea
312 3769 514 3850 qnadraginta
541 3776 575 3827 15
597 3765 717 3826 51551515
739 3781 839 3841 aupes,
861 3777 925 3822 555
942 3769 1031 3838 55155
1053 3758 1216 3836 digitorum
1236 3759 1321 3849 555155

120 3869 230 3928 samse,
252 3857 316 3916 nisi
336 3854 420 3931 [orte
442 3854 568 3929 triginta
590 3866 743 3910 annorum
762 3843 967 3908 Pudentillam
988 3852 1076 3934 ratus
1100 3839 1185 3900 binos
1216 3851 1321 3894 55555-

122 3943 253 4014 duranni
272 3936 413 4002 consules
434 3937 614 4008 numerasti.
647 3929 846 3992 Tertullianus
868 3927 966 4004 itaque
989 3920 1134 4016 signiticat
1155 3935 1231 4014 opus
1253 3934 1321 3978 esse

121 4023 289 4084 1515515115
312 4028 343 4082 51
362 4019 489 4098 longiori
511 4017 547 4079 ab
569 4016 706 4078 instituto
727 4033 782 4076 suo
805 4009 1001 4090 digressione,
1027 4002 1139 4066 5151155
1162 4001 1321 4080 digitorum

123 4107 234 4180 tutibus
255 4113 338 4168 aetas
360 4111 406 4166 tot
426 4104 605 4181 scriptorum
626 4119 661 4161 ao
679 4097 889 4178 prophatarum
912 4095 1108 4171 computetur.

188 4193 223 4252 11
242 4198 361 4270 praeter
392 4189 469 4250 banc
488 4186 619 4264 aliasque
641 4201 736 4246 annos
757 4175 961 4243 dinumerandi
984 4171 1168 4235 difficultates
1190 4167 1322 4242 (Tenui-

124 4267 177 4335 llnu
193 4275 347 4354 Apologet.
369 4289 432 4352 555
457 4273 529 4347 1111,
561 4269 745 4332 Graecorum
767 4268 865 4336 etiarn,
895 4262 935 4322 ait
954 4259 1013 4330 ille,
1037 4253 1192 4318 censuales
1217 4253 1325 4347 conis·-

124 4359 202 4421 15551.
243 4359 338 4420 Nemo
367 4375 439 4418 sane
466 4373 528 4416 non
553 4353 634 4414 videt
660 4351 701 4412 ibi
729 4365 838 4411 nomeu
866 4345 940 4408 libri
958 4341 1004 4404 551
1026 4341 1138 4403 5551555
1161 4335 1324 4398 subaudiri.

124 4436 263 4504 Consuales
285 4449 383 4504 551555
412 4458 465 4502 eos
492 4447 576 4500 vocnt
603 4435 706 4507 libros,
734 4433 765 4494 in
788 4429 896 4509 quibus
918 4435 981 4488 acta
1003 4433 1033 4487 et
1052 4440 1153 4486 rernm
1174 4428 1324 4499 gestarum

124 4525 226 4588 umes
253 4546 271 4588 5
300 4523 406 4588 55511515
435 4532 465 4585 51
490 4521 614 4584 55155115
635 4517 762 4600 publicis
792 4513 837 4576 551
868 4511 934 4574 51115
958 4509 1104 4590 descripta
1126 4511 1217 4568 55551.
1261 4499 1325 4562 Nos
