3122 5250
269 355 332 422 318
367 373 560 416 ntssnnra'rlo
575 374 605 416 la
620 373 668 425 ou·
685 373 769 418 SEPT·
784 373 870 417 stan.
886 373 1080 418 ‘restructum
1094 373 1315 418 trecasenae!
1325 373 1403 417 Cd'il'·

269 523 336 586 illos
362 523 511 598 niminrm,
540 523 589 604 qui
618 541 672 586 sua
692 531 814 604 propter
835 523 948 587 scelera
968 542 1005 586 ex
1026 523 1119 586 sacris
1141 523 1225 586 cisni
1245 532 1325 587 erant
1344 523 1458 586 eoebbns

271 609 516 684 Christianorum,
538 627 663 688 quorum
685 627 794 670 nomen
815 609 1041 670 mentiebantur.
1076 621 1078 628 ’

353 692 408 754 Alii
430 712 499 755 vero
527 693 713 755 christianam
735 693 908 774 religionem
930 713 964 755 se
978 693 1111 774 profiteri
1125 693 1319 766 venditabant,
1339 692 1459 754 nimirum

269 777 419 851 baeretici,
447 777 496 857 qui
524 779 559 840 de
585 797 657 849 una,
686 785 718 840 ut
746 778 785 840 ait
812 777 870 852 ille,
898 783 949 840 oia
970 778 1121 840 doctrinae
1143 786 1172 840 et
1192 779 1322 842 remtatis
1342 777 1459 857 obliquos

268 863 381 924 multos
408 872 437 924 et
464 862 689 944 inexplicabiles
712 867 848 926 tramites
871 863 1027 926 sciderunt
1046 881 1080 925 ac
1101 863 1277 942 semetipsos
1298 862 1418 941 aliosque
1436 861 1459 920 in

271 966 404 1018 errorum
427 954 456 1009 et
483 946 650 1008 haeresium
677 945 815 1026 abyssum
845 955 968 1027 egerunt
988 948 1175 1028 praecipites.
1217 947 1276 1009 Sed
1305 947 1345 1020 hi,
1374 945 1461 1026 inquit,

270 1033 328 1094 orti
350 1039 420 1092 sunt
440 1031 477 1092 de
498 1031 743 1111 pbilosophorum
766 1031 889 1106 semine,
919 1033 954 1094 de
975 1050 1113 1113 quomam,
1143 1032 1220 1095 sicut
1240 1032 1307 1094 alibi
1328 1031 1402 1102 dixit,
1422 1035 1462 1092 in·

268 1120 363 1196 geniis
379 1120 474 1179 omnis
490 1115 622 1178 baeresis
638 1121 801 1190 armatur,
824 1116 893 1179 alibi
907 1135 977 1179 vero
1004 1117 1141 1180 baerescs
1156 1119 1364 1182 subornamus
1384 1114 1461 1188 (ldcm

269 1200 423 1280 Apologet.
452 1217 514 1279 cap.
537 1205 588 1264 47.
616 1200 698 1262 ldem
719 1201 771 1263 lib.
792 1202 815 1262 l.
843 1201 958 1263 advers.
980 1201 1120 1264 Mardon.
1148 1219 1211 1281 cap.
1237 1204 1286 1266 13.
1313 1209 1342 1263 et
1365 1200 1410 1262 lib.
1434 1197 1463 1262 dc

270 1285 447 1365 Praescript.
476 1303 538 1364 cap.
562 1289 591 1349 7.
615 1285 701 1346 ldem
721 1284 771 1347 lib.
795 1287 859 1347 adv.
882 1286 1021 1366 Hermog.
1050 1305 1113 1366 cap.
1136 1289 1190 1366 8.).
1235 1286 1411 1366 Quapropter
1434 1281 1462 1344 ab

271 1369 321 1432 illo
343 1388 403 1430 non
425 1370 519 1432 semel
540 1378 571 1431 et
591 1377 696 1448 postea
717 1371 753 1432 ab
768 1371 947 1450 Hieronymo
969 1370 1139 1452 philosophi
1161 1368 1463 1451 appellanturpataiar·

271 1455 342 1516 chae
364 1455 580 1517 baereticorum
602 1453 782 1535 (Hieronym.
804 1455 898 1534 Epist.
914 1460 965 1521 43.
989 1455 1025 1517 ad
1048 1455 1177 1535 Ctesipb.
1200 1475 1231 1536 p.
1247 1459 1341 1533 tib).
1370 1453 1463 1527 Quem-
1528 1503 1531 1513 .

141 1539 144 1548 '
271 1538 428 1602 admodum
455 1547 552 1601 autem
580 1539 751 1618 philosophi
774 1539 892 1602 Sacram
914 1539 1027 1602 Veteris
1056 1541 1253 1616 Testamenti,
1285 1548 1317 1602 ut
1348 1537 1464 1618 superius

269 1623 539 1697 animadvertimus,
562 1623 743 1703 scripturam
765 1629 1013 1696 interverterunt,
1037 1625 1076 1688 lta
1097 1625 1238 1688 baeretici
1260 1636 1392 1688 nostram
1405 1623 1465 1684 baec

271 1709 448 1772 novitiolam
468 1719 661 1788 paratarum,
684 1709 742 1771 boc
763 1719 809 1772 est
831 1709 904 1772 Novi
920 1710 1103 1772 Testamenti
1124 1710 1229 1786 libros,
1253 1715 1316 1774 suis
1337 1709 1465 1791 opinioni·

272 1794 327 1855 bns
348 1794 388 1855 ad
405 1791 629 1872 pbilosopbicas
652 1799 816 1856 sententias
838 1793 1091 1857 adulteraverunt
1113 1793 1402 1875 (Tertadl.dpologet
1415 1807 1465 1868 cap.

271 1881 347 1954 lt),
369 1877 399 1938 id
421 1884 468 1938 est
489 1877 585 1938 conati
606 1885 675 1940 eunt
695 1878 831 1940 traditam
852 1879 883 1941 in
906 1879 998 1941 sacris
1019 1879 1092 1958 legis
1114 1897 1208 1942 norae
1230 1880 1314 1943 libris
1327 1876 1466 1941 coemam

271 1961 307 2024 ad
335 1959 554 2040 philosophicas
582 1962 743 2024 sententias
770 1963 1009 2038 accommodare,
1040 1964 1094 2026 sed
1120 1964 1191 2026 falsa
1213 1983 1281 2028 cum
1302 1963 1376 2026 veris
1394 1977 1465 2041 prae-
1534 1968 1535 1976 ’

272 2054 393 2126 pestere
414 2045 572 2108 miscentes
605 2045 641 2108 ab
663 2046 728 2125 ipsa
750 2047 870 2110 veritate
892 2047 1078 2110 desciverunt
1099 2067 1228 2129 veraque
1255 2047 1465 2112 adulteraverunt

272 2131 458 2192 docmnenta.

357 2216 463 2276 liemm
486 2215 621 2294 expedite
641 2215 794 2295 planeque,
816 2215 913 2296 pergit
934 2215 992 2290 ille,
1012 2217 1250 2297 praescribimus
1272 2216 1462 2281 adulterisnt-

274 2303 360 2376 stris,
384 2299 446 2360 sire
468 2299 669 2378 exceptionem
691 2299 773 2362 hisce
796 2300 951 2362 haereticis
984 2301 1091 2363 Sacrae
1114 2301 1286 2381 Scripturas
1307 2293 1464 2378 corruptori-

273 2385 344 2448 bns'
359 2383 538 2464 opponimus
566 2383 691 2463 illosque
723 2384 769 2446 vel
790 2403 826 2447 co
850 2385 915 2446 solo
938 2393 1111 2464 argumento
1133 2386 1308 2461 refellimus,
1336 2383 1403 2466 quod
1419 2395 1468 2442 una
1534 2445 1535 2448 Ἴ

274 2469 315 2531 sit
336 2467 466 2530 veritatis
487 2468 599 2548 regula,
627 2487 703 2550 qnae
723 2473 825 2532 ueniat
847 2489 866 2534 a
890 2470 1009 2533 Cbristo
1028 2489 1088 2551 per
1110 2476 1231 2536 comites
1253 2476 1359 2554 ipsein,
1384 2465 1470 2548 quilii

274 2554 429 2636 als'qauato
448 2557 638 2634 posteriores
661 2555 775 2616 diversi
795 2573 859 2616 esse
882 2566 1127 2618 commentatores
1148 2558 1361 2636 probabuntur
1379 2549 1469 2628 (ibid).

272 2637 465 2719 Apertiseime
488 2656 559 2716 crgo
577 2639 683 2699 delinit
696 2638 812 2700 unicam
828 2657 896 2702 esse
910 2657 997 2701 verae
1011 2639 1162 2719 religionis
1177 2642 1321 2720 regulam,
1342 2655 1409 2719 quse
1421 2652 1467 2696 no·

274 2723 321 2786 bis
346 2723 450 2784 tradita
479 2731 525 2784 est
545 2740 562 2783 a
584 2722 702 2784 Christo
725 2731 754 2784 et
776 2723 948 2786 nansmissa
969 2742 1024 2805 per
1045 2723 1110 2785 eins
1133 2729 1255 2789 comites
1283 2722 1468 2806 apostolocae

274 2809 387 2890 primos
410 2807 581 2887 discipulos,
604 2827 619 2869 a
641 2806 748 2887 quibus
770 2807 849 2870 illam
871 2816 900 2869 et
920 2809 1030 2888 scripto
1046 2816 1075 2870 et
1088 2809 1179 2870 verbo
1193 2811 1368 2891 accepimus.
1389 2799 1469 2898 Quid

185 2922 190 2930 ·
275 2893 345 2974 quid
378 2893 475 2971 itaque
507 2891 647 2954 baeretici
680 2891 715 2954 ab
748 2893 803 2954 hac
830 2892 996 2955 traditionis
1024 2911 1128 2954 norma
1155 2893 1320 2957 diversum'
1333 2895 1470 2955 commenti

275 2986 355 3051 sunt,
387 2996 444 3039 nec
464 2995 480 3038 a
503 2977 621 3038 Christo
643 2995 699 3038 nec
719 2995 736 3038 a
756 2977 860 3056 primis
883 2977 948 3040 eius
969 2977 1120 3056 discipulis
1141 2979 1293 3058 produxit,
1314 2977 1381 3042 illud
1400 2972 1470 3054 plana

275 3063 379 3124 falsum
402 3068 456 3122 est.
499 3060 573 3123 Nam
594 3061 641 3122 his
661 3062 842 3139 posteriores
861 3063 1088 3144 probabuntur.

362 3146 422 3206 Sed
450 3164 466 3204 a
495 3164 564 3224 quo,
592 3145 758 3220 amabam,
782 3145 1023 3227 probabuntur?
1065 3146 1141 3207 Nam
1163 3146 1199 3208 ab
1221 3148 1349 3228 ipsomet
1369 3139 1470 3235 Tertul-

278 3227 380 3291 liano?
424 3229 456 3289 Si
477 3247 527 3290 res
549 3229 589 3290 ita
611 3230 660 3302 sit,
686 3230 733 3294 bis
760 3231 857 3293 verbis
880 3250 967 3293 snum
988 3231 1026 3292 de
1045 3231 1335 3312 Praeseriptionibns
1354 3231 1472 3292 flamen·

276 3331 378 3376 corum
400 3312 546 3393 pollicitus
569 3322 616 3376 est
636 3313 753 3388 lilnum,
776 3316 826 3377 ubi
849 3315 919 3378 illud
940 3315 1038 3396 reipsa
1058 3315 1204 3396 probavit.
1248 3317 1308 3380 Sed
1329 3315 1396 3378 satis
1409 3313 1473 3373 inter

278 3397 410 3460 cruditos
431 3414 492 3457 non
514 3407 630 3459 constat
650 3406 750 3460 utrum
770 3400 819 3462 hia
838 3399 915 3462 liber
935 3408 1004 3463 ante
1024 3400 1070 3462 vel
1092 3408 1162 3480 post
1180 3401 1400 3482 Apologeticum
1419 3393 1473 3457 edi·

276 3490 325 3544 tus
346 3481 443 3543 luerit
486 3481 591 3542 Nonne
612 3501 683 3562 ergo
704 3485 801 3563 potuit
822 3485 919 3547 dicere
937 3485 1162 3565 probabuntur,
1191 3487 1260 3566 quia
1282 3485 1398 3548 urilibm
1416 3474 1473 3542 illud

275 3567 402 3648 probatu
420 3565 588 3628 facillimum
610 3566 697 3629 erati

362 3651 498 3714 Ceterum
516 3651 614 3731 'palam
636 3651 684 3714 ille
706 3653 832 3714 affirmat
851 3653 1017 3716 haereticos
1040 3653 1127 3716 etiam
1148 3661 1216 3716 ante
1237 3654 1385 3734 publicum
1399 3648 1473 3712 tana·

275 3757 342 3800 rum
364 3735 539 3816 opinionum
562 3754 682 3799 suarum
704 3755 826 3799 examen
848 3757 884 3798 eo
905 3738 972 3819 ipso
995 3738 1106 3800 erroris
1126 3738 1270 3813 mariaci,
1298 3737 1376 3819 quod
1396 3747 1474 3796 nome

276 3823 346 3896 sint,
368 3841 424 3884 nec
445 3821 566 3883 traditae
588 3839 605 3882 a
631 3821 748 3884 Christo
770 3831 819 3884 aut
840 3823 917 3885 illius
940 3822 1103 3902 discipulis,
1125 3823 1178 3884 sed
1198 3823 1236 3885 ab
1258 3824 1362 3886 iisdem
1383 3821 1473 3882 baere-

277 3907 343 3970 ticis
371 3907 446 3970 salso
476 3906 664 3985 excogitatae.
710 3907 896 3986 Quapropter
923 3907 991 3970 alibi
1013 3925 1047 3968 se
1068 3907 1258 3970 bacalusias
1281 3907 1474 3988 explicaturum

276 3992 422 4072 promittit
441 3991 472 4054 in
493 3991 570 4054 libro
593 3991 629 4053 de
649 3991 936 4070 Praescriptionibus
957 3991 1188 4067 baereticorum,
1215 3993 1259 4054 uti
1282 3992 1387 4054 clarius
1407 3987 1475 4050 bisce

276 4075 375 4137 verbis
398 4075 535 4155 explicat:
571 4075 657 4138 diens
680 4076 798 4139 libellas
821 4078 899 4140 banc
919 4077 1047 4157 gradum
1068 4078 1227 4140 sustinebit
1249 4078 1394 4140 aduersus
1415 4071 1474 4133 ta-

278 4164 387 4222 reticos
409 4165 498 4223 etiam
517 4165 582 4224 siae
604 4172 774 4224 retractatu
795 4161 1005 4224 doctrinarum
1025 4163 1229 4234 revincendos,
1258 4162 1337 4242 qnod
1357 4161 1408 4222 boc
1425 4157 1476 4217 siat

278 4243 313 4305 de
331 4249 625 4326 praescriptionibus
646 4250 791 4311 novitatis
819 4246 911 4321 (ldem
931 4245 982 4307 lib.
1004 4245 1028 4306 l.
1050 4247 1166 4309 advers.
1186 4245 1328 4308 berdon.
1350 4259 1409 4321 cap.
1432 4241 1474 4312 li·
1534 4303 1535 4312 ,

325 4362 327 4370 ·
363 4327 493 4391 Gentiles
514 4331 602 4410 igitur
622 4330 695 4393 nihil
715 4349 840 4412 prorsus
862 4349 898 4393 ex
918 4330 1134 4393 haereticorum
1148 4329 1337 4410 corruptione
1351 4327 1475 4390 adversus

277 4411 455 4474 christianae
489 4415 638 4494 religionis
672 4415 823 4478 veritatem
849 4423 879 4478 et
905 4415 1113 4496 praestantiam
1139 4414 1315 4478 concludere
1346 4413 1476 4492 pateram

276 4497 351 4560 Nam
372 4497 402 4560 hi
424 4496 461 4558 de
482 4497 612 4562 lindesia
633 4500 774 4563 catholica
794 4501 910 4580 penitus
944 4499 1034 4562 exdsi
1059 4516 1122 4563 non
1144 4498 1268 4582 amplius
1291 4497 1349 4561 nisi
1370 4492 1476 4558 nominc

279 4591 375 4658 mnus,
405 4581 495 4646 immo
523 4601 561 4645 ne
588 4585 708 4648 nomine
735 4584 852 4666 quidem
879 4584 1038 4648 Christiani
1069 4593 1162 4648 erant
1204 4583 1314 4648 lunas
1335 4580 1417 4643 velim
1434 4576 1475 4637 loe
