3082 5238
90 395 94 410 ι
193 393 196 398 ,
269 363 333 428 ast
355 379 392 422 ns
408 376 482 420 vana
495 375 609 418 assarta
624 377 659 418 aa
673 375 821 420 nocrmtta
836 375 1022 420 muroena
1036 375 1233 422 amomum
1249 347 1425 421 ntsrnrarto

270 533 394 622 quartus
415 523 483 588 eit.
507 531 574 620 pot.
597 524 687 586 Getae
716 523 816 586 medie
844 543 871 586 a.
894 521 990 620 GXm.
1019 523 1127 588 merito
1155 523 1244 586 debet
1269 525 1440 605 adsigmm
1471 547 1484 588 a

268 608 601 771 ttttttttttt‘.
617 609 1484 772 ttttttttttttttttatttt'tttttfitt'ss

267 786 314 874 ret
334 786 366 855 et
385 777 458 848 hoc,
491 775 600 838 librum
622 775 795 838 Tertulliani
817 776 854 836 de
875 775 968 836 Pallio
990 776 1089 838 medio
1118 775 1181 838 eius
1204 776 1273 839 anni
1294 795 1366 838 ease
1389 797 1484 840 recea-

266 872 382 923 uorem.
446 911 448 916 .

796 1029 826 1102 a.
856 971 988 1088 xxxts

350 1144 409 1205 Sed
431 1161 497 1204 cum
520 1141 684 1204 accuratior
705 1141 773 1202 anni
797 1141 878 1215 eius,
913 1159 972 1221 quo
995 1141 1123 1221 scriptus
1153 1142 1201 1202 tric
1222 1141 1297 1202 liber
1318 1152 1384 1215 ost,
1422 1145 1486 1204 ratio

265 1228 445 1308 postuletur,
469 1227 519 1306 qui
534 1225 591 1286 ista
606 1225 743 1286 subtilius
766 1225 925 1299 dissertum,
948 1225 1065 1298 abeunt,
1090 1234 1229 1304 quantum
1252 1225 1350 1298 video,
1374 1225 1410 1286 in
1433 1245 1487 1287 ean

174 1361 178 1368 .
266 1311 458 1382 sententiam,
492 1319 525 1373 ut
552 1310 582 1371 in
605 1327 714 1370 anuum
737 1307 834 1370 CCXl.
857 1327 924 1370 eum
947 1308 1162 1371 coniicieudum
1184 1309 1379 1370 arbitrentur.
1421 1310 1487 1370 llilti

266 1397 345 1458 enim
374 1403 490 1456 ceteros
518 1410 684 1466 moramur,
722 1393 773 1470 qui
800 1411 905 1454 versus
934 1394 1023 1453 tinem
1051 1393 1167 1471 imperii
1196 1392 1297 1454 Severi
1326 1394 1392 1454 boc
1422 1413 1486 1472 opus

265 1487 414 1541 exaratum
441 1477 535 1555 magis
568 1477 705 1538 universe
737 1477 944 1554 pronunciant.
989 1477 1048 1538 Sed
1075 1476 1125 1554 qui
1154 1476 1248 1555 magis
1277 1495 1345 1536 eam
1369 1477 1488 1537 remad

265 1562 455 1624 subtilitatem
478 1560 716 1638 chronologicam
739 1568 912 1638 exegemnt.
946 1559 1025 1620 Sam.
1048 1559 1239 1639 Basnagiusa
1270 1569 1300 1620 et
1328 1560 1384 1638 qui
1418 1561 1487 1620 illum

265 1647 407 1726 sequitur,
431 1646 502 1706 Van.
525 1643 763 1722 Gottingensium
786 1643 976 1715 Walobiust,
999 1643 1039 1717 hi,
1064 1643 1193 1722 inquam,
1217 1662 1253 1705 eo
1275 1661 1337 1722 quo
1362 1643 1488 1705 diximus

264 1749 342 1792 anno
364 1729 506 1808 scriptum
528 1728 608 1789 bunc
628 1727 735 1789 libmm
757 1744 826 1788 esse
849 1727 1028 1800 decemunt3
1065 1735 1133 1789 sunt
1155 1727 1234 1788 enim
1256 1727 1412 1805 quaedam
1435 1729 1487 1788 cias

262 1814 330 1876 libri
352 1812 560 1874 similitudines
582 1829 648 1873 cum
670 1811 759 1873 rebus
788 1829 911 1888 quarum
938 1809 986 1872 hie
1009 1809 1206 1872 Tertullianus
1234 1811 1430 1872 mentionem
1451 1811 1490 1871 ia·

263 1897 341 1958 iecit
384 1895 493 1956 Verum
526 1896 583 1956 ista
609 1913 642 1956 re
670 1893 826 1974 diligenter
849 1894 1028 1968 examinata,
1051 1894 1122 1954 mibi
1144 1895 1259 1956 animus
1281 1895 1386 1974 magis
1412 1895 1489 1956 incli-

263 1981 342 2042 navit
363 1981 393 2040 in
415 1997 480 2040 eam
502 1985 690 2050 sententiam,
712 1979 793 2056 quod
814 1977 871 2039 iste
892 1977 1008 2040 libellus
1032 1977 1070 2038 sit
1091 1979 1152 2039 lere
1167 1979 1305 2040 adfinem
1323 1997 1353 2038 a.
1371 1977 1490 2040 CCl'lll

246 2064 457 2148 ,compositus
503 2063 596 2135 Quam
621 2061 761 2134 obrem,
790 2081 862 2141 pace
884 2061 1049 2124 Venerandi
1072 2061 1149 2134 Viri,
1178 2079 1264 2140 quem
1288 2079 1388 2140 spero
1415 2063 1491 2126 facila

261 2149 376 2208 reniam
399 2147 534 2208 datumm
558 2163 625 2206 esse
647 2144 760 2205 homini
782 2145 910 2224 ingenuo
939 2163 1100 2222 verumque
1122 2144 1187 2206 sine
1210 2145 1268 2207 ulla
1293 2149 1490 2207 contentione

262 2231 394 2292 invenire
415 2228 535 2301 volenti,
559 2247 592 2289 ea
615 2227 764 2307 explicabo
787 2229 973 2302 brevissime,
996 2245 1071 2306 qnae
1094 2237 1293 2302 memorent,
1319 2237 1356 2290 ut
1381 2231 1424 2290 de
1448 2249 1491 2289 re-

265 2315 351 2375 ritate
374 2314 439 2374 eius
463 2312 627 2373 sententiae
649 2311 848 2379 subdubitem.
871 2331 1003 2392 quaeque
1018 2312 1054 2373 ad
1070 2331 1145 2384 eam,
1169 2330 1255 2392 qnam
1278 2312 1360 2374 obiri
1379 2314 1493 2375 vellem,

261 2396 524 2460 commendandam
546 2397 640 2458 lacere
662 2396 758 2473 aliquo
781 2397 870 2458 modo
893 2396 1038 2457 videntur.
1068 2395 1209 2458 Videlicet
1230 2395 1286 2456 ista
1307 2415 1410 2458 secus
1429 2417 1494 2458 sea-

261 2482 398 2544 bendum
420 2481 522 2560 opinio
543 2481 682 2542 universa
703 2479 829 2542 efficitur
851 2479 1042 2542 similitudine
1058 2497 1172 2552 eorum,
1195 2498 1270 2557 qnae
1285 2479 1494 2542 Tertulliamu

261 2565 367 2638 babet,
400 2581 466 2624 eum
488 2563 542 2636 iis,
575 2582 650 2642 quae
673 2562 783 2626 sumus
805 2563 865 2625 isto
888 2582 965 2624 anno
989 2562 1084 2624 cett.
1108 2562 1278 2642 contigisse.
1326 2565 1395 2626 Sed
1423 2563 1496 2626 istud

261 2647 380 2727 quidem
408 2655 613 2727 argumentum
641 2647 757 2708 mmemi
786 2665 847 2708 non
875 2646 1008 2708 videatur
1029 2646 1241 2726 repudiandum
1263 2665 1321 2726 per
1344 2667 1405 2722 se,
1441 2667 1495 2708 nor

261 2740 357 2794 umen
380 2732 519 2803 multum,
543 2731 666 2810 opinor,
688 2731 833 2792 firmitatis
856 2731 959 2804 babet,
983 2731 1008 2792 si
1031 2729 1133 2792 eadem
1157 2730 1319 2811 similitudo
1344 2749 1400 2802 ea,
1427 2751 1494 2811 quar

259 2815 467 2877 aTertulliauo
490 2813 568 2877 dicta
591 2821 670 2886 sunt,
693 2813 850 2875 intercedit
872 2833 937 2875 cum
961 2813 1009 2888 iis,
1032 2832 1106 2892 quae
1129 2814 1286 2875 extiterunt
1308 2833 1337 2874 a.
1355 2815 1496 2877 cet'ttt.

260 2905 290 2960 et
311 2899 417 2960 amittit
438 2898 496 2960 vim
518 2896 663 2976 probandi
685 2915 814 2970 omnem,
846 2898 873 2958 si
894 2897 995 2977 possit
1016 2897 1134 2958 ostendi
1157 2917 1183 2958 a.
1206 2896 1303 2959 cett.
1328 2897 1430 2976 plane
1455 2901 1495 2959 di-

259 2999 346 3043 rersa
377 2981 521 3042 accidisse
554 2979 590 3041 ab
623 2981 678 3052 iis,
715 2999 790 3060 qnae
819 2980 845 3040 is
874 2981 904 3042 in
933 2979 1010 3041 libro
1032 2988 1137 3042 nostro
1159 2981 1498 3061 memoriaeprouiutt

260 3064 348 3137 Quod
369 3073 527 3144 utrumque
551 3064 598 3125 bio
619 3064 659 3124 ita
682 3082 715 3124 se
744 3081 869 3142 prorsus
897 3063 995 3126 babet.
1039 3063 1129 3136 Nam,
1165 3073 1197 3126 ut
1229 3064 1265 3124 de
1298 3063 1363 3125 boe
1401 3069 1497 3128 diram

257 3150 355 3227 primo
377 3147 454 3220 loco,
477 3166 543 3209 cum
565 3156 701 3208 nostrum
716 3146 844 3208 libellum
866 3147 971 3208 litteris
987 3149 1139 3209 mandaret
1153 3146 1372 3222 Tertullianus,
1399 3153 1499 3212 Atria

258 3231 316 3292 iam
338 3231 459 3291 vacabat
480 3249 496 3292 a
517 3241 613 3293 terrae
635 3230 766 3298 motibus
788 3233 825 3302 (c.
842 3234 871 3294 2.
895 3231 1091 3309 p.133.d.):
1110 3235 1196 3311 pacis
1219 3243 1310 3293 erant
1334 3243 1369 3294 et
1394 3255 1498 3296 anne

257 3333 315 3376 aaa
339 3319 417 3384 on'a,
446 3316 482 3376 ob
504 3318 630 3394 imperio
654 3326 683 3377 et
705 3333 724 3375 c
746 3313 827 3377 coele
851 3316 922 3377 berte
945 3327 1013 3378 erat
1034 3318 1072 3385 (e.
1099 3318 1150 3390 1.).
1195 3315 1252 3376 Sed
1275 3333 1314 3374 eo
1336 3325 1501 3398 tempora.

257 3415 317 3476 quo
340 3397 376 3458 ad
398 3395 551 3476 Scapulam
573 3398 747 3476 perscripsit
769 3417 812 3470 ea,
835 3398 943 3476 quibus
965 3397 1094 3460 animum
1118 3397 1182 3460 eius
1204 3409 1365 3460 revocaret
1392 3422 1412 3462 a
1433 3423 1499 3464 eru-

257 3479 376 3542 delitate
398 3482 538 3542 adversus
555 3481 750 3554 Christianos,
773 3482 853 3560 quod
875 3482 1065 3544 rarefactum
1088 3489 1134 3544 est
1155 3501 1181 3543 a.
1198 3481 1306 3554 CCXL,
1331 3492 1371 3544 ut
1386 3497 1502 3564 postea

256 3563 445 3639 docebimus,
467 3565 525 3626 iam
547 3575 615 3626 ante
636 3581 745 3626 annum
767 3564 926 3638 imbribus,
955 3567 1039 3644 igne,
1063 3565 1246 3637 tonitrubus,
1269 3564 1400 3629 delectu
1431 3573 1501 3631 sols

257 3647 381 3727 allisque
408 3647 558 3727 perterriti
582 3658 667 3710 erant
688 3649 825 3712 Africani.
871 3649 954 3721 Quae
981 3648 1081 3710 omnia
1109 3667 1177 3712 cum
1199 3649 1420 3714 Tertullianus
1448 3657 1499 3716 de·

255 3733 355 3794 tendat
375 3749 538 3810 poenamm
561 3731 656 3792 instar
677 3733 769 3794 luisse
792 3731 916 3794 deorum
938 3732 1101 3794 cultoribus
1122 3741 1299 3813 propterea,
1334 3740 1437 3814 quod
1464 3747 1502 3799 tot

254 3815 443 3877 miseriarum
475 3815 506 3875 in
535 3813 718 3877 Christianos
748 3814 885 3876 incendia
914 3816 1124 3890 excitaverant,
1161 3833 1285 3878 neeesse
1321 3827 1377 3881 est
1414 3841 1500 3882 sana,

254 3899 342 3960 istam
371 3899 479 3960 borum
507 3899 691 3960 rerabonem
720 3898 778 3961 iam
806 3917 900 3980 usque
928 3900 964 3962 ab
987 3900 1103 3979 integro
1132 3918 1209 3961 auno
1232 3901 1358 3962 ductam
1383 3906 1502 3968 tuisse.

253 3981 313 4062 Age
336 3981 426 4062 igitur
446 3983 493 4042 lae
513 3999 539 4042 a.
563 3980 657 4044 ccttt.
681 3983 825 4062 scriptum
847 4002 915 4044 esse
937 3983 973 4044 de
994 3982 1086 4046 Pallio
1108 3982 1250 4054 libellum,
1274 4001 1388 4048 nonne
1417 3989 1500 4050 Tar·

252 4065 392 4128 tullianus
413 4065 573 4144 pugnantia
595 4065 735 4144 loquitur,
758 4067 808 4145 qui
832 4067 927 4130 eidem
949 4067 1076 4148 tempori
1099 4077 1127 4128 et
1148 4085 1299 4128 summam
1321 4077 1505 4152 prosperi-

253 4155 341 4209 tatem
364 4156 393 4209 et
415 4148 594 4210 calamitates
617 4150 808 4227 gravissimas
830 4149 954 4212 tribuit?
996 4151 1089 4230 Atque
1112 4150 1160 4211 hic
1188 4169 1329 4230 egenen
1356 4155 1504 4218 inficior.

252 4231 310 4291 dici
333 4231 455 4292 forsitan
470 4250 573 4310 posse,
594 4233 674 4311 quod
696 4232 743 4293 bis
767 4232 978 4296 calamitatibus
1000 4235 1212 4314 aliquantisper
1225 4236 1373 4298 remissis
1389 4244 1509 4320 quien

253 4315 337 4394 quasi
363 4333 397 4374 ac
423 4315 577 4398 tranquilla
604 4315 757 4378 interiecta
779 4317 930 4380 intervalla
953 4317 1072 4380 tuerint.
1116 4317 1175 4379 Sed
1205 4337 1271 4380 cum
1295 4321 1427 4386 veteris
1455 4327 1504 4388 bi·

286 4495 310 4544 p.
331 4480 356 4530 la
374 4482 505 4532 ducatibus
525 4485 837 4538 Politice-Ecclesiastico.
924 4501 947 4550 q.
972 4487 999 4536 ln
1016 4487 1202 4551 Antiquitatibus
1222 4443 1292 4537 Pallii
1313 4489 1508 4561 Philosophia.

252 4549 320 4598 Tam.
338 4547 368 4598 ll,
386 4561 411 4612 p.
429 4547 488 4628 ill.
886 4553 997 4605 inurat
1016 4554 1208 4606 Christianorum
1226 4569 1251 4620 p.
1269 4553 1322 4606 stt
1344 4573 1384 4624 sq.
