3114 5240
147 329 152 340 ·
256 301 317 366 156
339 316 532 360 nrsssnrsrro
548 315 579 358 m
594 315 641 366 ou.
659 315 744 359 serr.
759 315 845 358 reon.
861 312 1057 374 rnnruuptsnt
1071 289 1300 357 arononsrromr
1315 313 1403 358 osrr.

251 469 429 548 provinciae
461 462 567 545 lodan)
602 465 636 526 de
664 467 829 528 sententiae
856 465 1062 526 communione
1090 466 1229 542 snspccit
1260 461 1369 539 (ibid).
1416 463 1477 524 Sed

254 551 326 630 quid
348 549 395 611 his
416 548 527 610 ultimis
550 547 657 619 verbis,
680 549 715 610 de
737 552 903 610 sententiae
925 549 1130 610 concessione
1151 551 1299 626 conponit,
1321 544 1475 624 significe-

255 643 313 708 tnr,
336 650 397 694 non
417 632 538 693 minima
560 639 607 694 cst
628 632 707 693 inter
726 630 860 692 eruditos
882 631 986 692 aetads
997 641 1118 691 nostrae
1132 631 1295 710 scriptores
1311 629 1476 693 dissensio.

256 717 383 790 Quidam
404 714 554 776 enimvero
576 715 735 794 opinantur
755 713 792 774 iis
816 713 974 794 significari
996 729 1183 776 communem
1203 713 1299 774 luisse
1309 713 1476 775 Menedemi

256 802 294 861 de
315 798 410 861 divium
432 798 616 877 providentia
638 799 736 860 omnia
758 798 941 876 gubernante
962 797 1149 858 sententiam.
1193 797 1300 858 Vemm
1315 797 1476 858 Termllia-

125 889 132 904 *
254 901 322 956 nus,
351 882 487 961 inquiunt
513 882 571 954 alii,
604 882 642 944 de
670 881 727 944 bac
745 881 799 942 Dei
827 879 1010 960 providentia
1036 881 1077 941 ibi
1103 898 1164 941 non
1187 879 1327 959 disputat,
1361 881 1417 941 sed
1438 881 1477 942 de

255 983 358 1047 graeca
381 966 583 1027 tantummodo
615 979 763 1028 sacrarum
786 964 1005 1044 Scripturarum
1026 962 1277 1042 interpretatione.
1322 962 1478 1036 Quorsum

256 1067 326 1128 ergo
349 1051 425 1110 hano
446 1048 482 1109 de
505 1048 553 1109 illa
567 1047 620 1111 Dei
635 1048 819 1128 providentia
833 1048 1015 1109 mentionem
1030 1045 1251 1109 interiecisset?
1274 1046 1477 1119 Quamobrem
1491 1057 1496 1068 ‘

255 1134 286 1194 bi
314 1132 492 1194 arbitrantur
519 1133 598 1197 hunc
625 1151 693 1194 esse
720 1131 891 1202 Tertulliani
919 1149 1057 1192 sensnm:
1093 1131 1284 1192 Menedemus
1311 1130 1478 1193 absolutam

255 1235 358 1280 sacrae
389 1215 558 1294 Scriptnrae
596 1233 729 1295 graecam
765 1214 1037 1294 interpretationem
1074 1214 1249 1276 examinarit
1285 1215 1478 1294 suspexitque

255 1300 334 1361 illam
363 1299 511 1362 communi
538 1298 740 1380 interpretum
762 1299 960 1360 consensione
989 1298 1093 1359 eodem
1121 1298 1207 1377 plane
1238 1297 1328 1358 modo
1361 1300 1478 1360 ladam.

256 1383 370 1445 Vindex
395 1383 500 1460 itaque-
522 1391 553 1444 et
573 1383 659 1446 testis
681 1383 736 1444 llrit
757 1381 872 1443 divinae
891 1381 1106 1460 providentiae,
1136 1381 1219 1442 euius
1242 1381 1369 1443 mirabili
1390 1381 1480 1462 plane

257 1467 346 1529 ductu
372 1465 542 1563 hebraicum
569 1467 738 1564 Scripturae
765 1473 876 1526 textum
903 1465 1009 1561 eodem
1035 1483 1161 1543 prorsus
1190 1465 1278 1526 modo
1306 1465 1343 1526 ab
1371 1466 1481 1530 iisdem
1509 1507 1515 1516 ·

257 1550 468 1703 'mulla
491 1549 1239 1711 alata-ltili”llla.lt?¹¹lt‘¹¹l.t⁵l...
1268 1631 1423 1709 ...sm
1445 1640 1481 1692 0.

258 1717 289 1776 in
317 1713 441 1776 diversis
469 1715 581 1776 cellulis
607 1716 696 1793 positi
724 1717 803 1777 bunc
834 1715 1005 1777 hebraicum
1024 1722 1137 1776 textum
1158 1715 1188 1775 in
1211 1732 1345 1792 graecum
1366 1714 1481 1792 singuli

257 1798 408 1860 rortennt.
450 1796 537 1876 lltqni
567 1799 638 1859 salsa
667 1807 714 1860 est
740 1799 788 1860 illa
816 1799 852 1860 de
880 1799 1005 1860 diversis
1033 1798 1091 1859 illis
1122 1798 1235 1858 cellirlis
1252 1797 1373 1876 ‘opinio
1417 1797 1482 1859 Sed

259 1881 329 1959 quid
355 1880 433 1952 inde,
467 1881 494 1943 si
516 1881 713 1943 Tertullianus
740 1882 879 1960 praevios
910 1889 1029 1943 secutus
1057 1882 1098 1942 sit
1125 1881 1297 1959 scriptores,
1330 1881 1380 1958 qui
1408 1883 1498 1959 posl'

258 1965 404 2026 lustinum
427 1963 592 2042 Martyrem,
614 1973 647 2026 ut
668 1964 737 2025 alibi
759 1963 954 2037 ostendimus,
977 1965 1053 2026 hanc
1074 1965 1111 2024 de
1133 1964 1190 2025 illis
1206 1965 1401 2042 interpretum
1417 1965 1480 2025 cel·

258 2048 327 2108 lulis
356 2047 527 2126 opinionem
554 2055 724 2110 constanter
750 2057 1010 2126 propugnaverunt
1041 2048 1139 2121 (Tom.
1161 2048 1184 2108 1.
1206 2047 1346 2126 Apparet.
1368 2046 1419 2108 lib.
1442 2047 1481 2108 ΙΙ.

259 2131 383 2191 llissert.
406 2133 436 2193 2.
460 2146 523 2209 cap.
547 2135 576 2193 7.
600 2135 629 2208 ἦ.
653 2135 682 2194 5.
704 2147 770 2209 pag.
793 2133 855 2196 390
878 2139 908 2192 et
929 2129 1049 2210 seqq.)?
1092 2131 1198 2191 Nonne
1231 2131 1311 2191 enim
1343 2130 1421 2192 hanc
1442 2131 1482 2192 ob

256 2231 378 2280 ‚causam
400 2213 590 2274 Menedemus
617 2213 654 2274 ab
681 2213 730 2274 illo
753 2214 914 2293 appellatur
939 2215 1151 2294 providentioe
1172 2215 1299 2286 vindam
1333 2213 1402 2292 quia
1423 2214 1484 2275 hos

260 2297 439 2374 interpretes
461 2298 496 2359 de
519 2303 685 2359 sententiae
706 2301 911 2359 communione
933 2302 1080 2378 respersit,
1103 2305 1206 2376 utpote
1221 2299 1271 2376 qui
1293 2297 1329 2358 ab
1355 2298 1485 2360 invicem

262 2379 387 2441 seiuncti
410 2379 515 2440 Sacrae
536 2380 703 2459 Scripturas
725 2398 785 2442 uno
808 2381 971 2458 eodemque
992 2381 1082 2441 modo
1104 2399 1208 2460 graece
1228 2388 1388 2441 verterant.

345 2464 455 2524 Verum
476 2481 575 2523 nonne
597 2463 702 2536 divina,
725 2472 828 2541 arguet
849 2463 963 2540 aliquis,
986 2464 1170 2542 providentia
1184 2464 1243 2525 hoc
1256 2463 1485 2543 satisresplen-

262 2546 321 2618 det,
344 2546 422 2624 quod
445 2546 623 2625 interpretes
645 2546 687 2607 illi
709 2547 796 2607 simul
819 2546 947 2624 quidem,
980 2547 1034 2606 sed
1057 2547 1160 2608 eodem
1183 2547 1272 2608 modo
1294 2565 1346 2607 eas
1368 2546 1399 2606 in
1423 2547 1485 2608 lin·

262 2647 348 2708 guam
370 2645 504 2706 graecam
527 2629 753 2691 transtulerint?
787 2629 861 2701 Quis
882 2629 980 2689 nescit
1002 2639 1143 2708 quantum
1165 2630 1316 2692 intellectu
1338 2629 1399 2690 siut
1420 2631 1485 2691 dil·

262 2713 364 2785 liedes,
394 2731 428 2773 ac
453 2711 561 2774 mirum
583 2715 716 2792 prolecto
738 2711 841 2785 videri,
870 2713 949 2790 quod
971 2712 1035 2774 illas
1057 2731 1161 2790 graeoe
1182 2713 1325 2774 vertendo
1348 2731 1407 2774 una
1430 2733 1487 2774 ea-

262 2797 388 2874 demque
416 2797 504 2857 luerit
531 2803 576 2857 tot
602 2797 796 2875 interpretum
819 2795 988 2857 sententie?
1032 2797 1091 2858 Sed
1112 2797 1178 2875 quis
1201 2797 1288 2857 etiam
1311 2795 1489 2858 diffitebitur

262 2881 349 2958 longe
377 2879 541 2940 mirabilius
571 2879 697 2941 divinam
724 2879 940 2959 providentiam
967 2879 1123 2953 reluxisse,
1154 2881 1181 2941 si
1210 2881 1240 2940 hi
1262 2899 1279 2940 a
1301 2880 1488 2942 seinvicem

263 2963 391 3043 separati
414 2963 688 3042 interpretationem
712 2981 797 3024 suam
818 2961 1064 3042 composuerint?

348 3046 476 3106 luctabis
499 3047 587 3108 hasce
611 3047 759 3108 seiunctas
783 3046 976 3125 interpretum
998 3044 1117 3106 cellulas
1140 3065 1201 3108 nou
1216 3046 1353 3108 obscuris
1369 3054 1489 3108 mutum

263 3127 362 3188 verbis
391 3128 537 3201 denotari,
569 3130 622 3190 sed
650 3138 758 3191 testem
786 3147 903 3208 quoque
931 3128 1014 3188 citari
1035 3128 1209 3201 Aristaenum,
1237 3130 1287 3208 qui
1308 3129 1424 3190 nullum
1446 3131 1488 3190 de

263 3209 322 3270 illis
345 3209 447 3270 babuit
467 3229 647 3272 sermonem.
682 3212 741 3273 Sed
763 3211 939 3291 responderi
961 3213 1081 3291 poterit,
1105 3212 1276 3274 Tertulliani
1298 3213 1387 3274 rerba
1410 3213 1489 3274 satis

265 3293 341 3353 clara
368 3291 463 3352 luisse
490 3293 594 3355 aetatis
624 3313 695 3356 suae
723 3295 894 3355 bominibus
922 3313 1072 3373 unumque
1100 3297 1203 3357 vadem
1238 3295 1274 3357 ab
1302 3315 1339 3355 eo
1372 3295 1489 3371 datum,

265 3378 1322 3540 titt.intertentatttlnltdttlffitltttlt
1336 3379 1490 3541 ‘little

265 3541 315 3602 illo
337 3541 460 3614 narrari,
483 3560 570 3620 quam
592 3542 621 3603 in
643 3543 793 3604 Aristaeae
815 3545 984 3606 narratione
1006 3543 1217 3608 continentur?
1261 3545 1365 3605 Utrum
1386 3552 1491 3607 autem

265 3625 349 3686 lraec‘
364 3642 433 3685 vera
462 3625 551 3684 luerit
580 3625 751 3686 Tertulliani
781 3627 935 3701 sententia,
970 3635 998 3688 te
1020 3628 1259 3706 pronuntiantem
1281 3627 1409 3690 libenter
1430 3647 1491 3688 au-

233 3708 391 3770 ·diemus.
435 3708 477 3769 lle
498 3709 649 3770 Aristaeae
677 3727 769 3788 porro
797 3709 921 3770 historia
950 3709 1132 3790 diversisque
1161 3711 1344 3772 eruditorum
1373 3710 1410 3771 de
1438 3712 1492 3772 illa

266 3792 456 3871 opinionibus
479 3811 513 3853 ac
534 3791 570 3851 de
592 3791 764 3856 Menedemo
786 3793 854 3852 alibi
876 3794 1090 3872 disputavimus
1124 3793 1217 3866 (ldem
1239 3794 1289 3854 lib.
1313 3794 1336 3855 l.
1358 3794 1492 3855 Dissert.

266 3879 296 3938 2.
320 3893 383 4019 cap.
397 3879 437 4019 21.
465 3894 530 3954 pag.
554 3877 627 3938 223.
657 3893 691 3936 ac
713 3894 796 3954 seqq.
826 3883 856 3936 et
882 3876 933 3937 lib.
956 3877 1005 3937 lll.
1034 3876 1160 3937 Dissert.
1183 3880 1214 3939 2.
1237 3896 1300 3956 cap.
1324 3879 1354 3941 3.
1378 3886 1433 3940 art.
1457 3883 1492 3940 5.

266 3975 331 4034 1³⁸8·
377 3961 451 4031 Η·
957 3997 961 4006 ·

175 4111 180 4118 ,
351 4039 559 4120 Philadelphus
587 4057 688 4119 porro,
722 4041 771 4119 qui
793 4055 926 4119 graecam
949 4059 1049 4103 sacrae
1071 4041 1240 4121 Scripturas
1263 4042 1493 4120 interpretatio-

266 4137 335 4180 nem
356 4124 533 4198 proouravit‚
556 4123 768 4185 aTertnlliano
791 4124 952 4204 appellatur
972 4126 1153 4186 non‘solum
1176 4126 1412 4194 ereditisss'anna
1435 4125 1495 4184 sed

146 4227 149 4234 ’
268 4205 364 4264 omnis
392 4203 478 4265 etiam
506 4208 701 4269 litteraturae
723 4213 953 4292 sagacissimus.
972 4207 1024 4268 ubi
1046 4217 1125 4269 certe
1147 4207 1322 4268 subauditur
1343 4207 1493 4268 substan-

269 4283 499 4360 tivumnomen,
521 4291 600 4367 quod
622 4290 691 4351 huic
711 4291 854 4352 adlectivo
877 4294 1089 4368 capacissimos
1101 4292 1281 4369 respondeat
1302 4289 1494 4364 (Tertullian.

266 4367 419 4446 apologet.
442 4388 505 4448 cap.
529 4375 602 4448 te).
645 4376 682 4435 nt
703 4393 763 4434 non
785 4375 862 4434 aliud
885 4389 954 4434 esse
976 4373 1101 4448 videtur,
1133 4391 1219 4450 quam
1253 4374 1417 4453 indagator
1444 4372 1496 4432 rel

267 4450 460 4532 explorator.
504 4453 651 4532 Sagacitas
675 4458 754 4518 enim
775 4459 811 4518 ad
832 4455 1041 4518 inveniendum
1064 4465 1114 4519 ant
1135 4455 1348 4536 explorandum
1370 4455 1497 4516 dicium.
