3144 5236
526 383 661 431 lucroso
682 385 741 430 nro.
763 385 802 430 nn
824 385 951 436 novur.
1289 355 1357 440 ttt'

154 531 259 596 tubo
290 541 426 606 autom
448 533 487 596 nd
506 533 580 598 baec
600 533 794 614 proculdubio
810 533 1006 600 collimabant
1019 555 1054 599 ac
1067 535 1156 600 tacito
1170 535 1291 600 nemim
1307 536 1351 600 oi·

98 613 169 680 ubut
194 617 325 680 Isaiae
368 619 487 683 verba.
519 619 608 682 llieee
634 620 750 700 populo
781 620 865 682 boio:
900 621 1184 694 duditeoudiereter
1207 631 1236 684 et
1257 621 1353 686 nolite

97 701 245 781 mollipere
286 715 332 766 et
363 705 466 768 vidite
488 707 633 766 uuonan
655 715 683 768 et
704 704 798 768 colite
827 721 1015 783 adsuescere
1060 705 1197 772 tameo
1218 723 1273 768 cor
1292 725 1353 786 pu-

95 785 143 864 puli
159 787 263 850 turus
306 801 349 852 et
379 806 477 854 curer
505 792 569 852 erue
592 807 726 868 coprem
753 800 782 854 et
804 789 909 854 oculas
938 789 1056 862 ebude,
1090 791 1231 870 neforto
1253 791 1353 856 oidtot

97 871 166 934 tulit
189 883 222 934 et
252 873 425 936 auribus
447 873 552 936 oudin
574 884 602 936 et
625 874 714 936 corde
735 891 791 936 cuo
808 873 961 953 intellepnt
983 885 1011 938 et
1034 885 1233 940 concertatur
1255 885 1283 940 et
1297 893 1353 938 ru-

97 973 147 1016 teu
162 976 238 1020 eun
277 956 390 1032 (lsai.
414 975 478 1036 cop.
501 955 547 1018 Vl.
569 975 597 1023 t.
619 959 650 1022 9.
673 965 704 1018 et
726 961 799 1032 lb).
849 959 932 1032 Quas
957 959 1078 1036 quidem
1104 959 1191 1022 eluta
1218 957 1352 1022 invenias

97 1057 143 1102 oco
159 1042 276 1104 solum
309 1041 352 1104 in
371 1041 513 1104 btaubad
527 1041 685 1120 Evangelio
706 1051 737 1104 et
749 1041 871 1104 lctibus
884 1043 1107 1122 Apostolorum,
1128 1043 1181 1106 sed
1203 1061 1221 1104 a
1241 1043 1353 1106 loanno

98 1125 165 1188 eum
185 1126 421 1205 Evangelista
441 1125 521 1200 buco
541 1125 573 1188 in
593 1126 730 1190 modum:
763 1125 934 1208 Propterea
961 1146 1025 1192 auu
1048 1136 1195 1208 poteraut
1216 1127 1352 1205 eredere,

98 1215 152 1294 pur
169 1216 316 1276 iterum
343 1212 431 1272 dicit
452 1209 565 1274 leoios:
597 1210 779 1276 Bucucuoit
808 1211 912 1275 oeulos
940 1229 1047 1274 eom
1068 1222 1096 1276 et
1117 1211 1277 1274 induravit
1299 1229 1353 1274 oar

102 1313 187 1358 ruunt
210 1307 256 1360 ut
285 1314 371 1358 noa
394 1296 516 1360 uidem
538 1295 632 1358 oculis
660 1308 690 1360 et
710 1295 888 1376 rotellepont
911 1297 1354 1368 consummantum

105 1397 188 1444 mun
212 1399 278 1444 eoa
310 1379 438 1454 (blattb.
461 1379 674 1458 cap.xtt1.v.
700 1384 748 1444 tt.
777 1381 839 1442 Act.
863 1398 926 1459 cap.
948 1379 1077 1442 llllVlll.
1099 1397 1127 1442 c.
1148 1382 1200 1446 tt.
1228 1379 1352 1442 lobann.

109 1481 160 1544 cap.
174 1465 248 1527 xit.
278 1484 317 1526 v.
346 1465 402 1528 39.
426 1471 454 1524 et
476 1467 550 1538 lod.
595 1464 653 1525 Sed
676 1463 712 1524 de
733 1459 850 1526 ludaeis
873 1463 1050 1525 intolerabili
1071 1481 1195 1542 prorsus
1216 1463 1351 1536 (Μυε-

112 1548 185 1610 louis
214 1549 307 1610 vitio
344 1547 530 1620 obcaecatis,
563 1549 672 1628 quique
700 1548 809 1610 idcirco
823 1548 958 1609 credere
987 1547 1111 1626 amplius
1133 1566 1194 1608 non
1216 1548 1353 1628 potuisse

117 1633 262 1706 lictatur,
304 1633 342 1694 in
366 1639 471 1693 nosba
492 1633 529 1692 de
550 1631 693 1693 Lactantii
720 1631 803 1693 libris
826 1632 1032 1693 dissertatione
1060 1633 1117 1692 iam
1139 1631 1352 1711 disputavimus

122 1726 193 1796 atque
212 1719 303 1779 inira
331 1715 459 1778 articulo
480 1716 567 1778 terlio
583 1715 693 1795 aliquid
707 1715 802 1778 adbuc
816 1715 970 1778 doenum
992 1716 1158 1791 (Dissertat
1174 1716 1206 1777 in
1219 1716 1351 1778 Lactant.

125 1821 177 1881 Q
197 1885 310 1965 lleque
335 1885 385 1945 hic
407 1884 490 1946 stetit
510 1882 651 1945 indomita
672 1891 702 1944 et
722 1901 807 1946 caeca
821 1883 999 1946 ludaeorum
1013 1884 1186 1964 pervicacia,
1210 1883 1263 1946 sed
1285 1902 1353 1946 cum

128 1969 256 2032 dbristus
280 1968 426 2030 inauditis
448 1967 590 2030 hactenus
612 1967 760 2030 miraculis
784 1988 819 2030 ex
841 1967 953 2030 aeterni
976 1969 1023 2030 sui
1038 1969 1133 2030 Patris
1153 1969 1220 2030 sinu
1244 1987 1277 2030 se
1298 1987 1352 2030 vo-

126 2054 204 2116 nisse
231 2054 399 2132 ubicmque
426 2052 668 2116 manliostissitno
695 2055 888 2132 patefaceret,
924 2053 998 2116 baec
1024 2053 1066 2116 illi
1093 2052 1213 2132 mancis
1241 2052 1354 2114 artibus

128 2138 256 2200 tribuere
278 2137 347 2200 ausi
369 2145 448 2198 suot.
478 2138 586 2200 Veromo
608 2137 771 2212 enimvero,
793 2157 879 2220 mera
894 2137 1091 2209 solummodo,
1112 2137 1153 2200 itu
1166 2137 1263 2216 pergit
1276 2137 1354 2200 'ler-

125 2221 278 2298 tullianus,
302 2223 451 2286 torum
469 2234 743 2303 praesumpserant
764 2224 799 2286 de
822 2221 999 2294 bumilitate.
1021 2222 1202 2304 sequelutur
1222 2227 1270 2284 uti
1288 2239 1356 2284 uta-

121 2325 193 2386 punr
214 2311 419 2371 memorent
440 2307 475 2368 de
492 2317 653 2385 potestate,
675 2307 815 2370 rumille
837 2306 929 2372 certo
952 2307 1107 2370 mono
1129 2307 1164 2368 de
1187 2306 1355 2368 lminilus

120 2403 292 2462 mutuet,
322 2409 426 2454 coecos
454 2391 664 2465 reluminaret,
693 2391 829 2472 leprosos
853 2401 1023 2471 purpurei.
1112 2391 1270 2454 osteadens
1291 2408 1356 2453 rese

118 2471 225 2556 λόγον
250 2476 315 2546 liei.
339 2477 370 2536 id
392 2486 436 2538 est
458 2475 584 2538 cerbuur
606 2473 683 2538 illud
701 2475 910 2555 primordiale,
931 2478 1174 2555 pericopenitum
1198 2478 1312 2536 uirtute
1326 2483 1357 2536 et

117 2565 250 2624 rariore
279 2559 395 2638 [otton
422 2559 605 2634 (Tertulliun.
627 2558 780 2638 Apologet
809 2577 873 2638 cap.
893 2562 969 2634 lb).
1011 2558 1056 2621 ltu
1082 2558 1114 2620 iu
1143 2557 1259 2636 Rigultii
1289 2556 1355 2618 edi-

115 2643 221 2706 tione.
266 2644 300 2706 ln
322 2643 436 2706 nostris
457 2652 556 2704 numm
577 2643 728 2706 codicibus
750 2651 781 2704 et
802 2653 889 2710 antea
910 2642 1013 2704 editis:
1038 2643 1204 2706 monteio
1227 2661 1259 2703 se
1280 2659 1354 2712 ease.

116 2728 191 2790 sice
215 2747 297 2800 eece,
330 2727 456 2792 Verbum
476 2729 547 2800 ilci,
574 2729 606 2790 id
627 2736 673 2794 est
694 2724 805 2810 λόγον,
831 2727 924 2796 illud,
953 2745 989 2788 ac
1007 2734 1078 2805 post
1097 2725 1221 2786 verbum
1241 2725 1357 2802 [ultum

116 2811 155 2872 io
184 2813 235 2874 eis
262 2811 394 2876 additum
423 2821 470 2874 est
495 2812 619 2876 nocem
646 2817 698 2894 poi
724 2812 817 2876 uerbo
846 2815 946 2876 ontio
972 2822 1000 2872 et
1027 2811 1143 2889 seruet
1165 2819 1194 2870 et
1221 2810 1354 2888 fecisset.

119 2895 188 2958 Sed
212 2897 353 2976 quoniam
375 2897 476 2975 priora
497 2895 586 2958 verba
608 2915 624 2958 a
646 2895 772 2976 Rigaltio
793 2895 973 2974 uoosposita
996 2895 1124 2966 luenrnt,
1146 2892 1272 2970 abquam
1295 2890 1356 2952 sal-

117 2987 187 3042 tem
214 2999 269 3044 cur
288 2982 459 3060 posteriora
477 2981 628 3054 deleverit,
649 2981 795 3042 rationem
814 2979 940 3042 reddero
961 2977 1095 3040 debebat
1138 2975 1286 3054 Numquid
1300 2993 1357 3037 au-

120 3073 190 3128 tem
215 3085 252 3128 sa
273 3065 387 3139 reiecit,
409 3065 455 3126 vel
476 3066 546 3144 quia
566 3065 607 3128 ibi
630 3072 677 3128 est
697 3063 904 3135 soloecismus,
924 3063 971 3124 vel
991 3061 1059 3141 quia
1079 3060 1193 3122 inutilia
1216 3077 1284 3122 esse
1305 3077 1358 3121 ar-

116 3147 259 3214 bitratus
288 3148 358 3212 estl
403 3149 481 3222 Quid
509 3168 580 3210 vcro
609 3148 635 3212 si
657 3167 823 3229 pronomen
851 3149 978 3210 eoadem
1005 3147 1041 3208 ad
1070 3141 1167 3227 loyor
1188 3142 1357 3206 reseraturi
1445 3161 1454 3182 ⁸

116 3233 238 3296 Nonne
259 3234 291 3294 in
313 3234 433 3296 loannis
454 3233 614 3311 Evangelio
635 3233 775 3312 legions,
804 3233 993 3312 Principium
1019 3236 1072 3312 pui
1091 3243 1120 3293 et
1143 3231 1251 3311 loquor
1273 3229 1358 3292 uobis

118 3318 269 3388 (lebana.
292 3337 355 3397 rap.
373 3318 447 3381 l'lll.
469 3339 496 3379 v.
521 3317 610 3394 25.)l
638 3318 786 3397 Numquid
808 3316 839 3378 in
860 3317 907 3378 bis
930 3316 1029 3378 minor
1050 3323 1097 3378 ost
1117 3333 1204 3394 quam
1227 3315 1258 3376 in
1280 3313 1357 3376 Ter-

119 3403 245 3464 tulliani
267 3403 367 3464 verbls
390 3401 610 3464 soloecismus?
653 3401 786 3482 maique
807 3401 909 3464 ultima
930 3400 1035 3474 verbu,
1068 3418 1144 3480 quac
1165 3399 1195 3462 in
1218 3397 1357 3460 omnibus

121 3488 248 3550 nostrb
269 3487 420 3550 codicibus
441 3487 584 3566 legimus,
618 3505 674 3550 nec
695 3489 843 3566 superllua
863 3485 1000 3548 ridentur
1021 3503 1077 3548 nec
1097 3503 1201 3564 parum
1223 3483 1260 3544 ad
1281 3482 1358 3544 Ter-

123 3571 247 3634 tulliani
269 3571 438 3635 couducunt
458 3570 658 3650 propositum.

219 3657 315 3720 Maior
336 3657 434 3736 itaquo
455 3658 511 3718 lun
531 3655 648 3734 lltfflltn
669 3655 833 3734 diligentia,
862 3671 930 3716 oum
951 3654 1061 3716 ibidem
1083 3651 1212 3714 monitos
1232 3647 1360 3741 lectores

127 3757 204 3802 use
224 3741 329 3814 volarit,
352 3741 381 3804 in
405 3740 581 3820 quibusdam
596 3739 733 3802 trectis
755 3739 849 3802 nosui
872 3747 902 3800 et
923 3737 1058 3817 Cypriani
1074 3731 1288 3812 exemplaribus
1302 3729 1360 3808 legi

127 3825 254 3899 quodem
280 3843 438 3905 mcum,
472 3825 526 3886 sed
553 3825 651 3904 aptius
674 3823 817 3902 scriptum
844 3823 937 3884 videri
958 3839 1086 3901 mmm.
1130 3819 1210 3881 Bene
1230 3815 1360 3894 quidem.

129 3905 336 3972 Terbrllioous
358 3910 440 3972 euim
461 3918 566 3988 postea
588 3909 677 3972 dixit:
707 3909 816 3989 Ecquis
838 3907 893 3970 ille
914 3907 1054 3968 Cirt‘stns
1077 3921 1142 3964 rum
1164 3899 1360 3980 sonorosus,

131 3996 162 4050 α’
177 3993 264 4057 borao
279 3991 667 4058 communiscomnunis?
688 3999 717 4056 si
728 4009 833 4071 nepus
844 3991 1027 4058 tterunbnc
1039 3987 1264 4080 Apologet.cap.
1278 3980 1361 4058 tunt

131 4071 198 4136 Nos
221 4097 337 4157 quoque
359 4085 512 4156 praeterea
534 4079 753 4143 observavimus
776 4076 806 4136 in
828 4075 991 4139 Harlaeano
1013 4073 1130 4143 codice,
1163 4069 1213 4130 ubi
1236 4069 1362 4130 liabetur

131 4176 292 4240 monum
321 4161 459 4241 apposita
481 4180 547 4224 esse
568 4163 630 4224 duo
651 4169 758 4240 puncta
779 4161 855 4222 idlra
876 4160 1004 4224 litteram
1026 4173 1055 4228 rt,
1084 4153 1192 4234 quibus
1213 4155 1362 4232 superflua

132 4241 320 4326 delendaque
341 4253 472 4308 notatur.
501 4245 673 4308 Tertulliani
695 4264 766 4308 vero
788 4245 871 4306 locus
893 4263 909 4304 a
932 4242 1078 4324 Cypriane
1100 4239 1143 4304 sic
1164 4238 1361 4316 transcriptus

133 4339 199 4392 ut:
228 4333 303 4396 Cum
325 4330 467 4394 corteno
491 4328 577 4392 leros
600 4331 763 4396 seeundum
784 4348 804 4390 o
822 4329 982 4410 propinetis
1004 4338 1074 4390 octe
1091 4325 1250 4404 proedicto
1270 4321 1364 4407 cerlo

134 4423 165 4472 tt
195 4422 276 4478 uode
305 4419 436 4494 inperio
464 4415 618 4478 munceio
647 4417 682 4478 de
710 4414 880 4478 imbribus
907 4422 1071 4482 recuteret,
1097 4407 1285 4508 paralyticos
1313 4421 1363 4467 re-

135 4493 1365 4663 ono‘⁶²’oattatei·„tttcetitutttut
