3126 5250
483 409 618 456 lucrosa
637 411 696 457 use.
719 413 756 458 ue
777 411 904 463 mesas.
1238 394 1316 466 309⁹·

78 557 235 620 atterebat
281 557 368 630 Quod
395 567 491 621 autem
520 561 717 625 adiecissem
744 582 805 626 non
833 583 900 627 esse
928 569 1018 648 quasi
1035 567 1204 650 redemptae
1225 569 1315 633 reli·'

81 647 181 723 piaris
204 641 298 716 (ldem
320 642 390 705 ibid.
412 663 476 725 cap.
502 649 539 710 te
563 656 593 708 et
607 648 751 725 atthis
772 649 871 712 serbis
894 650 1027 712 eunicus
1046 653 1228 734 perstringit,
1251 655 1301 734 qui

83 745 168 788 sacre
191 723 290 788 omnia
311 728 433 800 venelia,
455 738 488 792 ut
508 731 574 811 ipse
596 733 637 794 ait
657 741 687 794 ct
706 733 783 796 inira
805 735 1006 809 ostendemus,
1028 736 1174 800 hebebant
1195 746 1225 800 et
1243 756 1300 819 pre

81 811 126 874 eis
150 809 306 890 exigebant
325 814 501 876 mercedem.

169 897 325 958 Testatum
346 899 489 977 posthaec
510 900 707 964 Tertullianus
729 903 882 966 faciteam
905 921 1050 967 summam
1072 905 1135 968 sire
1157 907 1262 987 stipem
1283 926 1302 970 a

80 981 263 1043 Christianis
285 981 380 1043 datam
403 983 497 1046 luisse
517 995 675 1066 menstrua
698 989 743 1050 die
766 987 853 1058 (ibid.
875 1007 937 1068 cap.
961 992 1036 1067 (ih),
1065 989 1122 1052 hec
1143 999 1188 1052 est
1209 992 1302 1054 semel

82 1085 266 1146 unoquoque
292 1085 404 1130 meuse.
447 1069 560 1149 stipem
583 1071 661 1133 enim
683 1084 872 1136 menstruam
900 1074 944 1136 sie
971 1075 1096 1154 explicat
1123 1076 1301 1138 hlarciauus:

78 1151 277 1215 Permittitur
298 1155 487 1217 tenuioribus
507 1159 614 1235 stt'pm
635 1168 821 1220 menstruam
842 1161 992 1239 conferre,
1015 1161 1085 1222 duee
1100 1172 1197 1223 tumea
1213 1161 1305 1224 semel

80 1241 114 1298 iu
137 1255 238 1298 meuse
260 1243 374 1313 sedeat,
397 1240 476 1319 qaod
496 1257 558 1302 uae
579 1245 612 1302 iu
631 1240 718 1318 Urbe,
741 1244 794 1306 sed
813 1243 953 1307 initalia
974 1255 1004 1307 et
1021 1249 1190 1325 proeiuu'is
1205 1246 1304 1309 iocum

78 1321 195 1384 habere
218 1323 304 1383 aeae
326 1341 440 1404 meque
462 1322 591 1388 Seuerus
613 1331 774 1408 rescripsit
795 1327 871 1400 (Lib.
893 1329 1005 1391 Xhllll.
1026 1328 1137 1408 bigast.
1159 1330 1233 1392 titul.
1249 1333 1301 1394 tt.

79 1405 155 1484 hag.
181 1409 232 1482 t.).
281 1405 393 1468 Eodem
415 1415 512 1470 autem
534 1408 643 1472 Severe
666 1411 828 1492 imperante
850 1413 931 1487 haec,
953 1413 996 1475 uti
1019 1431 1109 1494 supra
1131 1423 1302 1477 annotatum

78 1499 139 1562 est,
163 1490 362 1552 Tertullianus
383 1493 540 1554 scrihebat.

168 1576 249 1648 Quid
272 1591 352 1654 ergo,
376 1577 489 1657 inquiet
508 1577 625 1658 ahquis,
647 1580 787 1659 numquid
809 1587 879 1642 tune
899 1581 1053 1643 refrixerat
1067 1581 1302 1645 Christianorum

80 1659 216 1722 certast
257 1659 362 1721 Nonne
383 1661 542 1742 Apostolus
565 1663 601 1726 ad
617 1664 786 1726 Corinthius
809 1665 983 1744 scripserat:
1007 1667 1052 1728 De
1074 1667 1204 1730 collectis
1226 1683 1303 1750 quae

77 1747 164 1827 fiunt
184 1750 219 1809 iu
239 1755 377 1818 sanctos,
400 1753 480 1811 sieut
501 1748 643 1811 erdieeoi
662 1749 802 1812 Ecclesiie
826 1751 978 1824 Galatiae,
1007 1756 1051 1813 ite
1072 1761 1100 1814 et
1121 1769 1176 1814 ees
1198 1755 1301 1833 saeite.

80 1831 144 1893 Per
165 1850 259 1893 uaam
281 1831 399 1895 sabboti
424 1837 629 1914 sanusquisque
657 1844 791 1897 uestrum
819 1847 946 1916 seponat
981 1838 1145 1899 reaoudeas
1175 1829 1256 1922 qued
1276 1841 1307 1900 ei

79 1916 347 1996 beneplacuerit,
369 1928 405 1978 ut
425 1935 496 1988 aaa,
519 1935 586 1980 aum
607 1935 729 1992 neuere,
752 1931 824 1981 tuuc
846 1919 985 1982 collectae
1005 1919 1085 2002 fleat
1098 1919 1191 1994 (Paul.
1206 1920 1302 2002 Epist.

78 2002 102 2063 l.
126 2002 164 2062 ad
188 1999 319 2062 Corinth.
342 2017 405 2081 cap.
429 1999 501 2062 xvl.
524 2019 551 2062 r.
577 2007 591 2066 1
617 2013 647 2064 et
667 2007 722 2080 2.).
765 2003 865 2083 Neque
888 2004 929 2066 ihi
955 2004 1004 2066 ille
1026 2013 1153 2078 tantum,
1187 2005 1242 2068 aed
1267 2011 1302 2069 ia

79 2091 199 2149 cunetis
219 2103 296 2166 paee
317 2087 451 2166 epistolis
475 2091 548 2157 suis,
571 2088 611 2149 eit
632 2089 838 2167 Hieronymus,
867 2087 1002 2170 loquitur
1024 2100 1054 2152 et
1072 2093 1223 2172 proecepit
1242 2089 1303 2152 de-

80 2173 181 2234 elesiis
204 2175 337 2250 pentima
355 2189 414 2251 per
434 2187 526 2232 uuam
546 2173 671 2246 sabboti,
695 2174 749 2236 liae
764 2183 810 2235 est
824 2175 869 2236 die
884 2175 1029 2236 dammim
1045 2193 1145 2237 omues
1161 2176 1303 2254 conferre

82 2260 198 2327 debere,
221 2254 553 2337 quaeliiereselpmam
567 2263 597 2318 ia
613 2269 789 2320 sauctorum
802 2258 915 2321 solede
930 2261 1106 2339 diriperetur
1119 2257 1301 2339 (hieronym.

84 2343 131 2403 lib.
153 2342 272 2403 advers.
294 2339 426 2418 Vigilant.
448 2358 514 2420 pag.
529 2344 626 2418 iffi).
668 2343 761 2404 lussit
782 2361 851 2422 ergo
873 2343 1033 2422 Apostolus
1055 2343 1143 2406 hasce
1164 2343 1301 2406 collemas

88 2427 207 2506 singulis
231 2423 387 2486 dominicis
410 2425 474 2486 fieri
501 2445 535 2488 ac
562 2427 716 2505 pecuniam
739 2428 815 2506 apud
838 2427 951 2506 aliquos
973 2429 1091 2507 deponi,
1114 2429 1209 2490 donec
1229 2445 1300 2508 ege-

92 2512 134 2572 nis
154 2511 278 2589 ahisque
300 2509 427 2594 misens
440 2518 470 2570 et
490 2509 689 2591 indigentibus
711 2512 885 2574 mitteretur.
928 2512 1048 2574 Litteris
1070 2531 1186 2592 quoque
1207 2512 1300 2575 lusti-

93 2613 145 2655 nus
164 2597 272 2674 liertpr
293 2594 439 2655 mandevit
460 2595 538 2656 hunc
559 2613 673 2657 morem
694 2614 749 2658 suo
772 2605 906 2675 tempore
928 2606 1093 2670 serratum,
1123 2616 1157 2659 ao
1178 2597 1300 2678 singulis

93 2679 431 2778 quibusque'spnaxibus
453 2678 500 2780 die
523 2680 595 2742 solis
617 2680 679 2742 sire
701 2681 849 2786 deminico
871 2681 998 2786 enectis:
1030 2679 1063 2744 ol
1086 2675 1301 2782 εῇπορρῢντες

84 2761 1305 2953 itiijitlit‘..itteeiiiiieititzisatietatibus

81 2933 1302 3100 {attuit‘iliebitiaeattitulati-tt..altiheri

80 3106 198 3185 blartpr.
222 3102 345 3182 Apolog.
368 3102 391 3163 l.
414 3121 443 3162 n.
467 3106 517 3168 67.
539 3123 569 3184 p.
592 3105 633 3168 99
656 3111 743 3182 sqq).

167 3189 201 3250 Si
225 3207 295 3266 ergo
315 3186 485 3249 Tertulliani
508 3195 602 3249 aetate
623 3188 699 3249 hane
719 3187 825 3266 stipem
846 3195 996 3248 meushua
1018 3195 1127 3248 tantum
1149 3187 1196 3249 dia
1217 3203 1299 3249 eam-

79 3295 135 3354 que
158 3273 308 3335 modicam
330 3271 485 3333 Christiani
508 3272 684 3352 erogabant,
713 3291 811 3334 nonne
832 3272 950 3333 illorum
973 3272 1175 3334 misericordia
1197 3280 1226 3334 et
1248 3289 1298 3333 ca-

79 3361 162 3430 ritas,
186 3377 249 3419 nou
271 3375 384 3436 parum,
406 3357 448 3418 uti
471 3365 555 3420 antea
577 3357 788 3419 annotabamus
811 3359 904 3436 (supr.
927 3375 990 3437 cap.
1009 3360 1056 3420 te.
1079 3357 1140 3418 hut.
1164 3359 1216 3433 3.),
1239 3357 1298 3418 im-

80 3446 193 3506 minuta
217 3451 247 3504 et
268 3441 415 3502 debilitata
437 3440 524 3504 erat?
545 3441 645 3521 Neque
660 3442 840 3522 Cyprianus,¹
854 3441 894 3503 ibi
916 3441 1035 3502 anobis
1051 3441 1166 3510 citatus.
1189 3442 1218 3503 id
1233 3443 1299 3504 dis-

79 3529 217 3598 simulat,
251 3525 301 3605 qui
323 3527 359 3588 tle
381 3525 493 3587 duriori
520 3536 670 3588 matronae
699 3527 873 3589 christianae
899 3526 930 3587 in
952 3543 1098 3607 pauperes
1113 3535 1150 3616 ,et
1171 3525 1299 3589 miseros

80 3615 179 3675 auimo
195 3612 241 3672 sic
255 3611 461 3689 conqueritur:
484 3612 629 3692 Locuples
650 3623 681 3674 et
702 3615 782 3674 debes
807 3631 837 3674 es
851 3621 890 3678 et
912 3613 1091 3674 dominicum
1106 3611 1255 3673 celebrere
1271 3621 1300 3672 te

80 3701 188 3770 eredis,
213 3713 288 3779 qaae
311 3697 470 3758 turbauere
493 3702 613 3759 omer'eo
634 3715 698 3758 aaa
720 3699 855 3777 respicis,
885 3714 958 3776 quae
980 3701 1013 3758 ie
1035 3697 1213 3758 deaeiaieum
1234 3697 1301 3755 urae

81 3784 234 3864 sacrificia
250 3785 346 3856 uenis,
368 3799 443 3860 quae
454 3791 572 3860 portem
587 3781 622 3844 de
639 3781 800 3862 sacrificia,
825 3783 904 3861 qued
921 3797 1042 3860 pauper
1064 3779 1179 3849 obtulit,
1205 3781 1298 3838 sumis

80 3867 229 3947 (Caprian.
248 3865 337 3945 Oper.
353 3872 383 3925 et
397 3864 543 3926 Eleemes.
558 3883 623 3944 pag.
640 3867 735 3940 203.).
761 3865 869 3927 Verum
881 3864 998 3924 tametsi
1013 3863 1129 3943 quidam
1144 3871 1214 3922 tune
1228 3879 1298 3921 ara-

81 3933 165 4014 ritiee
180 3951 253 4012 vitio
269 3949 406 4028 correpti,
428 3950 536 4011 nullam
559 3969 592 4011 ea
614 3949 662 4011 die
683 3950 789 4028 stipem
811 3951 989 4022 conterrent,
1011 3946 1094 4008 multi
1107 3944 1297 4007 nihilominus

81 4037 164 4116 plura
186 4051 248 4097 nen
270 4034 365 4096 solum
386 4045 543 4096 menstrua
565 4036 624 4107 die,
652 4033 705 4095 sed
727 4033 803 4095 sieut
823 4032 864 4094 eit
884 4031 1096 4104 Tertullianus,
1126 4049 1192 4092 eum
1214 4031 1297 4092 role-

81 4121 162 4194 bant,
184 4119 364 4202 pauperibus
388 4119 589 4180 distribuenda
617 4117 822 4198 largiebantur.
866 4117 909 4179 lbi
932 4117 1081 4178 enimvero
1102 4115 1150 4176 ille
1172 4114 1299 4176 declarat

81 4213 191 4267 tenmm
213 4205 308 4267 luisse
330 4202 407 4264 illam
424 4203 657 4266 Christianorum
678 4201 889 4274 liberalitatem,
913 4209 944 4262 ut
965 4201 1110 4264 es'usmedi
1129 4200 1179 4261 vel
1197 4203 1298 4262 maei-

80 4309 145 4353 etue
169 4291 336 4352 dilectionis
359 4294 496 4370 operatio
517 4299 620 4350 uatem
641 4287 748 4348 nimiae
762 4283 955 4367 proculdubio
970 4283 1158 4364 pecuniarum
1174 4285 1297 4346 ethesiu-

82 4375 126 4436 nis
149 4377 236 4438 nohis
259 4379 367 4436 inuret
385 4391 477 4455 penes
500 4375 651 4454 quasdem,
674 4371 808 4434 videlieet
828 4369 950 4450 gentiles
973 4367 1155 4441 (Tertullian.
1174 4368 1295 4449 upotog.

82 4477 113 4520 aa
136 4507 144 4520 .
170 4462 242 4524 39..

113 4477 133 4538 p
168 4468 281 4618 Quinta
305 4550 402 4606 autem
425 4549 506 4604 esset
533 4541 581 4602 illa
603 4541 836 4604 Christianorum
858 4537 971 4618 largitio
994 4555 1028 4597 ec
1048 4537 1238 4603 beneficentia
1259 4555 1310 4599 exv

84 4629 331 4711 subsequentibus
354 4629 450 4691 adhue
469 4643 612 4708 agnosces
634 4623 804 4689 Tertulliani
824 4623 932 4710 verbis,
960 4621 1065 4702 quibus
1087 4630 1188 4703 aperte
1210 4639 1310 4685 esse-1
