3144 5236
261 325 322 388 170
356 339 550 384 nrsssarsmo
566 339 596 382 m
612 339 660 390 au.
677 338 761 382 serr.
776 339 862 384 anau.
879 337 1075 382 acarnanum
1088 336 1316 381 motocsrreuu
1331 338 1418 380 cerr.

261 490 490 570 praedictiones,
513 507 587 568 quae
610 487 646 550 ab
660 489 789 550 lucrare
809 495 914 550 nostra
931 493 959 550 et
972 487 1137 560 Lactantio,
1159 487 1238 550 utin
1254 487 1402 566 superiori
1416 487 1486 550 dis-

260 575 422 638 sertatione
444 572 645 647 ostendimus,
674 580 809 634 accurate
830 574 998 634 reseruntur
1018 573 1118 646 (loire.
1141 590 1205 651 cap.
1227 573 1257 636 9.
1280 580 1334 632 art.
1357 575 1387 636 2.
1410 572 1487 632 liis-

261 667 364 722 sertat
391 659 422 720 in
449 657 581 719 Laetam.
610 676 673 736 esp.
701 659 732 722 8.
761 664 815 718 art
848 660 875 719 1.
899 665 929 718 ct
950 659 1003 732 2).
1053 658 1163 718 Verum
1190 655 1255 734 ipse
1283 656 1487 720 Tertullianus

261 752 367 806 noster
389 742 548 805 arbitratus
571 750 628 815 cst,
650 760 706 804 nae
726 741 790 803 iure
812 741 929 818 qaudam
951 741 1111 813 immerita,
1134 759 1167 802 ea
1183 759 1257 819 quae
1271 757 1351 801 nune
1364 759 1485 802 mema-

262 838 316 902 rat,
346 828 382 890 ad
402 827 583 906 probandam
606 845 708 887 sacrm
730 825 899 904 Scripturae
921 824 1102 886 divinitatem
1123 823 1168 886 sie
1188 825 1335 898 sufficere,
1364 833 1396 887 ut
1417 825 1485 888 aliis

262 931 338 993 opus
359 929 420 974 non
443 919 600 973 essetnec
620 909 762 988 exemplis
785 929 840 971 nea
861 909 1098 987 probationibus.

345 997 446 1074 Neque
469 995 557 1056 obiici
579 1002 695 1074 poterat
722 994 786 1055 illas
809 1014 826 1054 a
848 992 1023 1055 Christianis
1059 993 1230 1065 occultatas,
1262 1011 1317 1054 nec
1345 994 1484 1056 ethnicos

261 1081 400 1144 babuisse
429 1079 548 1140 easdem
577 1079 694 1157 legendi
723 1086 753 1138 ct
782 1077 966 1139 examinandi
998 1077 1174 1140 facultatem.
1227 1077 1368 1149 Quamvis
1403 1079 1485 1140 enim

260 1183 393 1228 summae
415 1163 590 1224 Christianis
610 1162 747 1242 religioni
768 1163 856 1224 luerit
877 1180 960 1224 sacra
983 1179 1036 1224 sua
1057 1161 1197 1241 mysteria
1218 1161 1292 1223 alias
1313 1181 1431 1236 omnes,
1455 1171 1486 1224 et

261 1250 341 1330 ipsas
364 1248 452 1310 etiam
474 1247 700 1310 catechumenos
722 1247 832 1320 celare,
855 1246 968 1308 divinae
990 1253 1088 1308 tamen
1110 1246 1278 1326 scripturae
1304 1246 1398 1308 libros
1427 1266 1486 1308 nee

261 1332 481 1396 abscondebant
507 1351 563 1393 nec
589 1331 771 1393 abscondere
792 1339 938 1410 poterant.
969 1331 1170 1402 Quamobrem
1193 1330 1390 1392 Tertullianus
1413 1332 1485 1392 etb-

259 1419 359 1482 nieum
373 1417 524 1479 hominem
539 1416 584 1478 sic
597 1415 765 1494 compellat:
788 1416 907 1496 Inspice
921 1414 979 1476 liei
992 1434 1090 1493 eoem,
1114 1415 1233 1477 litteras
1249 1426 1384 1487 nostras,
1408 1435 1485 1496 puae

259 1501 353 1585 nepae
376 1505 436 1582 r'psi
456 1505 683 1582 supprimimus,
713 1511 741 1562 et
759 1500 899 1580 plerique
921 1517 1010 1561 casus
1033 1502 1073 1563 ad
1095 1509 1258 1562 eatraaeas
1281 1500 1485 1578 transferunt

259 1586 444 1664 (Tertullian.
466 1586 590 1664 apolog.
613 1603 676 1665 cap.
700 1587 775 1662 31.).
818 1585 924 1646 Nonne
950 1591 1047 1646 autem
1074 1584 1120 1646 bis
1147 1583 1245 1644 verbis
1274 1584 1395 1646 litteras
1424 1603 1486 1648 ssa-

142 1724 146 1732 ,
261 1683 346 1734 strae
362 1689 466 1732 amnes
481 1669 642 1749 generatim
658 1669 793 1748 designat
806 1669 899 1730 libros
915 1687 975 1732 aon
990 1667 1089 1730 solum
1109 1667 1208 1747 prisci,
1232 1668 1286 1730 sod
1307 1668 1377 1730 nori
1393 1668 1484 1730 etiam

259 1753 454 1826 Testamenti,
482 1754 563 1831 quad
583 1753 688 1814 alicubi
710 1753 948 1834 supplementum
969 1759 1081 1815 ceteris
1104 1757 1300 1816 instrumenti
1327 1753 1487 1832 appellarit

261 1838 396 1914 (Tertull.
419 1837 469 1899 lib.
492 1837 556 1898 adr.
572 1836 711 1916 Hermog.
735 1857 798 1917 cap.
821 1841 896 1914 ib).
927 1837 1086 1900 Christiani
1108 1837 1205 1916 itaque
1226 1855 1288 1898 non
1309 1837 1484 1916 supprime-

259 1923 331 1984 bant
351 1922 441 1984 basae
462 1939 562 1982 sacras
584 1920 711 1994 litteras,
752 1931 782 1983 et
802 1921 933 2000 quamvis
961 1921 1026 1984 illas
1055 1922 1200 1984 occultare
1228 1922 1410 1994 raluusent,
1445 1925 1486 1984 ad

261 2020 426 2071 ectraueas
449 2012 557 2078 umen,
579 2005 637 2066 hoc
658 2013 704 2066 est
725 2006 870 2080 ethnicos,
893 2005 981 2068 variis
1003 2005 1122 2070 casibus
1144 2005 1405 2088 transferebantur.

344 2092 500 2152 Praeterea
521 2089 588 2150 libri
611 2090 718 2151 veteris
740 2090 921 2152 Testamenti
943 2089 979 2151 ab
1002 2090 1068 2170 ipsa
1083 2089 1266 2170 Philadelphi
1288 2098 1421 2169 tempore
1444 2109 1483 2152 es

262 2176 398 2238 hebraica
420 2175 451 2234 in
473 2192 607 2253 graecam
628 2173 765 2252 linguam,
787 2174 831 2236 uti
854 2175 992 2249 diximus,
1015 2175 1148 2236 conversi
1171 2174 1202 2235 in
1229 2175 1390 2236 eansndem
1410 2167 1483 2238 eila·

259 2261 394 2322 nicarum
416 2266 560 2320 venerant
579 2276 685 2320 manus
707 2267 898 2338 poterantque
921 2277 971 2320 eas
991 2260 1090 2338 legere
1118 2267 1148 2320 et
1168 2277 1345 2338 agnoscere,
1377 2267 1484 2322 utrum

260 2345 392 2408 amnium
420 2343 538 2404 illorum
565 2342 700 2404 viderent
727 2345 881 2416 effaetum,
914 2363 988 2422 quae
1009 2344 1040 2404 in
1064 2344 1107 2404 eis
1129 2343 1331 2422 praenuntiata
1353 2346 1483 2406 merant

259 2431 296 2491 m
325 2427 440 2490 tametsi
468 2426 592 2505 gentiles
623 2435 673 2487 aut
700 2427 813 2490 incuria
844 2436 894 2489 aut
919 2428 1081 2505 pervicacia
1105 2428 1161 2488 bos
1182 2447 1284 2490 sacros
1305 2429 1398 2491 libros
1421 2445 1485 2491 nan

259 2515 418 2592 legissent,
451 2511 644 2573 nihilominus
667 2511 825 2573 Christiani
853 2512 1095 2575 manifestissime
1123 2513 1366 2574 demonstrabant
1394 2533 1484 2576 veras

260 2599 353 2660 luisse
374 2595 607 2668 vaticinationes,
629 2614 703 2673 quas
725 2596 755 2656 in
778 2597 822 2656 eis
845 2596 933 2674 langa
956 2605 1042 2658 antea
1065 2605 1198 2676 tempore
1218 2598 1381 2676 praedictas
1397 2598 1484 2660 vide·

258 2701 335 2752 snus.
365 2680 495 2758 benique
515 2682 688 2760 prophetae,
711 2699 836 2759 quorum
859 2699 948 2744 voees
968 2681 1050 2743 hisee
1072 2682 1102 2743 in
1123 2681 1206 2743 libris
1222 2682 1387 2760 descriptae
1402 2693 1484 2756 sunt,

259 2767 401 2830 mirandis
422 2765 581 2826 virtutibus
604 2773 634 2825 et
654 2765 814 2837 miraculis,
837 2766 879 2826 uti
894 2783 984 2844 supra
999 2765 1185 2828 observatum
1202 2775 1257 2838 est,
1280 2785 1333 2828 sua
1348 2775 1379 2828 et
1392 2767 1497 2828 rerba

258 2861 289 2914 et
310 2853 484 2914 documenta
506 2849 697 2910 invictissime
720 2849 923 2912 stabiliverunt
948 2851 1275 2929 confirmaveramus.-
1320 2850 1484 2913 Tertullia-

258 2956 314 2999 nus
338 2937 435 3014 itaque
458 2951 494 2994 ex
514 2933 572 3006 bis,
595 2951 669 3012 quac
692 2933 722 2994 in
745 2933 803 2996 bac
824 2943 854 2994 et
875 2935 1023 3018 superiori
1045 2935 1175 2996 arnualis
1197 2935 1274 2996 dieta
1297 2944 1376 3008 sunt,
1400 2947 1485 2998 reete

258 3021 406 3083 concludit
427 3018 555 3080 divinam
579 3037 646 3080 esse
668 3036 818 3080 sacrarum
839 3026 1008 3081 nostrarum
1024 3020 1242 3098 Scripturarum
1264 3021 1483 3093 auctoritatem,

258 3125 331 3185 quas
359 3105 468 3166 idcirco
492 3102 604 3164 divinas
632 3102 744 3165 litteras
773 3122 808 3164 ac
829 3111 944 3164 sanatas
966 3121 1054 3164 voees
1076 3104 1204 3182 appellat
1226 3104 1390 3185 (Apologet
1414 3123 1482 3184 cap.

258 3191 334 3263 39.),
356 3195 387 3248 et
399 3180 515 3247 'asserit
537 3204 575 3247 ee
595 3187 654 3264 fide
676 3197 706 3248 et
727 3192 905 3268 aaupuitate
925 3187 1029 3249 barum
1050 3190 1224 3250 diurnorum
1237 3189 1414 3252 litterarum
1427 3209 1484 3252 re·

257 3272 374 3332 ritatem
402 3277 523 3330 nostrae
549 3268 701 3348 religionis
731 3272 854 3349 eiusque
882 3271 1128 3333 documentorum
1156 3272 1322 3334 certissime
1350 3275 1480 3336 damon-

257 3355 346 3416 strari
369 3353 455 3428 (lbid.
478 3371 540 3431 cap.
557 3355 632 3428 ib).
664 3354 747 3426 Quae
769 3363 866 3417 autem
888 3356 924 3417 ab
946 3356 996 3417 illo
1018 3357 1049 3418 in
1070 3356 1129 3429 bis,
1151 3375 1227 3436 quos
1248 3375 1320 3436 prae
1341 3357 1483 3422 manibus

255 3439 400 3500 babemus
428 3435 512 3532 libris
540 3436 648 3498 hadita
675 3447 706 3500 et
732 3448 845 3501 asserta
872 3440 941 3513 sint,
970 3459 1050 3502 nunc
1070 3441 1226 3520 diligenter
1248 3441 1425 3522 investigare
1447 3463 1484 3505 ae

255 3529 436 3604 perscrutari
457 3537 609 3581 conemur.
926 3539 929 3545 ·

761 3691 882 3754 CAPUT
904 3693 965 3756 Vll.

255 3813 289 3867 lie
307 3813 356 3864 Dea
376 3811 508 3877 divinisque
526 3811 578 3861 eius
598 3811 786 3874 perfectionibus
805 3819 829 3861 et
846 3809 974 3872 attributis,
999 3827 1028 3861 ee
1046 3819 1104 3876 quot
1122 3813 1234 3876 qualesve
1253 3813 1377 3875 gentilium
1396 3813 1482 3879 philo-

566 3879 700 3943 sophorum
718 3880 748 3929 de
766 3877 808 3928 illo
827 3879 992 3929 dissensiones
1010 3887 1034 3929 et
1050 3893 1155 3931 erraras.

791 3989 943 4000 ——t—-a

759 4063 927 4115 tnrrcutus
949 4063 968 4115 l.

251 4147 392 4192 lissmiaotur
410 4151 523 4208 sextuplss
540 4159 701 4207 argumentum,
725 4162 770 4206 quo
788 4151 938 4194 Tertullianus
956 4151 1026 4194 Deum
1045 4151 1139 4194 adstare
1157 4151 1302 4204 demonstrat,
1319 4151 1425 4195 videlieet
1444 4165 1481 4196 ss·

252 4225 341 4259 ararum
358 4215 520 4272 scripturarum
538 4219 677 4271 auctoritate,
701 4219 814 4274 gentilium
831 4218 1013 4274 pbilosophorum
1033 4229 1153 4270 consensu,
1172 4219 1288 4274 ipsiusmet
1304 4217 1344 4262 itai
1362 4219 1479 4274 operibus,

285 4282 360 4327 intimo
378 4284 457 4328 maath
476 4287 586 4330 humanae
604 4298 673 4331 ssusu
692 4293 714 4330 st
731 4286 876 4338 conscientia,
899 4285 988 4330 latinius
1006 4286 1046 4330 bai
1062 4286 1236 4342 persuasionibus
1258 4297 1287 4330 se
1308 4287 1400 4342 psdslios
1417 4295 1439 4332 st

428 4353 518 4410 saepius
535 4354 627 4410 repetita
645 4355 778 4398 daemonum
796 4366 809 4398 a
827 4353 956 4398 christianis
975 4354 1125 4399 adiuratornrn
1143 4355 1304 4398 contorsione.-

247 4495 255 4510 .
337 4445 379 4508 Ea
407 4456 453 4510 est
480 4449 655 4514 christianae
683 4451 834 4532 religionis
864 4450 1022 4531 perfectio,
1053 4461 1086 4514 ut
1111 4452 1147 4513 sd
1169 4451 1250 4513 illius
1271 4450 1426 4513 veritatem
1447 4461 1481 4514 et

250 4531 372 4594 alienam
387 4549 625 4614 quarumcunque
649 4536 806 4599 salsitatem
826 4536 1086 4598 demonstrandam
1101 4535 1173 4610 sola,
1190 4535 1316 4616 simplex
1328 4535 1479 4616 nudaque,
