3132 5238
373 437 377 442 ,
482 387 616 433 sucrona
638 387 742 433 rrcono
765 389 903 434 sturmo.
1257 375 1299 438 25

94 543 272 603 monemur·
291 542 323 601 ln
345 487 490 611 Ecclesia,
514 543 547 600 in
568 537 652 600 illurn
671 547 792 620 portent
814 537 1031 602 transierunt?
1076 539 1153 613 Quis
1175 533 1230 602 bo'c
1252 541 1299 604 di-

92 643 146 686 seas
167 643 230 686 aon
253 628 317 703 r'pse
337 623 397 686 st'bi
416 624 593 704 respondet,
621 642 715 703 morte
733 625 916 704 prodentes,
951 643 1044 704 neque
1063 623 1182 704 fideles,
1205 643 1299 704 neque

92 713 204 770 miratos
227 708 444 779 oestioaondos,
467 725 540 788 poor
563 708 702 769 haereses
721 711 880 787 potuerint
894 705 1079 772 immutare?
1104 708 1298 788 Qnidipitor,

91 797 112 852 a·
128 796 297 872 episeopus,
319 795 349 854 ai
369 792 523 862 diaconus,
546 795 576 853 si
588 792 696 866 uidua,
719 795 749 853 si
770 796 867 872 or'rpo,
890 797 920 856 si
932 793 1047 862 doctor,
1070 795 1099 853 si
1112 795 1199 854 edom
1212 811 1299 854 mor-

92 889 131 954 tyr
152 877 257 957 lapsus
279 894 299 937 n
320 875 428 955 rapula
448 877 560 956 suerit,
588 875 652 936 ideo
676 875 814 938 buereaes
837 880 994 940 ueritatem
1016 877 1198 938 uidebantur
1220 877 1299 938 obti-

91 959 171 1022 nere?
192 959 241 1021 lin
258 963 405 1040 personis
425 961 587 1040 proteruus
601 959 700 1039 fidem,
723 960 882 1040 oneofide
891 957 1081 1040 personam?
1102 959 1297 1034 (DePraescr.

91 1045 142 1105 adr.
162 1045 249 1106 llaer.
273 1063 300 1104 c.
323 1046 377 1120 3.).
420 1043 536 1121 Alioqui
564 1051 643 1104 certe
670 1061 732 1104 non
760 1053 806 1105 est
827 1043 986 1106 verisimile
1008 1043 1038 1104 in
1060 1052 1121 1105 tarn
1142 1043 1299 1106 absurdam

92 1127 212 1190 haeresin
234 1129 353 1208 lapsum
374 1127 411 1188 iri
425 1128 592 1200 Auctorem,
614 1127 672 1188 nisi
695 1147 731 1188 ex
752 1127 802 1189 tali
824 1128 959 1207 quapiam
974 1127 1141 1200 occasione,
1163 1128 1298 1190 fortassis

92 1213 163 1274 etiun
184 1231 219 1273 ex
241 1211 478 1292 frequentatione
499 1211 596 1291 ipsius
617 1211 771 1284 familiari,
796 1212 865 1274 dum
892 1211 1018 1274 subinde
1039 1211 1162 1272 Romam
1186 1212 1297 1272 inrise-

92 1305 141 1366 ret;
165 1315 231 1358 nam
252 1295 368 1358 Romae
389 1295 525 1357 Proetum
547 1295 694 1356 habitasse
715 1303 820 1374 postea
842 1296 1038 1368 deducemus,
1060 1295 1186 1356 marn'rne
1207 1313 1298 1375 quum

92 1389 162 1440 antea
174 1379 389 1459 blasphemiam
404 1379 519 1452 dixerit,
541 1379 733 1453 Paracletum,
756 1378 988 1459 quemchristus
1000 1379 1146 1458 promisit,
1168 1379 1297 1440 iablon-

93 1473 148 1524 tauo
167 1466 294 1544 primum
317 1463 500 1544 apparuisse,
522 1471 670 1526 ettamen
700 1463 730 1524 in
757 1463 951 1543 sequentibus
972 1461 1090 1541 scriptis
1110 1481 1172 1523 non
1192 1481 1298 1524 verea-

93 1555 131 1607 tur
157 1549 195 1610 illi
223 1567 337 1610 nomen
364 1547 506 1610 Paracleti
535 1550 704 1628 frequenter
730 1547 898 1608 adscribere
929 1548 985 1623 (ct.
1012 1547 1056 1608 De
1077 1546 1211 1608 Praescr.
1233 1546 1297 1608 adr.

94 1631 166 1694 llaer.
186 1652 210 1694 c
233 1635 311 1710 52).

164 1801 240 1862 buno
261 1799 386 1862 Domini
408 1798 515 1861 CCVII.
542 1797 680 1860 Nummio
701 1798 797 1860 Annio
818 1796 923 1860 Albino
946 1806 976 1860 et
1003 1796 1105 1858 Fulvio
1133 1797 1296 1858 Aemiliano

99 1901 163 1944 mss.
188 1887 215 1946 S.
236 1883 398 1964 Zephyrini
429 1901 522 1963 papae
542 1881 668 1944 Romani
690 1883 764 1944 v111.
796 1882 898 1944 Severi
921 1882 1005 1956 xlv,
1038 1881 1170 1960 plerique
1191 1901 1296 1961 passas

99 1968 207 2030 scibant
224 1969 407 2048 Perpetuam
429 1976 459 2028 et
478 1965 673 2039 Felicitatem,
706 1967 793 2046 idque
814 1965 893 2028 iuxta
914 1966 986 2028 Ven.
1007 1966 1117 2028 Bedam
1139 1966 1187 2027 die
1208 1965 1297 2028 natali

99 2045 191 2125 Serui,
209 2073 298 2132 quern
322 2052 474 2132 assigrtant
494 2051 699 2131 martyrologia
716 2050 843 2112 Usuardi
866 2058 896 2113 et
916 2050 1081 2112 Romanum
1102 2049 1196 2110 Nonis
1216 2050 1295 2111 llar-

98 2135 145 2208 tiis,
164 2136 215 2197 illis
234 2145 392 2216 praeterea
413 2135 635 2197 annumerantia
656 2135 843 2204 Rern-tum,
866 2135 1056 2197 Saturninum
1078 2142 1109 2196 et
1130 2133 1295 2196 Secundin-

98 2215 153 2292 lum,
172 2221 254 2282 simul
275 2239 386 2301 passos
401 2220 432 2280 in
445 2220 619 2282 Mauritania
631 2219 746 2281 civitate
756 2218 1055 2282 Tbuburbitanorum.
1088 2218 1184 2291 Quum
1199 2225 1297 2280 aulem

98 2301 239 2384 Perpetuos
252 2308 445 2387 fortissimae
458 2308 605 2382 martyris
627 2322 663 2364 eo
684 2302 761 2365 libro
782 2303 952 2364 meminerit
967 2303 1076 2364 nudor
1096 2302 1256 2376 (chnim.
1268 2321 1295 2364 c.

98 2389 157 2464 tt),
171 2397 283 2468 oportet
295 2407 358 2450 non
369 2397 438 2450 anto
449 2388 590 2467 scriptum
606 2387 697 2448 luisse
707 2385 815 2448 librum
826 2387 868 2448 lle
878 2387 998 2459 Anima,
1013 2405 1100 2466 quem
1111 2385 1231 2464 scripsit
1242 2385 1306 2456 ad-¹

98 2487 183 2533 sersus
194 2473 390 2552 philosophos
405 2481 435 2534 et
447 2471 621 2534 haereticos.
643 2471 677 2532 ln
691 2489 749 2550 quo
765 2471 852 2533 etiam
868 2470 969 2532 alludit
983 2470 1019 2533 ad
1034 2469 1142 2532 librum
1152 2469 1295 2530 llePara-

98 2552 158 2617 diso.
196 2557 290 2630 Quem
315 2556 488 2618 coniicimus
511 2553 710 2635 conscriptum
732 2555 824 2617 luisse
847 2555 1003 2618 occasione
1025 2573 1138 2626 corum,
1161 2573 1235 2633 quae
1250 2553 1295 2614 vi-

98 2637 165 2698 disse
189 2641 289 2704 scribit
309 2643 342 2703 S.
365 2641 540 2719 Perpetuam
568 2640 598 2702 in
619 2639 767 2718 paradiso.
810 2638 846 2699 Et
866 2658 937 2701 vero
959 2638 1001 2700 uti
1023 2639 1053 2699 in
1076 2639 1131 2700 bac
1151 2638 1295 2700 Christia-

98 2737 186 2784 nonmu
203 2744 256 2804 per
276 2725 406 2786 Africam
427 2742 544 2803 quoque
565 2724 772 2803 persecutione
793 2723 907 2784 animos
922 2722 1056 2783 fidelibus
1072 2723 1202 2792 adderet,
1223 2740 1296 2783 een-

98 2823 182 2869 senus
201 2810 305 2871 eodem
327 2827 423 2888 paene
444 2817 576 2887 tempore
597 2808 737 2887 scriptum
759 2807 866 2868 librum
881 2807 923 2868 De
934 2807 993 2885 Spe
1007 2805 1162 2866 Fidelinm.
1193 2807 1296 2876 Quan-

98 2905 168 2966 quam
198 2893 313 2955 interim
346 2892 533 2954 verissimum
567 2891 782 2970 comperiamus
814 2889 885 2951 illud
910 2888 1072 2969 proverbii,
1105 2888 1183 2965 quod
1212 2905 1298 2948 error

99 2991 160 3036 unus
187 2977 271 3039 aliurn
303 2977 418 3048 trahat,
450 2984 552 3055 utpote
573 2993 664 3054 quum
691 2974 861 3053 paradoxon
887 2973 929 3034 sit
955 2972 1108 3048 utriusque
1129 2970 1196 3032 libri
1218 2970 1297 3032 illius

99 3071 276 3136 argumentum
298 3070 332 3122 et
352 3061 431 3122 baud
451 3078 558 3139 paucas
579 3066 731 3138 praeterea
753 3056 886 3135 reperire
909 3057 948 3117 sit
969 3053 1126 3133 opiniones
1150 3073 1211 3115 non
1225 3053 1297 3116 satis

100 3159 171 3204 naas
190 3146 218 3206 in
238 3145 318 3208 dicto
340 3145 417 3206 libro
438 3143 481 3206 De
494 3143 610 3216 Anima,
633 3141 670 3203 de
691 3141 798 3220 quibus
821 3141 898 3202 inter
912 3138 1061 3200 Paradora
1074 3139 1209 3200 nonoris
1230 3157 1298 3202 oum

101 3223 215 3290 buddoto
235 3230 335 3292 latius.
379 3227 443 3290 lloe
462 3246 554 3290 unum
575 3227 625 3289 bic
650 3226 802 3299 addimus,
833 3224 974 3303 scripturn
1002 3221 1083 3284 illurn
1115 3223 1223 3285 librum
1254 3222 1298 3284 lle

103 3307 431 3386 consentaneae,
463 3313 510 3372 vel
541 3311 606 3391 ipse
636 3318 729 3384 teste,
761 3309 812 3388 qui
840 3309 913 3370 adeo
935 3309 1024 3370 etiam
1053 3312 1298 3371 commentorium

103 3397 198 3458 onnes
215 3405 375 3476 nuncupat,
405 3403 507 3475 utpote
529 3395 559 3456 in
581 3413 639 3475 quo
660 3401 800 3456 tractetur
819 3392 960 3472 quidquid
981 3391 1051 3454 olim
1073 3410 1090 3453 a
1111 3391 1297 3471 pbilosophis

102 3485 127 3536 et
143 3477 173 3538 ab
190 3481 345 3544 haereticis
367 3481 403 3541 de
426 3481 521 3542 anima
544 3487 697 3542 tractatum
719 3479 788 3550 luit,
817 3485 851 3538 ut
876 3495 973 3556 neque
994 3476 1298 3556 philosophiamque
1392 3527 1400 3540 .

100 3557 224 3726 mepta
247 3567 305 3628 alio
332 3564 423 3627 bodie
447 3562 657 3627 commentario
682 3563 721 3625 sit
745 3580 822 3642 opus
850 3561 906 3637 (Cf.
928 3561 971 3622 De
992 3561 1111 3623 Resurr.
1133 3561 1219 3621 (iarn.
1242 3561 1297 3622 αἳ

168 3815 247 3878 Anno
267 3817 387 3880 Domini
409 3815 529 3878 nnvtn.
573 3816 604 3877 S.
626 3814 781 3894 Zephyrini
804 3813 927 3876 Romani
948 3811 1097 3892 pontificis
1117 3809 1168 3870 IX.
1195 3806 1321 3870 Severi·

102 3891 179 3973 imper
198 3900 254 3962 XV.
281 3903 319 3964 Μ.
347 3901 446 3964 Flavio
479 3901 517 3961 bt.
539 3899 571 3960 F.
593 3900 630 3960 bt.
653 3899 688 3960 N.
710 3898 780 3960 Afro
812 3905 842 3958 cl
870 3897 906 3970 Q.
927 3896 1001 3957 allio
1030 3892 1122 3954 Fabio
1155 3889 1298 3952 Catullino

102 3973 207 4046 'nimo
233 4005 310 4049 coss.
340 3985 482 4064 scripnrrn
510 3983 604 4045 luisse
632 4001 648 4044 a
671 3982 850 4044 Tertulliano
872 3982 979 4042 librum
1001 3977 1129 4056 primum
1149 3974 1298 4036 Adversus

103 4057 257 4130 &monem
284 4089 321 4132 er
351 4069 434 4131 bisce
460 4067 561 4130 verbis
591 4075 720 4129 constat:
757 4071 796 4129 at
816 4084 898 4127 nunc
919 4062 1007 4146 puolo
1028 4072 1073 4122 est
1093 4071 1129 4122 ut
1150 4059 1298 4122 Dmninus
1364 4117 1366 4128 ,

104 4159 170 4209 “m
188 4151 253 4216 ΧΗ.
279 4154 391 4217 liberii
412 4154 549 4216 Caesaris
570 4151 723 4213 revolutos
745 4155 793 4221 sit,
824 4151 994 4212 substantio
1014 4162 1087 4207 uero
1109 4145 1148 4206 od
1163 4143 1222 4205 XV.
1238 4148 1300 4206 iota

105 4225 193 4295 Severi
214 4241 410 4320 imperatoris
436 4255 551 4300 uanum
571 4235 659 4297 nollo
680 4245 833 4315 comperto
854 4231 918 4295 siti)
949 4230 1142 4304 (tranare
1165 4228 1198 4301 1.,
1224 4231 1297 4302 tu).

102 4311 178 4392 ditus
201 4321 273 4382 adeo
302 4323 360 4384 boe
387 4329 520 4401 tempore
548 4319 636 4382 simul
660 4318 755 4379 editos
776 4318 867 4380 luisse
889 4322 1007 4394 oportet
1026 4313 1119 4374 libros
1140 4313 1182 4374 lle
1205 4311 1299 4372 Carne

102 4393 193 4464 Christi
213 4405 353 4468 adversus
369 4405 414 4466 tv.
431 4402 580 4478 haereses,
602 4403 638 4464 de
654 4401 881 4464 Restureotione
895 4396 998 4460 Carnis
1013 4406 1043 4459 et
1056 4398 1203 4458 Adversus
1218 4395 1296 4456 blar-
1397 4449 1400 4456 .

102 4479 200 4576 ‘illim
220 4489 358 4584 quinque,
379 4497 481 4578 utpote
502 4489 607 4584 eodem
629 4485 760 4580 scriptos·
777 4494 920 4578 tempore.
948 4481 1022 4544 Nam
1037 4482 1113 4543 sieut
1128 4479 1214 4540 eb'am
1229 4477 1297 4538 alibi

101 4559 220 4644 brimus,
234 4573 309 4636 lrbro
323 4575 361 4636 de
371 4573 465 4635 Came
477 4571 584 4634 Christe
599 4573 674 4650 (cap.
684 4573 725 4648 l.)
736 4575 842 4631 crtatm
850 4566 926 4628 bber
936 4575 1057 4646 quartus
1066 4565 1208 4627 adversus
1217 4562 1297 4648 llar7
