3132 5238
214 329 233 390 8
541 307 588 396 οὐ.
611 343 695 386 seer.
718 343 803 386 suun.
827 343 1021 386 ranrunmaur
1042 345 1115 386 vrri

213 497 434 560 constituuntur
456 493 559 558 Llllll.
581 493 684 556 acuis
708 492 894 566 Tertulliani,
916 512 933 554 a
955 511 1013 571 quo
1036 511 1114 554 annu
1137 494 1235 572 (quem
1259 493 1434 558 climacteri-

213 599 280 644 uum
292 588 400 642 vocant
413 579 531 656 medici)
552 578 700 656 decrepita
721 585 812 650 aetas,
833 577 972 656 adquam
984 596 1083 656 usque
1097 577 1178 650 vixit,
1202 579 1331 640 exordiri
1346 580 1432 642 solet.

213 667 271 728 Pro
294 683 353 744 quo
375 664 444 726 lacit
464 661 543 742 quod
556 663 590 723 B.
604 662 801 742 Hieronymus
824 669 854 722 et
871 661 1056 740 Nicephorus
1077 668 1147 740 post
1168 663 1295 724 mediam
1309 673 1434 726 aetatem

216 751 247 812 in
269 747 405 812 haeresin
434 747 564 809 Montani
585 746 699 826 lapsum
722 745 870 818 scribunt,
899 763 1006 824 nempe
1028 754 1128 808 nostra
1150 746 1267 826 quidem
1289 749 1437 810 sententia
1514 775 1516 783 ¹

214 836 291 896 circa
312 851 421 895 annum
442 831 545 892 aetatis
568 831 631 897 eius
647 830 921 910 quinquagesimum
935 830 1063 903 tertium,
1085 849 1163 891 anno
1180 831 1280 892 Severi
1296 831 1357 894 XV.
1372 841 1434 894 tolo

214 927 282 980 ante
311 915 423 979 obitum
451 915 604 976 decennio.
647 916 756 978 Vemm
783 915 820 976 de
846 914 894 976 his
923 914 990 994 plus
1012 914 1094 976 satis.
1138 914 1199 976 lam
1220 915 1258 978 ad
1278 915 1435 978 historiam

214 1020 369 1082 pergarnus
391 1017 537 1062 annorum
559 999 679 1061 illomm
700 998 801 1060 XXIV.

298 1171 383 1232 Anno
406 1169 495 1249 igitur
516 1164 633 1230 Domini
656 1166 776 1230 CXCIV.
805 1167 838 1228 C.
862 1166 950 1229 Sosio
971 1166 1097 1229 Falcone
1126 1177 1156 1229 et
1178 1167 1209 1230 C.
1232 1168 1305 1229 lulio
1327 1168 1435 1232 Fruoto

214 1256 300 1317 Claro
322 1273 399 1316 coss.
423 1255 454 1314 S.
471 1254 598 1316 Victoris
615 1253 692 1315 lilius
714 1253 746 1313 F.
767 1251 829 1312 Arri
847 1251 973 1314 Romani
993 1252 1141 1331 pontilicis
1164 1271 1242 1314 anno
1265 1253 1340 1314 Vlll.
1362 1253 1435 1332 imp.

215 1341 298 1402 Caes.
310 1339 345 1400 l..
360 1337 651 1418 Septimontium
666 1335 713 1398 Pii
726 1335 888 1398 Pertinacis
901 1336 1025 1415 Augusti
1037 1353 1114 1398 anno
1129 1337 1225 1414 primo
1239 1337 1437 1400 Tertullianus

215 1425 310 1486 adhuc
330 1422 464 1484 ethnicus
487 1441 641 1483 causarum
662 1429 819 1500 patronum
840 1421 945 1498 agebat
967 1421 1157 1500 Carthagine3
1189 1421 1267 1498 quod
1295 1439 1435 1502 compro-

214 1508 300 1570 batur
322 1507 369 1568 his
391 1506 485 1585 ipsius
507 1506 617 1582 verbis,
640 1523 713 1584 quae
736 1505 790 1566 suh
802 1503 884 1566 Pallii
896 1523 1024 1584 persono
1045 1505 1082 1566 de
1095 1525 1129 1566 se
1144 1505 1264 1583 scripsit
1277 1506 1335 1568 iam
1347 1506 1436 1568 Chri·

215 1592 329 1653 stianus
351 1592 457 1650 lactus:
481 1589 553 1668 Fpo,
576 1589 679 1667 lnquit,
701 1589 780 1650 ua'bil
794 1591 876 1666 foro,
899 1589 976 1650 nibil
992 1607 1103 1669 cumpo,
1126 1589 1203 1650 nibil
1219 1595 1320 1652 curiae
1335 1592 1436 1668 debeo,

216 1675 294 1737 nibil
309 1674 410 1752 officio
426 1673 566 1752 udor‘pilo,
588 1671 675 1733 orella
691 1682 797 1734 rostra
810 1689 1008 1752 praeoccupo,
1024 1673 1112 1734 nulla
1123 1679 1283 1754 praetoria
1298 1676 1436 1746 observo,
1535 1691 1541 1709 ¹

218 1757 366 1820 caucellos
382 1773 444 1818 uara
460 1757 565 1828 adoro,
582 1755 726 1816 subsellio
736 1773 799 1816 uon
811 1757 973 1818 coritarudo.
997 1756 1074 1818 lura
1085 1776 1147 1818 riou
1159 1759 1315 1830 conturbo,
1328 1777 1436 1821 causus

216 1861 278 1905 uon
301 1841 409 1902 clatra.
441 1839 513 1901 Plus
527 1850 611 1919 topoe
623 1839 738 1900 laesere
750 1840 963 1919 rempublicam
975 1859 1062 1919 priam
1075 1841 1334 1920 loricuatDpPall.
1350 1847 1436 1920 ab).
1481 1861 1484 1870 ¹

217 1927 303 1987 Certe
325 1924 473 1985 ethnicum
494 1943 527 1984 se
549 1923 641 1984 luisse
662 1923 727 2001 ipse
748 1924 864 1995 latetur,
886 1941 976 2001 agens
991 1925 1028 1984 de
1043 1924 1151 1985 iudicio
1174 1933 1305 1987 extremo
1327 1927 1385 1988 vitu
1406 1937 1438 1988 et

217 2011 285 2090 igne
305 2007 434 2070 aeternis
457 2015 486 2069 et
507 2007 699 2068 suscitatione
713 2007 934 2068 defunctorum:
957 2006 1047 2079 llaec,
1070 2007 1174 2086 inquit,
1198 2021 1295 2072 etuas
1311 2015 1436 2072 risimus

217 2095 389 2177 alr'quoudo,
411 2093 444 2154 ile
459 2097 568 2154 uestris
583 2093 709 2170 suimus.
726 2090 827 2166 Fiunt,
848 2110 912 2152 noa
926 2103 1098 2153 curuantur
1114 2093 1281 2154 Cirristioui
1299 2094 1435 2173 (Apolog.

217 2197 243 2240 c.
253 2180 325 2254 18.).
348 2177 430 2256 Apud
446 2177 603 2237 Auctorem
614 2194 683 2236 vero
695 2174 837 2253 quaedam
852 2175 889 2236 ad
903 2193 1013 2236 aunum
1028 2177 1106 2238 hunc
1120 2177 1294 2254 pertinentia
1304 2178 1437 2256 reperire

218 2269 274 2324 est.
304 2261 451 2340 Imprimis
472 2260 510 2321 de
532 2259 619 2320 caede
641 2259 746 2338 imper.
767 2259 800 2318 P.
816 2259 910 2320 Helvii
931 2260 964 2320 P.
980 2260 1012 2320 F.
1028 2260 1189 2322 Pertinacis
1213 2262 1301 2322 occisi
1323 2263 1357 2322 V.
1372 2261 1436 2324 Kal.

216 2345 307 2428 April.
329 2345 401 2406 illud
422 2343 620 2423 Apologetioi:
662 2341 744 2404 Unde
765 2347 817 2424 qui
836 2345 975 2422 faucibus
998 2347 1201 2424 exprimendis
1220 2346 1438 2425 palaestricam

219 2428 384 2493 emeruerit?
431 2427 512 2492 Urede
535 2433 588 2509 qui
606 2431 720 2488 armati
736 2427 887 2508 palatium
908 2432 1094 2508 irrumpunt,
1120 2431 1256 2491 omuibus
1275 2431 1437 2510 Stepbuuia

218 2525 307 2595 utqrre
328 2513 500 2574 Portbeuiis
523 2509 725 2574 audaciores?
756 2511 800 2572 ue
821 2511 978 2582 Romanis,
1008 2518 1043 2573 ni
1062 2513 1169 2591 fallor.
1193 2513 1289 2592 (Apol.
1309 2533 1337 2575 a.
1360 2517 1437 2590 35.),

218 2605 323 2676 utpote·
341 2597 390 2675 qui
411 2597 442 2657 in
463 2595 576 2656 loribus
590 2595 690 2674 palatii
707 2594 743 2655 ab
766 2595 884 2656 armatis
899 2596 1093 2674 praetorianis
1109 2596 1250 2660 militibus
1264 2598 1437 2660 interiectus

219 2681 269 2754 sit,
291 2681 417 2742 lectione
438 2680 521 2742 Laeti
541 2679 681 2759 praelecti
702 2679 851 2757 praetorio
875 2679 1020 2752 eiusdem,
1044 2681 1127 2742 cuius
1146 2681 1233 2742 iussu
1256 2683 1437 2745 Commodus

220 2766 323 2845 imper.
346 2782 407 2825 non
430 2760 522 2826 multo
544 2773 611 2825 ante
633 2782 649 2824 a
671 2763 809 2824 Narcisso
832 2763 949 2836 athleta,
972 2783 1039 2825 cum
1060 2783 1118 2843 quo
1140 2765 1189 2827 illc
1206 2767 1320 2828 solebat
1334 2768 1365 2828 iu
1380 2785 1437 2846 pa-

219 2850 353 2911 laestrica
381 2848 529 2922 exerceri,
556 2847 753 2926 strangulatus
782 2849 886 2908 iuerat.
930 2848 1041 2909 Deinde
1068 2851 1104 2910 de
1126 2849 1230 2928 imper.
1253 2851 1337 2912 Caes.
1360 2852 1437 2913 Pes·
1551 2913 1552 2916 ,

219 2934 324 2996 counio
346 2933 446 3012 Nigro,
470 2933 519 3011 qui
542 2932 640 2992 occiso
663 2931 746 2993 iussu
769 2931 896 2993 Senatus
918 2933 1022 3011 imper.
1046 2934 1211 2995 Caesarii.
1234 2935 1319 2996 Didio
1342 2937 1380 2998 lt.
1403 2935 1438 2998 F.

220 3018 382 3080 Commodo
405 3017 514 3078 Severo
536 3016 650 3077 Iuliano
671 3015 803 3094 Augusto
835 3025 939 3077 arante
961 3017 1039 3078 diem
1060 3018 1205 3080 Kalendas
1227 3020 1316 3081 lllaias
1338 3021 1437 3099 impe-

219 3103 296 3163 rium
317 3102 474 3173 invaserat,
497 3099 567 3159 illud
590 3100 721 3160 eiusdem
743 3097 818 3160 loci:
842 3099 935 3160 Ploue
958 3107 1070 3162 coeteri
1089 3105 1211 3164 ordines
1223 3123 1283 3184 pro
1299 3110 1439 3168 auctori-

220 3195 282 3248 tate
303 3184 441 3263 relipiosi
461 3183 579 3261 aalide
600 3183 680 3242 nibil
701 3183 845 3244 boeticum
870 3181 1023 3264 (adversus
1046 3185 1214 3265 Caesarem)
1239 3189 1273 3254 de
1295 3193 1361 3268 ipso
1387 3207 1438 3250 se-

219 3279 305 3339 natu,
329 3267 363 3329 de
383 3270 488 3346 equite,
512 3267 546 3328 ale
570 3269 689 3337 castris,
712 3265 746 3327 de
764 3266 890 3347 palatiis
911 3271 985 3348 ipsis
1008 3273 1138 3349 spirant.
1186 3271 1268 3334 Urede
1292 3267 1440 3335 Caesie‘ct

221 3348 332 3432 Niprii'
376 3350 510 3423 Orrurum
538 3348 621 3427 prius
648 3350 685 3410 ad
705 3349 839 3411 Avidium
861 3351 996 3414 Cassium
1023 3354 1163 3430 relertur,
1193 3356 1243 3434 qui
1271 3375 1304 3416 ex
1327 3357 1439 3418 lamilia

221 3435 389 3500 Cassiorum
411 3433 443 3495 C.
465 3433 531 3495 Iulii
552 3433 637 3495 Caes.
665 3433 887 3496 interfectorum
915 3445 945 3497 et
970 3437 1120 3498 Antonino
1153 3439 1379 3502 Pi0.etb1arco
1402 3459 1440 3502 ac

220 3521 296 3582 Vero
309 3520 400 3598 impp.
412 3519 593 3598 principatus
605 3528 779 3598 extorquere
790 3527 911 3580 conatus
923 3521 987 3594 luit,
999 3521 1122 3582 alterum
1134 3523 1169 3584 ad
1184 3523 1267 3602 Nigri
1279 3525 1438 3602 conspira-

220 3604 331 3669 tionem
342 3603 628 3665 adversusSererum
639 3602 854 3684 imperatorem.
880 3603 1140 3668 lometsoleruur'a
1157 3608 1440 3686 eniseruntqmlia

220 3687 308 3754 etiam
328 3687 450 3749 Kalend.
472 3686 563 3748 Iuniis
586 3686 617 3747 in
638 3687 829 3766 augurationc
850 3705 925 3748 nora
947 3691 1059 3764 Severi,
1081 3691 1132 3768 qui
1153 3699 1237 3753 antea
1252 3691 1352 3753 ldibus
1367 3691 1448 3754 Maii.

220 3774 257 3836 ab
284 3773 413 3835 exercitu
439 3772 600 3849 imperator
627 3771 721 3832 dictus
747 3773 855 3846 luerat,
889 3772 1033 3834 celebrata
1061 3780 1141 3851 sunt)
1171 3774 1278 3836 ibidem
1306 3775 1337 3836 in
1365 3777 1442 3838 hoec

220 3857 308 3920 verba
322 3856 476 3918 describit:
502 3855 564 3916 Cur
584 3855 629 3915 die
652 3855 728 3916 lueto
752 3872 814 3917 uon
828 3856 943 3918 laureis
955 3869 1059 3937 poetes
1075 3858 1296 3930 obumbramus,
1319 3879 1372 3920 uec
1388 3861 1441 3923 lu-

221 3945 321 4004 cernis
343 3942 419 4002 diem
438 3937 661 4018 e'usriupimuai’
683 3947 713 3998 el
732 3939 819 4017 paulo
841 3951 924 4018 post:
953 3942 1041 4021 lpsoa
1068 3943 1218 4016 Quirites,
1248 3949 1345 4024 r'psam
1365 3963 1439 4005 oer-

222 4023 363 4087 uoculam
384 4035 495 4104 septem
517 4021 637 4085 collium
656 4022 772 4102 plebem
795 4029 955 4097 conoeuio,
979 4045 1020 4088 un
1041 4026 1136 4088 olr'aui
1150 4027 1276 4090 Caesari
1289 4039 1439 4108 surper-

222 4119 271 4174 eot
298 4105 353 4168 illo
381 4105 486 4185 linpuo
513 4103 673 4170 nomana?
718 4105 810 4170 Testis
839 4119 868 4170 et
898 4107 1024 4180 Tiberis,
1059 4122 1088 4172 et
1115 4111 1235 4186 ecbolue
1263 4113 1440 4176 bestiarum.

222 4192 288 4258 lom
315 4193 344 4252 si
365 4191 538 4270 pectoribus
567 4189 878 4254 orl-translucendum
899 4193 1049 4276 quandam
1069 4193 1259 4275 specularem
1279 4200 1443 4260 ameriam

222 4287 337 4340 uuturo
359 4274 548 4344 obduruisset,
572 4279 656 4336 curus
678 4294 741 4337 uon
761 4277 1305 4360 praecordiainsculptonppureraot
1319 4285 1443 4344 aceiae

222 4363 296 4425 uooi
316 4358 456 4424 Caesaris
479 4375 598 4418 scenam
618 4363 772 4438 conpiorio
788 4361 950 4422 diuidundo
965 4363 1167 4440 praesideatis
1179 4365 1334 4426 etr'amillu
1350 4363 1441 4438 bora,

223 4462 281 4526 pua
308 4442 491 4510 acclamaret:
524 4439 568 4502 De
594 4448 710 4506 nostru
739 4448 827 4505 aurcis
858 4443 914 4506 tibi
933 4444 1053 4524 Iupiter
1079 4458 1188 4526 aupcat
1207 4446 1331 4512 aanor?
1373 4447 1444 4510 Hoc

224 4527 301 4592 enim
324 4525 454 4589 indicant
475 4523 659 4588 llcrodianus
681 4527 731 4588 lib.
744 4527 780 4588 ll.
802 4527 1013 4590 inter‘metera
1035 4529 1170 4592 scribens
1192 4531 1300 4594 milites
1315 4540 1441 4610 praeto-
