3020 5230
261 370 324 434 ott
388 383 579 428 orssrsrtmo
594 381 632 424 na
647 379 731 424 vanu
745 379 784 422 rsr
796 378 858 420 asc.
873 377 981 422 rnnous
998 375 1114 420 crason
1131 377 1326 420 rsarueuum
1409 372 1412 374 ·

261 533 429 596 consonos
453 549 511 591 non
531 530 621 592 licere
642 529 731 603 dixit,
763 535 936 590 coronatum
964 526 1059 606 eapite
1087 525 1239 598 incedere:
1274 527 1488 588 vehementius

261 619 310 679 ille
332 616 458 696 scriptor
479 613 523 676 sic
543 613 688 694 loquitur:
711 613 818 674 eninde
832 614 995 672 sententiae
1010 609 1182 690 superclio,
1204 613 1304 670 nescio
1329 627 1373 672 nra
1401 611 1488 671 Cirr

263 706 475 771 otiosorum:
510 717 573 760 son
601 702 679 760 ssim
709 697 787 758 oliae
815 693 1007 757 etim'correm
1036 727 1074 738 -
1105 693 1188 771 quasi
1216 691 1264 753 ifle
1286 693 1380 754 miles
1407 695 1486 754 solus

263 786 370 845 iortcus
407 791 493 859 atquc
531 782 608 840 inter
641 786 686 838 tot
715 781 822 841 iratres
850 775 1067 838 commilitones
1102 777 1186 838 solus
1215 775 1425 838 Christianum
1460 798 1487 837 se

261 865 378 946 publice
406 865 451 924 sic
476 863 603 942 prodere
622 871 736 926 temore
758 872 845 939 atque
874 869 1047 937 arroganter
1067 859 1204 921 volucrit.
1247 859 1361 931 Pione,
1399 861 1486 924 addit

262 959 410 1030 superest,
433 958 469 1008 ut
490 952 578 1010 eticm
599 951 750 1024 mortprio
771 963 914 1006 recusare
934 946 1116 1008 meditentur
1138 947 1191 1023 poi
1199 943 1384 1023 prophetice
1410 951 1486 1004 eiss-

263 1035 327 1095 derre
348 1031 483 1112 Spiritus
506 1030 611 1092 Sancti
630 1038 825 1110 respuerunt.
869 1027 923 1088 Hic
944 1027 1094 1089 Romanos
1124 1027 1202 1087 haud
1230 1025 1323 1086 dubie
1354 1027 1485 1088 vellicat:

262 1117 293 1178 in
315 1133 391 1194 quos
414 1114 534 1176 utillud
555 1113 626 1175 dicit
647 1115 757 1192 capti.
780 1111 856 1182 line,
878 1114 930 1174 sed
953 1122 980 1173 et
1003 1111 1070 1173 lneie
1090 1115 1237 1172 materiae
1253 1121 1396 1188 propter
1420 1131 1484 1170 sae

262 1201 394 1261 oiludios
420 1208 544 1261 nostros
572 1215 680 1276 praeeo
708 1214 822 1276 propere
849 1195 921 1256 stilo
943 1197 1155 1274 satisfecimus.
1198 1192 1296 1254 Inruit
1319 1193 1405 1254 istos
1430 1194 1484 1253 lio

262 1301 366 1346 menos
388 1281 446 1344 isto
468 1289 603 1359 tompore
624 1297 729 1357 graeco
752 1297 889 1340 sermone
911 1278 1067 1356 praecipue
1088 1295 1162 1338 usos
1185 1277 1296 1346 luisse:
1321 1276 1400 1338 hinc
1417 1290 1484 1338 sert

262 1385 345 1436 soce,
367 1376 502 1435 nostros,
525 1364 545 1424 i.
568 1383 594 1424 e.
617 1364 706 1424 latine
727 1362 881 1440 loquentes
903 1362 933 1424 in
955 1362 1052 1424 Africa
1072 1361 1236 1441 distingunt
1267 1361 1318 1421 Sic
1341 1361 1482 1422 adrensis

261 1450 347 1511 Pras.
370 1467 433 1528 sap.
456 1453 486 1510 5.
509 1447 627 1508 scribit:
657 1447 767 1508 croces
786 1441 882 1526 λόγον
905 1447 1024 1519 ἀεέιιηις
1054 1464 1111 1526 pato
1134 1443 1280 1508 coccinio
1303 1449 1403 1505 etiuass
1426 1465 1482 1506 ser·

260 1551 378 1594 monem
403 1531 591 1610 appellemus
618 1533 687 1604 (nos
707 1529 828 1604 Latini).
873 1527 999 1609 Ideoque
1021 1533 1080 1590 ium
1102 1534 1134 1590 irs
1154 1547 1213 1590 osu
1234 1539 1280 1590 est
1301 1539 1483 1590 nomem

260 1635 320 1698 per
341 1616 561 1694 coepiscorum
581 1616 868 1692 interpretationisr
897 1617 1016 1692 (nempe
1037 1613 1154 1686 leonae,
1176 1629 1232 1690 qua
1255 1611 1426 1672 utebantur
1445 1613 1481 1672 la·

262 1700 316 1760 tini
343 1699 384 1759 illi
407 1697 587 1772 Christiani)
615 1715 782 1758 sermonem
804 1697 902 1757 dicere
922 1700 954 1757 in
973 1698 1143 1776 primordio
1171 1697 1254 1776 apud
1276 1696 1369 1757 deum
1392 1698 1480 1774 [uisse

263 1785 398 1856 (loliano.
421 1782 444 1842 Ι.
469 1786 520 1856 1.).
564 1783 658 1858 Atque
680 1779 764 1840 initio
786 1778 853 1839 libri
876 1779 922 1839 lV.
945 1781 1087 1840 adversus
1109 1779 1306 1840 Marcionem:
1343 1779 1478 1840 acrem.

262 1867 375 1941 (deum)
403 1865 531 1928 alterius
561 1868 759 1926 r'nstrresnenti
783 1858 979 1948 (διαθήκης).
1008 1863 1057 1925 cel
1084 1863 1163 1944 pstod
1189 1866 1283 1938 mopis
1313 1869 1393 1924 usui
1414 1863 1470 1934 (sol

263 1949 475 2023 ecclesiastico)
497 1958 542 2009 est
564 1949 669 2016 dicere,
694 1951 872 2010 testamenti.
917 1947 959 2007 lta
981 1955 1012 2008 ct
1032 1945 1063 2006 iu
1085 1945 1161 2006 libro
1190 1944 1227 2005 de
1247 1945 1441 2022 Monogamia
1459 1967 1477 2002 r.

264 2038 334 2096 11.:
372 2036 501 2098 suemus
520 2031 613 2110 plone
634 2049 696 2092 non
717 2035 760 2091 sic
782 2048 848 2090 esse
869 2033 902 2090 is
928 2029 1246 2108 praeconsumptum,
1280 2033 1477 2109 quomodor's

263 2135 352 2178 escum
375 2119 457 2184 eatis,
480 2113 544 2172 scil.
567 2113 597 2171 in
619 2113 706 2172 latina
728 2087 931 2174 trinslatione.
1013 2153 1016 2160 -

349 2198 507 2273 Utriusque
528 2213 600 2255 aero
622 2181 755 2273 linguas.
781 2213 903 2274 graecae
925 2195 1097 2268 colelinae,
1121 2213 1206 2256 usum
1229 2193 1288 2255 sibi
1311 2193 1421 2254 tribuit
1439 2197 1475 2254 hir

264 2281 411 2356 scriptor:
433 2278 540 2338 excitat
559 2277 626 2356 ipse
646 2278 765 2357 saepius
786 2279 963 2358 scriptiones
983 2297 1052 2340 suas
1068 2296 1198 2356 macras.
1220 2279 1297 2338 sicut
1310 2280 1407 2356 paulo
1421 2293 1475 2338 onte

262 2363 428 2425 iocabatur:
446 2374 578 2441 propter
598 2363 787 2424 suaviludios
808 2379 917 2440 praeco
936 2363 1007 2436 stilo
1024 2364 1225 2440 satisfecimus
1242 2361 1311 2422 lreeic
1328 2367 1475 2422 muriae.

263 2447 297 2506 ln
318 2445 394 2506 libro
417 2444 453 2505 dc
475 2445 624 2524 Baptismo
647 2463 710 2522 cap.
737 2449 786 2507 15.
809 2445 903 2506 addit:
940 2448 1048 2508 cedde
1080 2450 1139 2509 isto
1167 2445 1349 2516 (haereticos
1369 2445 1473 2522 baptis-

263 2547 346 2590 mum
367 2545 425 2588 non
448 2528 567 2600 habere,
589 2526 657 2606 quia
679 2527 734 2588 rite
755 2545 816 2588 nou
838 2527 969 2606 halent)
989 2529 1110 2609 pleniru
1134 2533 1193 2590 iam
1214 2529 1301 2590 nolis
1326 2533 1361 2588 ise
1375 2549 1473 2606 prono
1502 2531 1503 2591 l

264 2615 409 2693 dipestrem
431 2621 484 2672 est.
527 2611 627 2690 ipsum
649 2611 720 2672 illud
741 2611 856 2673 initium
878 2612 945 2672 libri
967 2613 1003 2673 de
1026 2611 1161 2672 Velandis
1178 2611 1355 2690 .Virginilrus
1377 2613 1473 2672 simili·

262 2706 308 2758 tor
329 2695 437 2774 prodit,
459 2702 609 2756 auctorem
631 2711 735 2772 praece
757 2695 843 2756 ctiam
866 2696 902 2756 de
925 2696 979 2756 hac
999 2691 1086 2756 causa
1109 2695 1282 2775 scripsisse:
1316 2695 1473 2776 Propriae

261 2785 322 2841 inm
342 2783 493 2860 nepotium
511 2797 621 2858 possus
642 2795 723 2840 mooe
745 2783 895 2857 opinionis
918 2779 1010 2841 lotirre
1031 2795 1147 2858 quoque
1161 2781 1328 2850 ostendum,
1353 2785 1474 2858 m'rpiser
1501 2809 1502 2820 κ

263 2875 388 2926 nostros
413 2863 444 2933 (i.
467 2882 493 2924 e.
517 2861 720 2936 christianas)
743 2862 843 2922 celeri
863 2873 1004 2942 oportere
1026 2871 1081 2922 etc.
1113 2861 1191 2922 Satis
1213 2861 1345 2922 obscura
1367 2875 1419 2922 est
1437 2863 1472 2924 ills
1501 2829 1502 2909 l

262 2945 437 3024 descriptio:
467 2950 631 3025 propriam
657 2950 718 3006 icor
745 2950 895 3024 nepotium
921 2963 1034 3025 possse
1062 2963 1143 3006 mene
1171 2949 1335 3023 epim'onis.
1381 2946 1473 3006 Solen
1500 3009 1501 3020 p

261 3028 463 3107 interpretari:
486 3027 698 3089 Tertullianum
720 3047 736 3088 a
759 3027 878 3088 Graccis
901 3028 940 3088 ob
961 3045 1095 3108 graecam
1116 3027 1306 3108 scriptionem
1331 3030 1411 3090 male
1432 3049 1471 3090 er·

262 3120 378 3190 coptum
401 3112 503 3186 inisse,
530 3131 586 3172 nec
607 3112 706 3190 negari
728 3120 827 3191 potest
847 3111 892 3173 sic
912 3112 999 3174 mam
1021 3129 1112 3190 posse
1134 3112 1210 3172 hanc
1231 3112 1403 3174 credonem
1426 3133 1471 3173 nos

261 3195 359 3273 inepte
382 3195 513 3273 intelligi.
557 3195 714 3275 Nepotirm
734 3213 789 3274 pro
813 3195 963 3268 molestia,
996 3196 1039 3256 uti
1068 3195 1175 3256 dicitur
1201 3195 1333 3257 sedtum
1362 3203 1470 3276 nepoti

263 3269 357 3340 οὐδὲν
379 3277 524 3358 πρᾶγμα,
549 3285 621 3351 etc:
657 3277 848 3358 Proprium?
875 3297 912 3339 an
933 3279 1001 3340 ideo
1024 3279 1092 3357 quia
1113 3279 1149 3338 ab
1171 3278 1228 3338 illis
1250 3279 1369 3356 praecis
1395 3281 1469 3341 Chri·

262 3360 365 3434 stiams
387 3361 434 3421 vix
456 3361 533 3421 aliud
555 3361 716 3437 praemium
739 3362 876 3424 defensas
898 3363 1047 3440 opinionis
1074 3361 1235 3422 severioris
1261 3373 1423 3440 expectare
1447 3383 1471 3424 se

261 3459 352 3520 posse
373 3461 433 3503 nou
455 3442 594 3521 ignoret?
636 3442 679 3503 An
709 3463 779 3504 voro
807 3445 885 3506 idom
916 3446 1006 3507 velot:
1042 3453 1199 3524 postquam
1227 3444 1390 3508 deiunctsrs
1418 3467 1470 3509 sus

262 3541 365 3604 graece
387 3525 424 3586 de
445 3525 500 3586 hac
520 3545 554 3586 re
576 3526 724 3590 scribendi
746 3545 852 3606 opera,
887 3547 961 3607 quac
984 3538 1031 3590 cst
1051 3528 1124 3590 mihi
1146 3529 1227 3607 quasi
1251 3531 1375 3607 proprie
1400 3541 1470 3608 ator

295 3691 318 3740 q.
338 3674 511 3726 Tertullianum
529 3691 602 3742 saepe
620 3678 643 3726 io
656 3676 843 3728 istosChristia-
895 3679 960 3728 illius
984 3679 1103 3740 Evangelii
1122 3677 1224 3727 loannes
1249 3678 1408 3744 aliarumque
1424 3699 1469 3730 scr.-

260 3758 305 3792 uos
329 3743 448 3803 invehere,
476 3743 515 3808 qui
535 3746 614 3794 minus
638 3745 738 3794 femoris
756 3753 780 3794 et
797 3745 844 3794 im·
894 3747 1003 3808 ptionnm
1028 3759 1167 3806 graecorum
1197 3745 1324 3794 catholicis
1353 3762 1463 3798 sacrm

260 3809 401 3874 prudentiss
435 3809 546 3873 publices
582 3825 641 3874 prae
669 3825 696 3859 so
726 3811 843 3872 ferebant,
894 3813 958 3862 ilaec
985 3813 1128 3875 simplicitas
1158 3812 1216 3860 satis
1244 3812 1309 3862 clsrs
1343 3823 1401 3875 est:
1425 3817 1467 3864 rto

260 3891 331 3941 maor
361 3876 504 3926 sullanatisi
534 3879 646 3940 quidam,
675 3877 734 3928 satis
760 3889 842 3928 notorn
895 3893 980 3941 presse
1009 3879 1118 3942 sequitur
1141 3892 1241 3938 nmero.
1269 3887 1297 3928 nt
1320 3893 1386 3930 nora
1414 3883 1467 3932 latias

260 3953 304 3998 est.
341 3942 473 3993 lemelia
500 3944 579 3994 attolit
602 3944 722 3994 Pemelias
745 3946 769 3996 in
794 3945 842 3994 Vita
894 3946 991 3994 nomios
1001 3945 1075 3995 molta
1086 3945 1188 4006 primum
1198 3946 1318 4009 repererit
1327 3949 1384 3998 eius
1394 3959 1466 3999 aerim

260 4009 400 4064 Tertulliani
424 4025 486 4062 anno
506 4009 582 4062 ccxi.
619 4009 680 4060 illud
699 4013 755 4062 item
774 4013 842 4074 inps·
894 4011 1040 4074 collegimus
1064 4012 1171 4074 exempla
1198 4011 1269 4073 plura
1295 4013 1320 4061 iu
1350 4021 1466 4082 appendis

260 4081 335 4129 sitnm
354 4077 529 4128 sablanaticnm
548 4085 571 4128 et
589 4078 660 4128 nimis
679 4079 781 4128 calidum
797 4081 841 4130 ho·
892 4079 922 4128 ad
948 4077 1071 4128 wetstenii
1089 4077 1225 4138 Prolegom.
1245 4079 1262 4128 Ι.
1280 4079 1313 4143 'p.
1335 4082 1398 4133 589,
1417 4087 1456 4134 ΗΑ

260 4148 349 4195 urinam
379 4145 475 4209 impulit
503 4146 533 4194 ad
560 4146 732 4208 praeferendas
759 4155 841 4209 partes
892 4147 1003 4196 uidimus
1038 4145 1093 4194 hic:
1138 4146 1257 4194 mosomio
1300 4144 1460 4214 nupe'usissr:

259 4212 372 4261 lontani.
398 4213 444 4262 llic
460 4211 572 4262 solebant
588 4213 730 4276 prophetiae
747 4221 842 4263 atroces
890 4215 1044 4276 mapeoeieris
1061 4219 1135 4336 seips
1189 4210 1300 4277 οθνμεῖ.
1330 4219 1465 4270 iniunt&

260 4286 284 4328 et
306 4278 458 4329 vehementes
480 4281 565 4340 emori,
591 4294 653 4344 quas
674 4280 840 4332 soculillaem
892 4281 926 4330 lic
949 4281 1038 4330 iudicio
1064 4271 1111 4327 rin
1187 4291 1256 4337 rste
1281 4277 1420 4350 ιρῳω,
1441 4291 1466 4336 'ff

259 4345 306 4393 ism
326 4345 413 4394 instare
432 4346 584 4397 minabantur
601 4355 625 4396 at
633 4348 727 4396 ruinam
738 4349 840 4410 imperii.
891 4347 1053 4396 tedemrieeter
1071 4337 1248 4408 suspirem,
1267 4359 1413 4412 apperens.
1428 4347 1467 4402 irr-

259 4410 349 4460 lissum
368 4413 471 4476 partium
489 4415 750 4474 satismnltiluerunt.
769 4416 840 4464 etiarn
892 4405 1003 4478 poete,
1033 4416 1156 4478 compressi
1163 4405 1351 4477 ιθλιβόμενοι.
1380 4425 1467 4472 omre

255 4477 294 4526 illi
312 4477 457 4540 sihptosus.
891 4485 937 4530 tole
949 4483 1069 4545 possidere
1085 4475 1273 4545 κληρονομεῖν,
1296 4485 1364 4550 lapis
1384 4505 1467 4540 ,m

292 4560 311 4594 r.
331 4546 513 4610 simplicitatem
524 4547 737 4611 interpretationis,
748 4545 841 4598 scilicet
892 4547 1011 4610 crapulosis
1028 4537 1225 4611 ὄαρογωνιαῖος
1243 4556 1292 4598 ete.
