3114 5240
476 395 610 440 rocroort
632 395 691 442 mc.
714 397 751 440 nc
771 397 900 442 noum.
1049 359 1059 372 ⁸
1253 383 1296 446 ut

97 544 177 618 edixit,
198 563 260 606 non
282 545 431 609 discernet
452 546 488 608 ab
510 546 638 619 iniustis,
660 547 720 610 nisi
741 546 773 610 in
794 547 898 610 ultimo
919 557 990 628 post
1010 549 1111 612 mundi
1133 551 1222 612 linem
1246 550 1294 612 iu·
1412 572 1414 586 ·

95 627 164 690 licio.
207 629 398 712 Quapropter
417 631 510 693 uoluit
531 632 629 694 omnia
650 629 683 694 in*
702 633 761 694 huc
780 633 925 694 humanae
946 632 1021 694 vitae
1043 652 1133 696 cursu
1155 634 1294 698 omnibus

94 733 148 774 csse
168 716 344 788 commonia,
369 726 400 778 et
420 716 543 778 adversa
565 716 684 796 quidem
704 715 793 778 bonis
815 717 847 778 in
861 717 1103 792 admonitionem,
1124 719 1209 780 malis
1221 737 1292 782 vero

93 798 114 858 in
132 797 361 878 castigationem.
405 801 499 862 Nullis
520 811 674 881 praetcrea
688 801 819 864 adversis
834 801 1025 864 laedebantur
1040 803 1207 876 Christiani,
1223 804 1292 884 qui·

92 883 135 942 bos
154 883 225 944 nihil
247 893 312 947 erat
333 885 503 966 optabilius,
525 905 612 966 quam
634 887 671 948 de
692 887 750 948 boc
770 886 880 950 mundo
897 887 993 950 exire.
1039 888 1218 966 Quocunque
1235 909 1291 950 au·

91 969 309 1031 animatione
331 979 568 1044 concuterentur,
592 990 676 1051 spem
697 971 889 1050 fiduciamque
910 991 994 1034 suam
1015 971 1231 1052 praedicatione
1243 973 1291 1036 di·

91 1053 205 1114 duarum
227 1054 448 1135 Scripturarum
468 1055 650 1118 recreabant
693 1056 728 1118 ht
751 1055 859 1118 cumei
882 1056 1067 1119 econtrario
1090 1057 1161 1118 nihil
1183 1057 1213 1118 in
1235 1058 1289 1120 ad-

91 1137 169 1197 ursis
190 1138 290 1200 solatii
312 1159 330 1202 a
351 1139 409 1201 diis
433 1140 496 1202 suis
518 1159 615 1220 neque
636 1141 667 1203 in
689 1141 862 1221 bonaeque
884 1141 914 1202 iu
941 1142 1039 1204 lutura
1064 1140 1121 1204 vita
1147 1142 1290 1206 hahentes

90 1221 201 1284 iniustos
224 1223 327 1303 utique
349 1224 486 1287 colebant
507 1233 538 1286 et
557 1225 688 1304 ingratos
711 1228 787 1306 (cap.
808 1229 883 1302 th).

159 1307 234 1380 Ouid
255 1317 411 1388 praeterea
431 1309 524 1388 magis
544 1309 704 1372 absurdum
725 1309 781 1372 aha
793 1309 978 1372 ethnicorum
993 1310 1030 1372 de
1045 1310 1218 1374 Christianis
1237 1329 1290 1372 ex·-

89 1391 285 1468 postulatione,
313 1413 370 1473 qua
397 1394 725 1473 conquerebantureos
748 1414 814 1457 esse
836 1395 1035 1458 infructuosos
1057 1413 1092 1457 ae
1112 1393 1290 1475 reipublicae

90 1475 212 1539 nutiles?
252 1477 321 1540 Non
350 1478 431 1540 euim
450 1479 647 1542 Brachmanae
680 1489 778 1554 eraut,
808 1488 859 1542 aut
878 1479 1048 1558 sylvicolae,
1070 1480 1123 1542 sed
1145 1479 1292 1559 quaelibet

90 1577 142 1621 uun
170 1560 273 1624 iisdem
295 1563 422 1626 ethnicis
444 1565 619 1626 commercia
640 1564 749 1644 ubique
769 1564 916 1626 habebant
936 1583 971 1626 ac
991 1564 1063 1628 solis
1085 1565 1215 1645 exceptis
1235 1583 1289 1628 su·

88 1646 247 1722 pusbtioms
270 1647 392 1709 illorum
414 1650 589 1712 ceremoniis
611 1647 656 1711 sic
675 1658 754 1712 artes
775 1648 939 1711 miscebant
960 1655 991 1711 ct
1011 1667 1135 1729 operas,
1168 1657 1202 1712 ut
1222 1667 1290 1712 cum

89 1729 118 1788 iis
138 1737 163 1791 et
181 1731 216 1792 de
231 1732 296 1796 ibis
319 1733 461 1795 virerent.
503 1733 541 1795 ht
561 1733 737 1813 templomm
758 1741 939 1807 nostrorum,
962 1733 1133 1814 inquiebant
1154 1733 1290 1814 gentiles,

29 1877 30 1892 χ
88 1815 217 1893 rcchgalia
239 1817 425 1880 minuuntur.
468 1818 527 1880 Sed
549 1818 672 1896 quihus,
695 1819 735 1880 ait
757 1816 977 1880 Tertrdhanus?
1020 1818 1168 1899 Numquid
1189 1819 1288 1882 homi-

29 1893 30 1906 *
90 1897 166 1960 nihm
184 1901 295 1983 diisque
317 1903 426 1964 vestris
446 1902 703 1964 mendicantibus?
746 1903 851 1964 Nonne
866 1902 1024 1965 Christiani
1046 1921 1132 1990 opem
1154 1903 1212 1966 illis
1233 1921 1288 1982 pc-

92 1983 201 2047 tentibns
224 2003 349 2066 semper
376 1989 490 2060 lerunt,
519 2005 679 2066 eorumque
707 1987 909 2050 misericordia
930 1987 1014 2068 plura
1034 1992 1156 2053 viscum
1178 1987 1288 2062 tribuit,

90 2084 162 2144 qnam
180 2071 302 2149 gentiles
326 2070 516 2152 teoaplutr‘ml'
559 2073 661 2134 Cetera
682 2091 753 2134 vero
775 2072 925 2152 vectigalia
939 2072 1030 2134 iidem
1040 2072 1199 2134 Christiani
1210 2081 1288 2136 tauta

89 2151 136 2213 lde
154 2157 328 2236 expendunt,
352 2164 458 2237 quanta
479 2157 665 2236 improbitate
686 2157 722 2218 ab
745 2157 870 2220 ethnicis
893 2157 1065 2220 fraudantur
1078 2159 1154 2237 (cap.
1170 2159 1244 2234 42.)-

159 2237 282 2312 Quinam
305 2249 414 2314 autem,
436 2241 656 2321 pergithuctor
675 2253 788 2314 noster,
811 2242 847 2304 de
862 2241 1098 2304 Christianorum
1120 2242 1288 2321 quereban-

90 2322 312 2391 turinotilitate?
355 2325 460 2386 Nonne
474 2325 607 2399 lenones,
629 2327 832 2406 perductores,
855 2326 1008 2406 etpurioli,
1031 2327 1139 2400 sicarii,
1156 2345 1287 2388 venena-

90 2405 285 2556 tutta
308 2410 832 2575 tltttttlebtttltttt
849 2411 1287 2575 ,lttttl‘ttttttttt

92 2578 172 2652 nem,
191 2579 262 2642 illud
284 2579 442 2641 daemonia
463 2597 500 2641 cx
520 2580 716 2659 ipsorummet
737 2580 924 2644 ethnicorum
944 2580 1117 2659 corporibus
1132 2580 1287 2654 eiicieudo,

91 2659 147 2722 satis
169 2682 318 2744 superque
346 2664 584 2744 compensabant
629 2665 737 2726 Verum
758 2665 881 2744 gentiles
902 2673 982 2727 tanta
1002 2667 1135 2746 prolecto
1158 2664 1287 2727 crudeli-

90 2751 143 2818 tate,
161 2758 266 2828 qoanto
288 2748 470 2828 reipublicae
483 2749 591 2810 damno
603 2749 773 2812 occidebant
784 2749 978 2822 Christianos,
1001 2768 1127 2828 quorum
1138 2757 1288 2828 compertu

90 2831 205 2898 omnibus
226 2851 296 2895 csse
320 2832 446 2895 debehat
465 2834 644 2904 innocentia,
665 2833 711 2895 vel
734 2834 856 2908 aceolo,
879 2833 958 2912 quod
969 2833 1118 2896 sceleratis
1130 2851 1196 2894 cum
1206 2832 1285 2912 pleni

90 2925 171 2978 essem
190 2937 335 2992 carceres,
357 2917 453 2980 nullus
474 2918 525 2993 ibi,
547 2917 605 2979 nisi
627 2937 712 2980 suum
727 2917 822 2980 solum
838 2917 877 2978 ch
891 2935 1011 2992 nomen,
1034 2916 1219 2980 Christianus
1234 2935 1285 2978 re-

90 3000 235 3075 periebatur
257 3007 334 3081 (cap.
349 3005 402 3068 43.
416 3006 492 3080 dh).

156 3085 252 3168 Neque
281 3087 353 3148 iude
379 3095 492 3149 tantum
519 3085 661 3166 probatur
688 3085 805 3148 illorum
832 3085 910 3148 ritae
930 3102 1105 3164 mommque
1126 3084 1287 3164 integritas,

93 3168 133 3228 sed
150 3189 181 3232 er
201 3172 310 3235 divinis
332 3171 418 3233 etiam
440 3171 558 3235 illorum
579 3170 702 3250 legibus,
725 3189 800 3249 quae
823 3168 975 3232 sanctitate
997 3178 1027 3231 et
1047 3169 1218 3233 auctoritate
1232 3188 1286 3232 sua

95 3253 203 3318 omnus
224 3256 364 3318 humanis
391 3256 477 3337 longe
497 3263 657 3337 praestant.
699 3255 773 3317 Nam
793 3256 849 3318 hae
869 3254 1077 3329 homicidium,
1105 3255 1170 3318 illae
1197 3255 1281 3330 iram,

95 3333 138 3396 lut
153 3339 339 3412 doenum,
370 3339 436 3402 illac
457 3340 742 3421 concupiscentiam,
775 3340 831 3402 hoe
852 3339 1041 3414 maleficium,
1073 3339 1139 3404 ibae
1160 3339 1284 3402 malelo-

94 3420 186 3498 tuium,
207 3424 274 3488 illae
297 3425 436 3488 iniuriam
456 3425 599 3488 vindicari
620 3425 813 3506 praecipiunt,
835 3427 891 3487 hoe
912 3424 1037 3488 iniuriae
1054 3425 1146 3488 vicem
1160 3425 1287 3488 reddere

92 3507 235 3580 prohibent.
279 3510 347 3574 lluc
378 3509 489 3573 accedit
516 3510 594 3590 quod
615 3511 713 3572 omnia
734 3529 808 3590 quoe
829 3509 860 3571 in
881 3509 1017 3572 humanis
1039 3510 1189 3590 gentilium
1211 3509 1285 3589 logi-

91 3585 133 3652 bus
157 3595 333 3672 probantur,
361 3594 434 3656 haee
459 3615 496 3656 ex
527 3594 633 3658 divinis
656 3595 891 3658 Christianorum
919 3594 1037 3657 statutis
1060 3595 1184 3656 delibata
1206 3602 1285 3656 sunt.

91 3669 222 3741 Praeterea
243 3679 387 3742 maiorem
409 3698 476 3742 csse
497 3680 616 3753 harum,
644 3697 731 3759 quam
753 3680 866 3742 illarum
888 3679 1090 3742 auderitntcm
1110 3679 1180 3740 hinc
1199 3677 1286 3755 plane

92 3761 233 3839 cosmon,
255 3765 323 3845 quia
344 3764 470 3826 humana
491 3765 538 3826 lox
558 3763 699 3844 perhingi
719 3763 804 3826 locile
824 3771 933 3844 potest,
955 3764 1002 3825 rel
1023 3769 1145 3843 propter
1164 3778 1285 3822 reorum

92 3838 197 3910 latebras
225 3859 255 3912 ct
281 3849 423 3929 peccandi
451 3850 675 3921 necessitatem,
709 3848 755 3910 vel
782 3855 906 3929 propter
939 3847 1076 3928 supplicii
1102 3844 1286 3918 brevitatem,

93 3941 139 3988 tun
156 3932 226 3995 ulus
248 3933 361 3996 obitum
382 3933 543 4014 inlligeudl.
586 3935 624 3995 At
645 3933 718 3994 nihil
739 3951 862 4012 prorsus
883 3932 974 3995 latere
994 3937 1095 4011 potest
1108 3928 1213 4004 Deum,
1235 3929 1285 4009 qui

95 4019 203 4079 &lucas
223 4019 262 4080 de
282 4017 460 4098 quibuslibet
480 4018 636 4080 criminum
657 4017 783 4080 consciis
805 4035 916 4098 poenas
927 4015 1043 4096 repetit.
1087 4013 1284 4088 eridmirum

97 4102 200 4188 utqui
220 4111 302 4165 unta
323 4103 420 4177 luerit,
442 4103 528 4166 sicuti
549 4103 606 4164 ism
628 4102 861 4166 demonstratum
876 4109 931 4174 est,
955 4098 1188 4162 Christianorum
1202 4098 1285 4162 illum

94 4182 235 4332 fundum
256 4187 432 4264 innocentia,
455 4197 485 4250 et
505 4187 657 4269 gentilium
677 4187 885 4268 proconsulem
901 4183 1096 4248 metuentium
1106 4183 1284 4266 perversitas

159 4352 193 4414 ht
217 4275 386 4437 philisophi
413 4358 523 4432 nostri,
546 4355 662 4419 aiebant
684 4356 750 4430 isti,
778 4357 901 4418 eandem
922 4371 956 4416 ac
977 4351 1137 4416 Christiani
1157 4353 1283 4434 prolite-
1375 4367 1378 4374 ’

93 4425 181 4524 lautu
199 4439 410 4516 manantium,
432 4441 582 4514 iustitiam,
603 4441 783 4522 patientiam,
805 4438 1005 4512 sobrictatem,
1027 4439 1207 4519 pudicitiam.
1250 4437 1283 4500 Si

95 4521 197 4597 tuest,
223 4527 382 4606 respondet
403 4525 615 4602 Tertullianus,
644 4541 697 4588 cur
726 4525 828 4605 plures
856 4521 1025 4604 philosophi
1056 4523 1283 4605 superstitiones

96 4603 222 4676 tubum
253 4611 417 4694 adspemati
444 4611 598 4676 laudantur
630 4611 834 4690 donanturquc
855 4608 959 4672 statuis
981 4609 1160 4684 cosdumis,
1194 4605 1283 4670 Chri·
