3196 5250
177 347 181 358 ⁴
268 357 335 424 436
370 371 563 424 nrssnacerro
578 371 609 415 na
625 371 673 422 on.
688 370 772 418 esen.
787 371 875 418 scon.
890 369 1086 416 rrsruuusnr
1099 371 1322 416 mococnrrcmr
1337 371 1414 416 carr.

269 525 393 605 largitur
413 541 502 606 maes
521 531 626 586 uestra
647 521 753 600 redimo
776 520 940 602 templatim
961 520 1096 597 (Tertull.
1111 520 1178 583 looo
1193 521 1264 598 cit),
1286 522 1345 584 eive
1365 521 1394 583 in
1412 519 1467 582 ein·

269 610 348 692 gulis
370 606 487 686 templis
507 605 615 668 vachis
635 605 746 670 tribou't.

356 692 467 756 Deinde
489 707 560 752 vero
574 689 725 770 recupalia
746 688 783 750 ab
797 688 1026 769 imperatoribus
1053 688 1191 768 imposita
1213 689 1366 750 Christiani
1388 685 1468 748 mdto

270 777 383 842 maiore
404 793 475 838 cura
496 781 527 836 et
547 772 664 836 meliori
685 773 742 841 tide
764 791 852 852 quam
873 773 996 852 gentiles
1018 773 1181 835 solvebant.
1223 773 1300 846 Quin
1314 771 1470 834 etiamhaec

269 861 437 941 uectipalia,
460 857 565 938 inquit,
586 863 705 938 pretias
727 870 815 937 apert
838 858 1019 920 Cdra'stiaois
1042 877 1081 921 ear
1101 858 1161 939 fide
1183 857 1406 942 dependeetibus
1426 857 1468 917 de·

271 949 365 1010 bitum
386 965 444 1026 pua
465 942 564 1007 alicam
585 943 762 1021 fraudanda
784 941 969 1004 abstinemus
992 941 1103 1017 (ibid).
1145 941 1293 1004 Noverunt
1318 941 1418 1020 quippe
1436 938 1468 1000 il·

270 1031 322 1095 lud
350 1027 461 1090 Christi
487 1034 692 1106 praecepurmz
725 1027 849 1090 Reddite
869 1045 944 1108 puae
965 1039 1039 1091 suot
1061 1027 1201 1090 Caesarie
1225 1027 1348 1089 Caesari
1370 1022 1468 1096 (lietth.

213 1147 217 1160 ·
271 1133 334 1194 cap.
358 1113 546 1188 xx11.2t.).
589 1111 684 1189 Atque
711 1110 780 1172 inde
806 1110 937 1172 lustinus
964 1111 1072 1189 blartpr
1094 1109 1219 1174 ethnicis
1241 1110 1334 1190 palam
1355 1106 1468 1169 dicebat:

273 1195 404 1280 Φόρους
430 1196 485 1258 καὶ
516 1188 676 1280 εἰσφορὰς
701 1201 774 1270 τοῖς
801 1185 852 1278 ἐφ’
882 1187 973 1274 ὑμῶν
1000 1197 1210 1276 τεταγμένοις
1231 1191 1393 1272 πανταχοῦ
1411 1185 1469 1272 πρὸ

270 1279 406 1350 πάντων
428 1275 626 1362 πειρώμεθα
649 1281 774 1362 spiceae:
801 1279 959 1357 Vectipaliu
979 1297 1052 1340 saue
1073 1290 1103 1342 et
1124 1278 1301 1342 collationes
1323 1281 1361 1340 eie
1387 1279 1433 1356 pai
1453 1292 1470 1333 a

270 1367 356 1430 uobis
378 1378 450 1428 suut
473 1365 610 1426 ordinati
628 1363 821 1426 exactoribus
842 1381 918 1442 prae
940 1363 1077 1426 omuibus
1098 1363 1205 1446 ubique
1225 1363 1343 1442 inferre
1363 1371 1470 1424 cratea-

271 1453 368 1514 dimus
389 1447 506 1522 [lustin.
520 1447 644 1528 Apolog.
667 1446 702 1510 ad
716 1447 847 1524 hoton).
890 1445 931 1506 Ea
953 1464 1023 1506 vero
1047 1445 1154 1508 ethnici
1176 1445 1219 1510 sic
1240 1444 1413 1516 fraudabant,
1431 1451 1470 1516 ut,

271 1538 301 1597 ai
319 1537 452 1605 ineatur,
476 1530 648 1594 Tertulliani
661 1529 749 1592 verba
770 1539 849 1618 stunt,
870 1540 1016 1612 potantum
1038 1530 1229 1612 oectipalibus
1250 1540 1355 1611 pereat
1373 1525 1470 1608 [raude

271 1627 300 1682 et
321 1618 473 1679 mendacio
495 1627 670 1679 uestrarum
688 1614 928 1695 professionum,
950 1614 1042 1692 facile
1058 1617 1137 1677 ratio
1155 1614 1262 1678 haberi
1277 1618 1375 1696 poerit
1391 1613 1471 1674 auiae

271 1705 384 1781 speciei
424 1699 548 1780 perereio
591 1709 782 1778 compensata
820 1717 882 1779 pro
927 1699 1077 1762 commodo
1121 1710 1293 1762 ceterarum
1334 1699 1470 1760 rationum

271 1783 455 1859 (Tertullian.
477 1783 629 1862 hpologet.
652 1801 715 1861 cap.
738 1785 813 1858 42).
856 1782 901 1843 lbi
924 1791 1002 1844 certe
1023 1781 1220 1860 professionis
1243 1800 1356 1866 ,nomen
1376 1777 1469 1856 accipi-

271 1874 321 1929 tur
340 1885 395 1947 pro
418 1866 533 1946 publica
555 1865 702 1928 bonorum
725 1866 857 1928 omnium
880 1885 954 1944 quae
976 1867 1179 1946 unusquisque
1200 1865 1371 1946 possidebat
1391 1880 1469 1941 expo-

271 1950 380 2012 sitione
402 1969 456 2012 seu
477 1949 683 2012 declaratione.
728 1951 786 2012 Sed
808 1969 868 2011 non
891 1951 959 2012 inde
981 1949 1093 2012 tollitur
1115 1957 1175 2012 tota
1198 1949 1353 2012 difficultas
1374 1947 1469 2009 obscr-

270 2035 361 2096 rioris
389 2034 513 2096 huiusce
541 2033 674 2113 phrasis,
708 2053 783 2114 quae
810 2033 916 2112 duplici
944 2034 1033 2095 mado
1056 2053 1072 2095 a
1095 2035 1297 2113 sagacioribus
1318 2032 1468 2112 explicatur.

271 2117 397 2192 Quidam
425 2117 504 2181 enim
531 2126 638 2198 putant
663 2118 743 2180 hunc
769 2137 836 2180 esse
862 2115 1033 2181 Tertulliani
1061 2137 1197 2181 sensum:
1236 2120 1264 2180 si
1290 2116 1470 2198 perpendatur

270 2211 413 2279 qnantum
444 2202 568 2280 gentiles
601 2202 709 2264 malum
743 2202 921 2281 reipublicae
951 2203 1112 2282 importent
1138 2203 1253 2282 [raude
1281 2215 1310 2266 et
1334 2201 1469 2264 mendacio

266 2285 499 2364 professionum
513 2285 623 2363 (ibid),
646 2286 709 2347 siue
723 2285 796 2348 falsa
810 2285 957 2350 bonorum
973 2305 1095 2348 suorum
1110 2286 1318 2360 declaratione,
1334 2281 1470 2348 confestim

269 2366 316 2432 uel
338 2367 393 2428 hac
413 2373 523 2450 specie,
558 2369 619 2430 siro
641 2369 699 2430 hoc
720 2369 785 2430 solo
808 2371 958 2448 exemplo,
991 2378 1168 2449 agnoscetur
1188 2369 1262 2432 illud
1290 2371 1394 2432 malum
1413 2383 1470 2427 osse

270 2450 365 2512 maius
394 2469 480 2530 quam
507 2451 647 2532 quidquid
675 2453 747 2515 boni
775 2453 839 2516 aliis
867 2453 1031 2515 rationibus
1060 2455 1195 2516 aberunt.
1239 2455 1297 2516 Alii
1318 2472 1385 2516 vero
1406 2451 1469 2512 Tor-

269 2533 383 2598 tulliani
405 2543 534 2598 mentem
556 2536 599 2598 sie
621 2537 779 2618 explicant:
809 2537 967 2600 Christiani
989 2546 1069 2600 tanta
1092 2557 1161 2600 cura
1183 2547 1323 2619 tantaque
1343 2539 1397 2598 fido
1416 2532 1468 2595 scl-

268 2625 342 2679 uunt
355 2618 472 2688 tributa,
496 2621 613 2699 quantis
635 2621 710 2683 dolis
733 2641 767 2683 ac
787 2622 949 2684 mendaciis
964 2642 981 2684 a
995 2621 1153 2702 gentilibus
1169 2624 1351 2698 traudantur,
1372 2622 1469 2698 teocam

270 2701 336 2762 solo
359 2703 492 2782 exemplo
515 2703 600 2782 plane
622 2705 774 2768 conficitur
794 2705 1010 2785 iniquissimam
1033 2725 1098 2768 esse
1119 2707 1226 2768 horum
1250 2707 1287 2769 de
1302 2705 1470 2770 Christiano-

268 2803 335 2846 rum
362 2785 519 2848 inutilitate
546 2788 711 2868 querelam,
748 2790 816 2868 quia
842 2790 991 2868 uectigalia
1019 2791 1127 2852 ceteris
1155 2791 1294 2854 omnibus
1323 2785 1469 2853 accuratius

267 2867 451 2948 pendebant,
485 2888 520 2932 ac
541 2870 567 2931 si
589 2871 659 2951 quid
680 2872 798 2934 aliunde
825 2874 1176 2958 allerrenhdetrimenti,
1208 2887 1378 2938 ceterarum
1409 2885 1470 2952 quse

267 2949 412 3016 indicatae
440 2961 510 3016 sunt
537 2958 691 3017 rationum
713 2958 863 3025 commodo
885 2957 995 3019 affatim
1016 2959 1274 3038 compensabatur.
1310 2960 1347 3020 ht
1367 2973 1431 3019 saue
1449 2949 1469 3011 si

268 3034 310 3095 ibi
332 3035 528 3098 Tertullianus
550 3038 685 3100 ethnicos
707 3057 768 3100 non
790 3042 942 3120 componit
963 3060 1028 3104 oum
1044 3042 1229 3117 Christianis,
1252 3044 1353 3124 potior
1372 3039 1471 3102 videtur

268 3135 363 3197 prima
390 3119 612 3199 interpretatio,
647 3141 704 3200 qna
731 3123 877 3202 colligitur
905 3125 972 3186 illos
1001 3125 1038 3187 de
1066 3126 1153 3188 allato
1180 3127 1217 3188 ab
1239 3127 1287 3190 his
1309 3123 1470 3205 reipublicae

268 3199 376 3260 damno
408 3221 532 3280 prorsus
565 3203 713 3266 immerito
746 3208 965 3287 expostulasse,
1002 3210 1241 3290 quandoquidem
1278 3210 1355 3274 aliud
1390 3204 1470 3270 maius
1543 3211 1544 3274 f

267 3280 380 3376 bonum
413 3286 611 3348 conferebant.
661 3289 697 3350 Si
729 3308 798 3351 vero
832 3291 873 3352 ibi
903 3299 1047 3372 utrosque
1079 3293 1266 3356 Christianos
1300 3303 1330 3357 et
1360 3289 1470 3373 gentiles

268 3372 401 3426 interce
423 3369 556 3444 contulit,
580 3371 738 3434 secundam
760 3375 975 3454 expositionem
996 3379 1145 3456 praeferas
1166 3397 1221 3458 per
1242 3398 1300 3442 nos
1323 3379 1398 3439 licet.

354 3449 491 3512 Ceterum
513 3462 546 3513 ut
567 3454 676 3514 hoctor
696 3465 801 3518 noster
823 3459 957 3520 ethnicos
980 3460 1114 3538 pressius
1138 3472 1241 3539 urgeat
1274 3463 1368 3538 (ldem
1388 3457 1468 3530 luidb
1543 3447 1544 3502 i

266 3531 328 3628 illis·
345 3532 422 3594 ultro
444 3535 579 3596 concedit
599 3538 744 3614 quosdam
765 3541 842 3618 apud
865 3559 917 3602 eos
938 3543 1061 3622 reperiri
1095 3545 1145 3624 qui
1172 3545 1209 3605 de
1237 3545 1469 3607 Christianorum.

266 3623 300 3676 ut
320 3635 384 3696 ipse
407 3617 462 3690 ait,
495 3619 932 3710 sterilitateconquerebantnr.
977 3626 1036 3688 Sed
1058 3627 1192 3706 quinam,
1224 3629 1417 3698 hauebant,
1446 3620 1470 3681 hi

266 3699 374 3796 aranti
417 3702 484 3762 h'on
505 3701 554 3764 alii
576 3705 720 3782 proiecto,
742 3706 800 3768 nisi
822 3707 958 3772 homines
979 3709 1097 3790 perditi,
1120 3712 1182 3775 suis
1205 3713 1287 3774 vitiis
1310 3723 1341 3774 et
1361 3704 1470 3774 sceleri·

264 3781 327 3879 bus
353 3783 494 3881 uniames,
530 3787 637 3865 quibus
666 3807 721 3850 nec
746 3790 862 3869 placere
890 3811 944 3854 nec
970 3795 1067 3856 lavero
1094 3813 1209 3858 summa
1237 3805 1286 3858 est
1307 3792 1470 3876 reipublicae

265 3867 386 3930 uhhtas.
431 3869 590 3948 Triplicem
618 3880 716 3934 autem
744 3893 797 3936 eos
811 3875 980 3956 ,distinguit
1006 3878 1037 3938 in
1060 3877 1201 3952 classem,
1234 3897 1363 3959 quorem
1389 3875 1470 3956 prima

265 3959 329 4012 orat
349 3953 590 4030 turpissimorum
611 3957 754 4018 aermnae
776 3958 905 4021 lihidinis
926 3959 1147 4036 ministrorum,
1176 3963 1226 4043 qui
1248 3964 1285 4024 ab
1308 3963 1359 4024 illo
1380 3954 1469 4040 appel·

263 4031 362 4096 hatur
384 4035 515 4130 lenones,
539 4040 750 4124 perductores,
778 4044 939 4124 aquarioli.
983 4043 1065 4107 Duos
1087 4055 1184 4108 autem
1211 4047 1329 4128 priores
1351 4057 1469 4108 commt-

263 4125 362 4178 morat
383 4117 496 4194 Cicero,
519 4121 569 4184 ubi
591 4131 694 4184 conus
716 4125 836 4187 Verrem
858 4127 903 4188 sic
923 4127 1083 4190 invehitur:
1107 4130 1242 4196 Sileutur
1264 4133 1300 4196 de
1321 4125 1467 4194 costumia

258 4201 328 4260 aies
343 4201 584 4299 bacchationibus
598 4216 628 4268 et
647 4208 769 4288 cipiliis,
792 4209 942 4281 Manum,
964 4211 1143 4286 aleatorruo,
1156 4217 1374 4296 perductorum
1393 4205 1470 4272 sulit

260 4292 373 4375 murteo
400 4285 456 4362 fiat
482 4289 588 4363 (Cicer.
611 4289 662 4350 lib.
684 4291 721 4353 ll.
744 4293 775 4354 in
796 4295 880 4355 Vere.
902 4305 968 4374 pag.
993 4297 1045 4360 68.
1067 4296 1120 4358 lin.
1142 4301 1196 4376 3.).
1245 4298 1383 4360 Lenones
1408 4304 1468 4351 τοῦ)

261 4371 342 4426 enter
362 4375 392 4426 et
412 4369 604 4444 perductores
625 4375 684 4437 hoc
705 4385 769 4438 erat
789 4377 958 4452 discrimen,
981 4380 1060 4458 quod
1083 4382 1172 4460 primi
1192 4381 1334 4446 mulieres
1355 4396 1414 4442 non
1426 4391 1468 4436 rt·

258 4443 423 4594 ffiffig,
446 4455 567 4516 secundi
589 4457 695 4520 invitas
718 4461 755 4522 ad
777 4461 913 4541 stuprum
935 4462 1124 4528 adducerent.
1170 4465 1358 4548 Quapropter
1378 4454 1471 4524 cecinit
