3078 5248
388 432 560 476 sorsssnurr
583 427 708 476 sonora.
731 433 911 476 crurusaus.
1199 417 1260 480 531

54 580 256 654 mussitabant,
280 601 346 644 cum
368 601 403 644 ex
425 581 620 664 imprudentis
644 583 745 644 militis
768 584 843 646 tacto
860 583 1008 646 turbatum
1023 575 1069 656 iri,
1092 583 1171 644 dictu
1186 583 1264 645 torte

53 667 169 728 difficile
196 666 355 738 videbitur,
389 667 440 746 qui
469 667 598 747 potnerit
620 667 818 729 Tertullianus
841 667 944 729 eodem
966 685 1044 728 anno
1071 666 1101 728 in
1122 669 1264 748 Apologia

53 771 107 813 sua
128 752 164 812 de
185 751 440 830 persecutionibus
463 751 550 813 tantis
573 751 675 832 eisque
697 771 757 814 non
780 753 897 813 demum
924 750 988 813 beri
1014 759 1064 814 ant
1090 753 1263 814 nudiuster-

53 837 110 897 tius
133 836 244 896 coortis
267 836 416 916 conqueri.
458 837 613 897 Praeterea
628 838 658 897 in
673 838 731 897 boc
744 836 933 917 Apologetico
950 837 986 897 de
1001 836 1093 898 saeris
1108 837 1264 916 Aegyptia-

49 921 94 981 cis
117 920 228 982 Rornae
250 920 394 982 restitutis
416 919 577 1000 loquitur·‚
610 919 903 1002 quam'peregriuam
930 920 1103 1000 religionem
1125 922 1212 982 variis
1234 921 1265 981 in

52 1005 131 1067 Urbe
154 1006 221 1066 latis
244 1003 399 1066 obnoxiam
411 1006 435 1077 l,
465 1005 491 1066 si
512 1004 586 1065 lulio
609 1005 794 1086 Capitolino⁸
815 1007 971 1078 eredimus,
994 1000 1107 1068 blareus
1128 1005 1264 1066 Aurelius

50 1108 178 1168 perosus
201 1098 248 1150 est
269 1099 298 1151 et
318 1088 403 1167 plane
425 1089 535 1150 Pelusii
556 1091 700 1170 repressit
722 1100 782 1161 et,¹
800 1089 877 1170 quod
904 1089 973 1150 inde
994 1107 1053 1150 non
1075 1090 1140 1152 sine
1161 1109 1266 1168 magrra

51 1175 114 1234 reri
139 1175 237 1252 specie
261 1174 455 1252 colligeretur,
478 1174 569 1234 multo
590 1175 683 1254 magis
699 1175 809 1236 Romae
832 1175 960 1236 sustulit.
996 1175 1172 1237 Restituisse
1194 1185 1264 1234 vero

48 1259 224 1337 Serapidem
240 1258 367 1320 Seuerus
389 1259 514 1331 videtur,
536 1257 585 1338 qui
608 1277 727 1320 omnem
747 1261 907 1339 Aegyptum
929 1259 1093 1338 peragravit
1114 1268 1144 1320 et
1165 1277 1266 1320 sacer-

50 1343 127 1403 rima
150 1343 214 1404 eius
237 1344 384 1422 mysteria,
407 1339 517 1406 πάντα
531 1343 584 1405 καὶ
607 1340 694 1406 πάνυ
715 1347 898 1427 κεκρυμένα,
923 1344 1043 1405 rimatos
1066 1343 1131 1404 est*
1153 1344 1267 1404 libros-

47 1447 110 1506 que
133 1446 167 1488 ex
189 1428 284 1506 adytis
306 1427 427 1488 abstulit
448 1436 476 1488 et
498 1447 532 1488 ex
554 1428 609 1488 bac
629 1429 865 1508 peregrinatione
887 1437 1009 1508 proptor
1022 1427 1195 1518 religionem
1208 1429 1265 1490 Se-

49 1511 173 1589 rapidis,
197 1530 283 1592 quam
306 1511 493 1573 vehomenter
516 1512 639 1584 amabat,
662 1531 795 1592 magnam
817 1513 1126 1592 voluptatemoepiv.
1156 1513 1266 1575 lterum

49 1597 142 1657 etiam
157 1596 355 1658 Tertullianus
378 1598 407 1658 in
422 1594 631 1676 apologeticof
650 1606 790 1676 provocat
811 1598 845 1659 ad
867 1594 1028 1658 Ptolomaei
1049 1597 1267 1668 bibliothecam,

51 1699 128 1760 quae
150 1681 186 1742 ad
208 1681 368 1760 Serapeum
390 1691 469 1742 esset
490 1688 520 1741 et
541 1681 572 1742 S.
595 1681 761 1760 Scripturae
789 1680 880 1743 libros
907 1681 1062 1743 hebraicos
1089 1682 1269 1753 continerem

53 1765 138 1843 quasi
159 1765 427 1845 ntSeverumlmp.
451 1775 593 1836 moneret,
616 1767 709 1828 luisse
731 1785 797 1828 eum
819 1785 880 1827 non
903 1766 941 1827 ita
956 1766 1070 1846 pridem
1090 1766 1121 1826 in
1137 1765 1268 1846 Aegypto

12 1893 13 1898 η
54 1859 86 1910 et
107 1849 294 1912 Alexandriae
329 1850 479 1929 librosque
511 1868 613 1911 sacros
653 1851 883 1929 conquisivisse‚
926 1851 961 1911 ad
990 1851 1151 1930 Serapeum
1185 1865 1268 1923 vero,

12 1963 13 1966 ¹
54 1933 141 1994 cuius
164 1933 221 2012 ipsi
242 1943 299 1995 tam
322 1935 478 2013 religiosus
500 1934 595 1996 cultus
618 1945 708 2007 esset,
732 1945 860 1997 veterum
881 1928 1089 2015 propbetar'um
1111 1935 1268 1996 hebraico-

12 2047 14 2060 ν
56 2037 124 2079 rum
145 2019 290 2079 volumina
312 2018 435 2098 reperiri
457 2019 600 2098 potuisse.
644 2019 732 2080 Petiit
754 2029 849 2081 autom
865 2021 992 2081 Severus
1007 2022 1178 2099 Aegyptum,
1202 2037 1269 2080 cum
1297 2071 1302 2082 .

12 2129 14 2156 ι
56 2123 72 2162 a
95 2102 173 2164 bello
193 2103 328 2164 Parthico
350 2104 474 2175 rediret,
497 2121 622 2182 comque
644 2104 674 2164 in
695 2103 754 2164 boc
773 2104 880 2165 bellum
903 2123 928 2164 a.
951 2103 1097 2165 cxcvttt.
1120 2106 1269 2183 protectus

12 2209 15 2242 2.
55 2187 110 2256 sit,
145 2188 243 2248 nescio
266 2206 302 2248 an
325 2189 493 2248 coniectura
514 2205 586 2247 vana
610 2207 656 2248 me
679 2188 771 2261 sallat,
805 2189 831 2250 si
853 2189 1074 2268 Apologeticum
1100 2190 1271 2267 posthunc

53 2289 165 2331 anunm
194 2273 390 2352 compositum
412 2289 480 2332 esse
502 2272 662 2333 crederem.
706 2273 807 2352 Neque
830 2273 916 2334 etiam
945 2273 1013 2333 huic
1035 2273 1168 2351 opinioni
1189 2273 1267 2334 mul·
1324 2265 1327 2276 '

56 2369 117 2417 tum
142 2357 282 2430 obstaret,
305 2357 383 2436 quod
399 2356 594 2418 Tertullianus
617 2376 652 2418 oo
676 2365 817 2437 ternpore,
841 2377 899 2436 qno
914 2357 1008 2418 Albini
1031 2357 1171 2436 reliquiae
1194 2375 1268 2418 con-

54 2441 242 2514 terebantur,
265 2460 318 2519 pro
341 2441 515 2502 Christianis
538 2441 729 2520 scripseritss,
764 2444 870 2503 lactum
891 2442 949 2520 boc
969 2450 1066 2503 autem
1089 2449 1170 2502 esset
1192 2460 1268 2502 anuo

54 2525 215 2600 cxcvsst,
243 2527 413 2604 priusquam
443 2533 543 2586 contra
565 2526 690 2587 Parthos
712 2535 853 2587 moveret.
897 2527 1004 2599 Quidni
1027 2526 1104 2586 enim
1128 2527 1269 2587 Severum

55 2611 145 2670 etiam
168 2610 321 2671 absentem
344 2619 373 2670 et
394 2610 429 2672 ab
445 2609 521 2671 Urbe
543 2612 707 2689 protectum
731 2611 823 2671 iussis
847 2611 909 2672 suis
933 2612 963 2670 in
985 2610 1112 2691 partium
1135 2610 1190 2671 sibi
1214 2611 1267 2670 ad-

56 2713 210 2756 versarum
234 2695 363 2755 asseclas
386 2695 499 2756 saevire
521 2695 654 2772 potuisse
676 2695 876 2765 conficiamus,
899 2713 964 2755 curn
987 2695 1026 2756 ita
1048 2712 1108 2754 non
1124 2693 1270 2754 coniicere

13 2819 14 2824 κ
54 2779 107 2840 sed
134 2779 255 2840 credere
277 2779 379 2840 Dionis
403 2777 602 2840 auctoritate¹²
622 2779 716 2850 beent,
739 2780 877 2856 quicum
901 2779 1027 2839 Severus
1050 2785 1079 2838 et
1100 2777 1270 2839 Plautianus

50 2867 83 2924 in
107 2863 231 2925 Oriente
254 2863 413 2924 militarent
433 2863 545 2932 Romae
563 2871 663 2923 tarmn
692 2862 805 2940 aliquos
834 2864 869 2923 ad
905 2862 1021 2923 caedem
1051 2861 1219 2940 designatos
1243 2867 1272 2920 ot

13 2989 14 2992 κ
57 2949 165 3008 ductos
187 2967 254 3008 esse
276 2949 435 3009 memoriae
462 2945 601 3025 prodidit.
644 2947 688 3007 Ex
715 2946 763 3008 bis
790 2947 887 3007 causis
910 2945 1128 3026 apologeticum
1152 2945 1270 3007 Tertul-

13 3075 15 3082 .
58 3031 131 3092 liani
153 3033 245 3093 edicta
267 3033 385 3111 quidem
407 3032 507 3092 Severi
534 3031 744 3109 praecessisse,
774 3049 840 3091 cum
863 3031 894 3090 S.
917 3032 951 3091 ll.
974 3029 1138 3091 blosbemio
1162 3031 1270 3091 immo-

59 3125 122 3176 tum
145 3133 209 3177 esse
230 3127 312 3197 puto,
334 3135 430 3195 neque
451 3123 548 3176 tamen
571 3133 636 3175 eum
658 3133 735 3176 anno
748 3115 905 3188 CXCVffl„
929 3115 982 3175 sed
1004 3114 1150 3193 aliquanto
1174 3115 1272 3176 serius

13 3249 14 3272 ,
56 3199 207 3279 prodiisse
229 3204 389 3278 crederem.
435 3201 521 3273 Quod
544 3209 639 3260 autem
662 3199 692 3259 in
714 3199 910 3260 blontanismo
933 3199 1059 3279 scriptus
1083 3198 1130 3273 sit,
1154 3199 1269 3272 erbis,

14 3333 15 3338 ,
57 3305 135 3364 cquae
159 3304 246 3366 supra
269 3287 404 3357 diximus,
427 3283 617 3356 dubitatione,
641 3283 758 3362 opinor,
781 3284 899 3345 carebit.

616 3454 646 3529 a.
673 3452 708 3512 x.

147 3589 230 3662 Quae
264 3588 492 3650 Montanismum
510 3587 707 3668 ¹apologetici
743 3587 947 3650 demonstrant
974 3595 1159 3667 argumenta,
1196 3588 1276 3648 velut

13 3683 14 3690 ’
59 3675 166 3734 eodem
194 3674 305 3754 impetu
333 3672 424 3734 libros
453 3673 487 3732 ad
510 3672 649 3734 Nationes
679 3682 708 3733 et
729 3673 810 3734 uum
837 3673 874 3734 de
896 3672 1080 3734 Testimonio
1101 3671 1221 3732 Animae
1242 3671 1272 3730 in

59 3759 189 3820 similem
212 3758 412 3838 suspicionem
436 3758 561 3818 trahunt.
605 3755 706 3834 Neque
728 3757 807 3818 enirn
829 3757 900 3818 baec
922 3756 1062 3836 opuscula
1083 3755 1223 3816 dillerunt
1237 3754 1275 3814 ab

13 3845 14 3868 ¹
59 3842 261 3922 apologetico,
288 3841 347 3902 nisi
367 3841 544 3921 prolixitate,
574 3840 752 3919 eandemque
775 3841 986 3912 defensionem,
1010 3857 1096 3918 quam
1118 3837 1275 3898 Tertullia-

13 3923 16 4010 ¹.
61 3946 120 3986 nus
142 3925 369 3990 iuboclibebn
391 3924 520 3987 velutin
542 3943 671 4004 pugnum
693 3932 920 4004 compresserat,
942 3924 1089 4001 aliquanto
1111 3921 1198 3982 latius
1222 3941 1275 3982 ex·
1345 3963 1348 3970 .

99 4127 121 4159 a.
140 4111 238 4160 Tertull.
264 4089 363 4177 bpolog.
383 4127 434 4174 cap.
453 4111 487 4160 6.·.
505 4113 557 4160 licet
575 4111 644 4160 Sero-
696 4111 751 4158 lium
769 4112 804 4159 rel
821 4111 1011 4174 locommsoisre,
1032 4109 1276 4171 Sereroelpeeposteo

14 4191 16 4212 t
59 4181 115 4244 pidi
134 4183 178 4228 lom
197 4181 293 4231 domoon
312 4197 365 4230 eros
384 4183 549 4228 restruendis.
696 4193 783 4241 semper
800 4179 906 4227 oelardit.

14 4261 16 4298 ἶ
97 4248 120 4300 ¹¹·
140 4246 323 4311 Binckmhffl
351 4248 380 4296 αθ
405 4247 480 4309 MN·
500 4248 594 4308 '’W‘'
620 4260 644 4309 P·
732 4270 747 4317 l.
767 4265 1275 4332 Tertulllpologet.cap.23.:llodieopud

62 4314 122 4364 Μ’
191 4383 196 4392 .
236 4383 241 4392 .
293 4383 298 4392 .
489 4380 494 4392 .
697 4339 819 4400 Serapeum
835 4337 957 4386 Ptolomaei
976 4335 1125 4386 bibliotbreoe
1142 4351 1192 4386 rum
1216 4337 1276 4400 ipsis

98 4399 118 4432 ⁰·
138 4383 267 4460 Cimm'm'
293 4398 315 4431 ¹⁰
334 4381 363 4432 Μ
382 4383 433 4430 ΑΜ·
453 4380 513 4429 ΡΜ·
532 4395 584 4443 ”N
604 4379 644 4429 ²3·
698 4407 810 4456 hebraicis
828 4406 901 4452 literis
919 4405 1060 4454 ecbibeulur.

98 4451 121 4499 d.
142 4451 210 4499 llrou.
232 4451 299 4500 Cass.
319 4451 371 4499 lab.
388 4447 469 4497 tttxt
490 4463 513 4510 p.
532 4447 587 4496 856.

99 4533 120 4566 e.
140 4519 291 4581 Spartiatam
307 4519 385 4565 Seuer.
396 4531 447 4578 cop.
459 4515 505 4564 tt:
524 4517 647 4566 larundam
731 4512 751 4558 3·
771 4496 871 4544 Tenum·
891 4495 946 4543 ibid·
963 4509 1014 4558 ΜΡ·
1034 4493 1073 4543 35·

65 4588 111 4632 sibi
128 4589 333 4648 peregrinationem
343 4589 400 4634 boae
408 4591 500 4647 propter
514 4585 647 4645 religionem
732 4581 754 4629 b.
774 4580 825 4628 llio.
844 4579 910 4628 Cass.
936 4578 988 4628 Lib.
1010 4576 1091 4633 LXXV.
1117 4595 1139 4643 p.
1164 4579 1213 4628 854
1237 4593 1277 4643 sq.

66 4653 106 4700 dei
124 4655 241 4718 Serapidis
266 4661 286 4703 et
308 4659 402 4718 propter
418 4653 540 4700 aevitatem
558 4653 647 4700 oaimo·
699 4657 722 4699 et
739 4663 763 4712 p.
782 4647 840 4696 lbi.

1019 4729 1074 4781 at*
