3092 5234
450 385 585 430 uocaoaa
607 383 649 427 ro.
672 385 740 428 una.
761 385 925 440 noasaccr.
1234 369 1298 432 butt
1420 383 1422 388 ’

70 535 135 598 iure
149 531 284 596 cadum
299 532 405 596 ceteris
429 533 529 613 negari
551 533 676 607 dehere;
691 535 771 614 quod
792 535 924 597 ostendit
936 535 1071 614 proiecto
1085 534 1296 598 Tertullianum

73 627 132 680 tum
154 636 190 678 ex
210 617 259 678 illa
281 617 423 679 societate
445 635 528 680 sacra
550 618 655 690 titisse,
683 637 759 697 quae
787 619 901 680 nullum
923 618 1001 680 diem
1023 617 1139 697 publica
1160 628 1191 680 et
1211 637 1295 682 eom·

71 702 151 764 muni
172 701 350 762 abstinentia
372 719 388 761 a
411 701 478 762 cibo
501 701 667 763 celebrabat
688 711 806 782 praeter
827 721 905 774 eum,
928 721 987 782 quo
1001 701 1138 764 Christus
1159 711 1294 766 mortuus

70 795 148 860 srat3
169 803 238 846 uam
260 785 325 846 dies
347 783 479 846 Paschae
501 793 547 846 est
569 785 604 856 is,
627 785 678 864 qui
699 795 764 848 erat
784 786 943 847 memoriae
965 787 1033 847 lesu
1049 785 1197 848 interemti
1218 805 1293 848 oon-

71 867 235 930 sacratus.l
287 867 444 929 Enimvero
467 869 626 930 Christiani
654 877 771 930 veteres
793 869 964 931 Tertulliani
986 878 1121 949 tempore
1147 888 1209 932 non
1236 871 1294 932 nisi

68 954 149 1015 hunc
168 952 247 1015 dem
269 952 465 1013 communiter
485 951 582 1013 inedia
604 953 791 1014 celebrabant
811 963 980 1033 propterea,
1003 955 1083 1031 quod
1104 963 1165 1016 tum
1178 952 1294 1017 aiebant

68 1053 215 1116 sponsum
242 1036 337 1097 luisse
364 1035 509 1108 oblatum3
537 1044 567 1096 et
594 1044 692 1097 tamen
722 1035 918 1098 Tertullianus
947 1037 978 1098 in
1005 1037 1082 1098 libro
1110 1039 1147 1098 de
1171 1038 1292 1100 leiuniis

66 1125 104 1192 (o.
128 1124 184 1194 2.),
207 1119 257 1199 qui
279 1127 325 1181 cst
346 1118 424 1181 haud
447 1119 535 1182 dubie
555 1139 580 1180 e
607 1139 731 1182 numero
754 1121 1027 1183 Monmnistleorum
1049 1139 1184 1195 suorum,
1212 1123 1290 1182 mul·-

67 1214 129 1265 tum
152 1203 300 1281 vituperat
320 1204 395 1265 hane
416 1204 662 1266 consuetudinem
682 1223 775 1266 unum
795 1206 877 1266 hunc
897 1205 976 1266 diem
998 1205 1146 1266 communi
1161 1206 1291 1266 ieiunio-

65 1307 134 1349 rum
152 1287 295 1366 religione
324 1287 501 1361 celebrandi,
531 1297 634 1367 estque
657 1289 730 1350 satis
753 1289 872 1362 clarum,
894 1289 1085 1350 hlontanistas
1099 1290 1201 1368 plures
1217 1290 1291 1352 ulios

66 1373 131 1432 dies
168 1372 327 1432 ieiunando
355 1379 472 1450 praeter
498 1371 575 1432 diem
603 1371 713 1434 Christi
746 1373 938 1434 emortualem
974 1373 1153 1435 celebrasse.
1209 1375 1292 1442 Unde

66 1454 182 1517 elicitur
203 1455 290 1516 illud:
314 1455 537 1528 Tertullianum,
560 1473 625 1517 cum
648 1455 728 1516 hunc
748 1456 939 1527 timoratione
958 1456 1066 1518 librum
1088 1465 1292 1536 componeret,

65 1540 201 1600 nondum
223 1539 253 1598 in
275 1547 374 1618 partes
396 1540 641 1600 hlontanistarum
664 1541 837 1602 secessisse.
888 1541 976 1612 Quod
1005 1559 1083 1601 noro
1112 1549 1212 1619 potest
1239 1561 1289 1606 ar-

66 1630 206 1701 gumento
229 1623 317 1683 diecto
341 1641 374 1682 ex
398 1631 523 1700 utroque
545 1623 643 1683 libello
666 1624 844 1696 confirmari,
867 1641 992 1702 quorum
1014 1625 1040 1686 si
1062 1625 1129 1703 quis
1147 1625 1211 1686 loca
1233 1626 1290 1686 alio

66 1715 168 1786 potest
187 1707 278 1767 modo
300 1706 331 1766 in
353 1706 541 1767 concordiam
570 1707 704 1785 redigere
732 1725 818 1786 quam
846 1727 893 1780 eo,
921 1725 1009 1786 quem
1038 1709 1175 1781 diximus,
1203 1710 1290 1770 ducto

66 1811 82 1851 a
106 1790 221 1852 diversa
234 1789 406 1850 Tertulliani
428 1789 582 1869 disciplina
607 1799 739 1869 tempore
762 1791 915 1870 utriusque
930 1792 1090 1870 conscripti
1105 1793 1205 1864 libelli,
1224 1811 1290 1854 eum

65 1873 231 1935 audiemus.
275 1873 346 1935 Nam
369 1891 436 1934 cum
457 1875 488 1934 iu
511 1891 547 1934 eo
570 1875 606 1936 de
629 1875 770 1936 Oratione
793 1879 831 1949 (c.
853 1879 917 1952 25.)
940 1876 1144 1936 descendisset
1163 1876 1202 1937 ad
1224 1876 1288 1937 dis·

65 1957 248 2036 putationem
278 1957 314 2017 de
343 1965 477 2036 tempore
498 1975 619 2036 precum
640 1958 702 2018 lieo
726 1959 953 2030 offerendarum,
983 1959 1095 2020 honum
1117 1960 1147 2019 id
1170 1960 1290 2038 quidem

65 2061 145 2108 esse,
181 2041 286 2120 inquit,
317 2041 459 2120 quasdam
487 2049 583 2102 certas
613 2050 642 2102 et
666 2045 738 2103 lixas
760 2043 843 2121 quasi
866 2043 956 2102 horas
978 2041 1115 2120 precibus
1137 2043 1289 2118 destinari,

64 2125 182 2185 tertiam
206 2125 317 2187 scilicet
338 2133 368 2186 et
389 2133 500 2186 sextam
524 2134 553 2186 et
574 2143 683 2186 nonem
711 2125 748 2186 ab
769 2127 920 2204 Apostolis
947 2145 1065 2204 quoquc
1087 2127 1289 2200 observatam3

63 2211 117 2270 sed
140 2208 170 2269 id
192 2209 309 2287 quidem
331 2209 405 2281 lieri,
438 2209 546 2282 adiicit,
575 2214 640 2270 stite
668 2210 764 2271 ullius
793 2211 1015 2272 observationis
1029 2221 1202 2290 praecepto,
1232 2229 1288 2271 ne-

12 2329 13 2350 t
64 2311 122 2371 que
146 2293 209 2371 lege
232 2301 403 2371 praeceptas
427 2311 494 2353 csse
516 2293 588 2354 alias
609 2301 728 2372 praeter
758 2294 903 2373 lepitrmos
933 2299 1088 2357 orationes
1117 2295 1147 2354 h.
1171 2314 1198 2355 e.
1227 2311 1288 2367 eas,

63 2395 139 2454 (quae
177 2376 233 2438 suh
270 2385 337 2436 ortu
370 2377 444 2438 lucis
477 2377 630 2454 noctisque
658 2378 900 2455 pronunciantur.
945 2377 982 2438 lit
1004 2396 1028 2438 c.
1052 2381 1104 2441 23.
1127 2389 1216 2438 extu:
1245 2378 1289 2439 De

12 2511 13 2520 ,
63 2461 266 2540 temporibus,
302 2460 413 2538 inquit,
451 2465 600 2522 orationis
635 2461 713 2522 nihil
741 2467 861 2523 omnino
886 2467 1115 2540 praescriptum
1145 2471 1199 2528 est.
1229 2467 1292 2523 nisi

12 2585 13 2596 ,
60 2546 155 2624 plone
178 2549 260 2606 omni
280 2547 467 2624 intempore
490 2556 519 2606 et
542 2545 606 2606 loco
631 2562 732 2606 orere.
777 2545 836 2604 Sed
859 2544 908 2604 ille
930 2545 960 2604 iu
982 2542 1080 2604 libello
1109 2545 1145 2605 de
1168 2544 1288 2606 Ieiuniis

61 2628 224 2707 peracerba
253 2627 378 2706 exaptat
405 2628 587 2689 orthodoxae
609 2627 758 2688 Ecclesiae
787 2627 919 2688 addictos
947 2636 984 2700 (e.
1008 2630 1051 2702 2.)
1078 2635 1203 2706 propter
1224 2647 1289 2688 eam

62 2731 195 2784 causam,
222 2711 301 2790 quod
331 2711 537 2772 abstinendum
560 2729 629 2772 esse
651 2710 787 2771 dicebant
808 2729 823 2770 a
845 2710 912 2771 cibo
936 2728 974 2771 eor
995 2713 1137 2780 arbitrio,
1167 2729 1229 2772 non
1251 2729 1289 2772 eor

60 2800 190 2877 imperio
219 2814 316 2857 nouae
344 2795 530 2875 disciplinae,
565 2794 625 2874 'pro
649 2795 833 2876 temporibus
862 2805 891 2856 et
919 2797 1019 2853 censis
1041 2797 1286 2871 uniuscuiusque,

61 2889 91 2940 et
115 2883 270 2941 erutiones
294 2885 382 2940 etiam
410 2880 478 2957 [ere
507 2879 584 2939 horo
611 2896 690 2938 novo
720 2877 930 2937 concluderent
962 2877 996 2936 de
1024 2875 1109 2938 Petri
1135 2877 1288 2956 enempio;
1356 2905 1361 2910 ·

60 2963 201 3041 additque
223 2963 332 3024 diserte
362 2966 398 3038 (c.
425 2967 487 3034 10.)
516 2961 605 3044 soluo
630 2961 722 3040 plone
750 2961 956 3040 indifferentia
977 2976 1094 3037 suuper
1123 2968 1152 3020 et
1181 2961 1288 3038 ubique

61 3061 90 3111 et
115 3051 351 3126 omnitempore
375 3047 493 3120 orondr',
523 3056 621 3106 tamen
649 3054 713 3105 tres
728 3047 816 3105 istus
847 3043 938 3104 horos
968 3042 1163 3103 solemniores
1190 3045 1289 3121 fnisse

59 3139 92 3194 in
118 3131 309 3194 cretionibus
332 3131 459 3200 diuinist
496 3135 525 3188 et
553 3145 615 3207 cap.
641 3130 690 3190 13.
719 3126 755 3187 ad
784 3126 879 3205 ipsam
906 3134 1049 3204 provocat
1074 3125 1168 3204 legem
1190 3145 1207 3186 a
1228 3124 1286 3186 Pa-

58 3215 172 3276 racleto
207 3213 322 3284 datam,
356 3231 412 3292 qua
445 3213 521 3273 hanc
541 3211 785 3272 montanistarum
806 3209 1050 3271 consuetudinem
1071 3210 1286 3272 confirmasset.

60 3299 179 3371 Quibus
202 3297 340 3359 omnibus
363 3297 488 3357 vincitur
515 3296 593 3356 haud
622 3295 720 3368 dubie,
753 3293 837 3355 aliam
866 3311 991 3372 prorsus
1015 3293 1186 3354 Tertulliani
1215 3313 1285 3353 sen-

59 3384 185 3444 teutiam
207 3382 312 3453 luisse,
335 3399 400 3442 cum
423 3380 460 3440 de
483 3380 626 3441 Oratione
649 3379 755 3440 librum
778 3381 978 3457 componeret.
1011 3376 1154 3456 lienique,
1178 3387 1210 3438 ut
1232 3377 1287 3438 alia

59 3467 198 3528 omittam
219 3465 320 3537 multa,
344 3465 374 3525 id
397 3463 468 3525 mihi
490 3464 607 3525 videtur
628 3481 734 3542 magno
757 3471 930 3542 argumento
952 3479 1021 3522 esse
1043 3461 1079 3523 ad
1095 3461 1287 3522 asserendam

58 3553 138 3613 libro
160 3557 265 3610 nosue
288 3540 497 3630 ὀρθοδοξίαν,
527 3549 605 3626 quod
638 3547 745 3609 nullam
770 3547 800 3608 in
822 3547 880 3607 hoc
900 3547 986 3617 libro,
1020 3564 1087 3606 cum
1109 3547 1145 3606 de
1167 3544 1286 3606 ieiuniis

58 3655 93 3696 uc
133 3633 312 3694 stationibus
345 3631 476 3693 crebrius
509 3631 647 3704 disserat,
680 3631 791 3692 inliciat
818 3630 997 3690 mentionem
1030 3629 1286 3706 xerophagiarum,

57 3739 134 3797 quas
157 3725 238 3778 tauto
260 3735 327 3777 cum
349 3718 465 3776 lervore
488 3715 518 3776 in
540 3715 616 3775 libro
644 3715 681 3774 de
703 3714 823 3774 ieiuniis
852 3731 915 3790 cap.
939 3716 969 3774 2.
992 3717 1010 3774 5
1046 3729 1110 3789 sqq.
1141 3709 1286 3782 defendite

58 3801 146 3863 cuius
170 3800 341 3862 omissionis
363 3798 465 3861 dubito
487 3817 525 3858 an
548 3797 605 3858 ulla
627 3796 779 3858 alienatio
801 3797 883 3856 reddi
906 3795 1013 3873 possit,
1037 3811 1122 3871 quam
1138 3811 1184 3864 ea,
1207 3793 1286 3870 quod

58 3897 197 3962 tempore
219 3884 321 3962 scripti
343 3883 433 3945 libelli
456 3881 552 3942 nostri
575 3880 624 3940 isti
647 3881 795 3942 Ecclesiae
823 3880 955 3940 addictus
985 3877 1074 3938 luerit
1100 3895 1175 3953 quae
1196 3893 1285 3936 aero-

58 3969 184 4048 phagias
208 3971 254 4034 (ut
274 3968 315 4028 ait
336 3968 367 4028 iu
388 3966 463 4027 libro
486 3967 522 4026 de
543 3963 668 4027 ieiuniis
692 3983 717 4024 e.
740 3967 771 4026 2.
783 3982 812 4042 p.
828 3981 868 4023 m.
885 3965 956 4026 702.
971 3961 1017 4036 l.)
1041 3977 1151 4021 nouum
1172 3959 1287 4020 dicebat

59 4054 200 4134 affectati
220 4052 318 4130 officii
337 4069 447 4114 nomen
467 4069 533 4111 esse
554 4061 584 4112 et
602 4051 777 4130 promimum
799 4047 932 4109 ethnicae
946 4045 1184 4124 superstitionis.
1207 4043 1286 4103 llaec

60 4135 163 4196 omnia
192 4135 263 4196 mibi
291 4135 383 4196 multo
414 4134 549 4195 ridentum
577 4131 670 4210 magis
699 4129 842 4191 audienda
877 4147 965 4208 mam
993 4143 1067 4205 quae
1089 4123 1284 4186 hoffmannus
1412 4199 1422 4207 „

58 4220 98 4281 ad
127 4219 330 4280 vindicandam
360 4219 530 4298 opinionem
558 4235 641 4277 suam
662 4215 792 4295 profert,
825 4213 931 4292 qaaibus
961 4210 1016 4272 alia
1037 4209 1207 4272 nonnullius
1229 4229 1284 4272 au-

58 4303 207 4366 ctoritatis
229 4321 288 4365 tros
309 4305 397 4365 etiam
419 4301 477 4382 ipsi
499 4318 668 4381 possemus,
691 4299 717 4360 si
738 4315 863 4358 necesse
875 4303 964 4368 esset,
987 4294 1105 4356 addere.
1132 4293 1285 4355 Simillima

57 4389 174 4450 scilicet
196 4405 275 4462 esse,
297 4387 347 4460 ait,
371 4405 415 4460 ee,
438 4403 514 4464 quae
535 4385 584 4446 hic
606 4389 643 4460 (e.
659 4385 724 4458 22.)
741 4382 777 4442 de
791 4379 954 4459 virginibus
968 4379 1099 4439 velandis
1114 4378 1284 4457 praecipiat,

57 4493 176 4546 eorum,
199 4464 274 4554 quac
295 4473 332 4534 ab
355 4491 390 4533 eo
413 4471 444 4532 in
464 4469 541 4530 libro
562 4468 651 4530 huius
673 4463 836 4546 argumenti
859 4463 1068 4525 defenduntur:
1097 4462 1176 4540 quod
1198 4462 1284 4538 longe

93 4589 321 4641 hildemarum
341 4589 442 4648 lodaeps
460 4587 523 4638 iiber
541 4601 562 4638 e.
581 4585 622 4636 lb.
