3122 5250
274 293 336 360 368
372 311 563 355 DISSEllTtho
579 313 609 355 lli
625 311 771 362 ou.stt1³r.
786 311 872 354 FLOR·
887 309 1083 354 manumitti
1094 311 1320 354 trotoos‘ttetttt
1335 312 1413 354 CE'lT.

316 455 319 462 ’
358 461 476 524 Nullum
496 480 586 540 porro
609 479 733 540 aequum
755 479 855 522 rerum
876 461 1095 524 aestimatorem
1116 475 1182 522 esse
1203 469 1349 540 putamus,
1376 461 1421 540 qui
1439 479 1465 522 ea

276 549 323 610 his
351 565 425 626 quae
447 548 588 609 hactenus
609 546 686 608 dieta
709 554 778 608 suut
811 546 895 608 iacile
915 563 975 607 non
997 545 1139 624 intelligat
1158 546 1259 624 quami
1292 545 1405 608 roboris
1435 546 1466 606 sit

275 632 348 694 haec
374 631 509 692 Auctoris
541 631 636 692 nostri
669 631 898 709 argumentatio,
935 629 1018 693 cuius
1047 629 1179 708 pondere
1207 631 1341 692 ethnicos
1366 630 1466 710 panitas

275 716 381 789 obnuit,
405 715 455 794 qui
476 735 509 776 se
529 715 644 795 legibus
666 715 729 776 suis
751 715 787 776 ad
803 715 974 776 cmciendos
989 714 1194 794 tollendosque
1210 713 1389 778 Christianos
1403 713 1463 774 obli·

273 801 335 882 gari
357 799 551 862 venditabant
593 799 668 861 Nam
689 800 742 862 has
765 809 794 862 et
815 799 1014 878 iniquissimas
1042 806 1072 859 et
1098 799 1134 859 ab
1156 799 1350 878 iniquissimis
1372 799 1464 878 prind-

273 885 360 966 pibus
388 886 470 946 datas
500 903 568 946 esse
598 884 819 946 demonstrarit.
862 884 923 945 Nee
949 885 1048 946 miuus
1076 882 1237 946 luculenter
1265 884 1400 964 patefecit
1416 882 1465 944 illas

274 989 291 1032 a
322 969 520 1049 compluribus
549 968 613 1029 aliis
652 969 798 1048 probitate
821 977 851 1030 ot
879 969 1022 1048 aequitate
1043 967 1186 1046 praeditis
1225 979 1373 1032 correctas
1392 967 1465 1028 luisse

273 1063 303 1116 et
325 1054 503 1117 emendatas.
546 1053 678 1132 nonique
698 1055 749 1133 qui
770 1053 879 1114 nrdhm
901 1053 930 1113 iu
954 1052 1136 1114 Christianos
1163 1053 1293 1116 trderom
1313 1053 1416 1133 legem,
1443 1049 1465 1110 bi

273 1139 467 1217 proculdubio
488 1138 567 1212 illos,
589 1147 727 1217 quantum
750 1137 888 1218 iniquitas
910 1145 1076 1217 temporum
1098 1137 1224 1206 sinebat,
1248 1137 1335 1200 tutari
1357 1155 1389 1199 ec
1407 1154 1464 1217 pru-

273 1232 373 1304 tegere
396 1223 587 1285 conabantur.

736 1420 737 1428 '
775 1439 894 1502 osrur
919 1441 980 1502 xx.

272 1561 306 1614 bs
325 1561 403 1614 lassae
421 1562 513 1612 diriore
532 1562 661 1612 maiestatis
674 1560 822 1619 criminibus,
840 1575 942 1624 quorum
955 1560 1080 1610 Christiani
1100 1568 1147 1608 mm
1167 1559 1228 1610 iulso
1247 1573 1319 1624 quarn
1336 1558 1464 1624 impudenter

616 1629 645 1676 ab
664 1629 765 1678 ethnicis
783 1629 879 1678 illorum
898 1630 946 1678 reis
964 1628 1145 1678 accusabantur.

776 1812 941 1862 hlt'llCULllS
961 1814 980 1861 l.

272 1917 341 1967 Quam
360 1915 438 1958 invicte
454 1915 603 1958 l'srtullionus
621 1916 756 1958 demonstret
773 1913 909 1958 Christianos
928 1917 1035 1958 immerito
1054 1915 1155 1957 nomiari
1172 1914 1304 1958 infanticidii
1328 1913 1371 1959 siro
1393 1911 1463 1956 intrata

269 1987 293 2030 iu
311 1985 381 2028 sacris
400 1995 476 2028 eorum
494 1983 610 2038 synaxibus
628 1983 705 2034 occisi,
731 1994 835 2027 comesse
853 1990 930 2038 posteo
955 1985 1003 2026 eius
1022 1983 1093 2026 carnis
1112 1982 1225 2038 potatique
1244 1983 1367 2038 sanguinis,
1393 1986 1462 2024 actu·

379 2051 464 2106 pissimi
481 2050 591 2122 incestusb
611 2062 723 2104 vanasque
742 2051 879 2094 ethnicorum
898 2051 1048 2095 cavillationes
1067 2049 1163 2092 funditus
1181 2057 1274 2104 evertat,
1292 2051 1328 2094 ubi
1346 2051 1372 2094 do

615 2117 761 2172 Cruopenuis,
779 2117 925 2173 Sciapodibus
945 2125 966 2160 et
982 2117 1132 2172 hntipodibus.

353 2232 455 2294 Nullus
478 2231 513 2292 ad
535 2231 682 2292 vexandos
704 2232 930 2311 perdendosque
945 2231 1129 2294 Christianos
1150 2231 1225 2294 alius
1249 2229 1461 2312 superenateth-

270 2317 344 2378 uicis
366 2325 544 2395 praetextus,
567 2315 625 2376 nisi
646 2325 680 2378 ut
700 2335 751 2378 eos
774 2317 906 2395 capitalis
928 2317 1056 2378 alicuius·
1071 2317 1200 2378 criminis
1225 2337 1343 2397 quoqm
1364 2315 1462 2378 taudem

268 2401 358 2462 nsodo
380 2408 560 2462 accusarent.
607 2402 644 2462 nt
673 2419 707 2462 eo
730 2401 839 2462 luroris
868 2409 898 2460 et
919 2400 1083 2462 dementiae
1104 2411 1329 2481 processerant,
1361 2409 1391 2462 ut
1408 2397 1461 2459 illos

268 2505 328 2548 non
351 2486 437 2547 utrius
458 2495 569 2561 tantum
592 2485 690 2565 llagitii
712 2504 780 2546 reos
803 2486 943 2558 dicerent,
972 2487 1024 2547 sed
1047 2492 1185 2557 omnnem,
1208 2497 1243 2548 ut
1265 2489 1304 2548 ait
1324 2483 1461 2549 Tertulla-

268 2590 334 2644 nus,
367 2571 514 2633 scelerum
540 2588 608 2632 reos
631 2572 764 2642 deorum,
794 2575 1019 2650 imperatorum,
1053 2571 1156 2650 legem,
1184 2590 1307 2634 morum
1333 2590 1366 2634 oc
1386 2571 1462 2630 totto

268 2667 398 2719 naturae
432 2659 566 2718 a'uimt'cos
603 2655 786 2729 (Tertullian.
807 2655 959 2734 hpologet.
989 2674 1051 2735 cap.
1080 2659 1134 2730 2.).
1184 2657 1296 2718 Verum
1330 2655 1391 2736 quis
1420 2653 1462 2712 hae

267 2741 353 2820 plane
375 2740 522 2802 horrenda
544 2739 728 2800 accusatione
757 2740 910 2818 perculsus
949 2759 1007 2802 non
1037 2741 1136 2800 statim
1158 2737 1369 2820 obstupescat?
1408 2737 1461 2808 uuo

269 2826 346 2887 enirn
369 2825 457 2886 modo
480 2835 523 2885 tot
543 2833 747 2904 tantorumque
768 2825 922 2885 eriminum
938 2825 980 2884 rei
996 2843 1063 2888 esse
1078 2833 1216 2903 poterant
1233 2824 1393 2895 Christiani,
1413 2818 1461 2898 qul.

258 2903 343 2972 ‘siuet
364 2911 421 2970 iam
444 2909 725 2980 demonstravimus,
758 2927 818 2970 nou
841 2908 927 2970 modo
950 2927 1041 2970 uuum
1062 2927 1225 2988 verumque
1246 2911 1339 2972 Deum
1366 2921 1461 2970 summa

266 2996 454 3078 vaporatione
481 2993 629 3066 dolebunt,
663 2995 714 3054 sed
742 3013 867 3073 quorum
896 2994 983 3054 etiarn
1005 2993 1163 3055 castissimi
1190 3005 1277 3056 erant
1309 3011 1401 3056 morus
1434 3005 1460 3048 oc

267 3078 431 3155 piissimum
453 3079 566 3154 vivendi
588 3077 705 3156 genus?
741 3078 855 3139 Ruebat
876 3077 964 3157 igitur
985 3097 1017 3138 se
1040 3078 1104 3156 ipsa
1126 3065 1185 3138 to⁰m
1206 3079 1281 3142 lalss
1304 3074 1459 3140 criminatio.

266 3161 373 3222 Verum
395 3162 462 3240 quia
484 3162 640 3224 christiana
661 3163 764 3241 religio
786 3163 869 3234 nihii
891 3162 1067 3241 alloquitur
1083 3163 1291 3234 Tertullianus,
1324 3165 1358 3226 de
1383 3173 1460 3222 coust

266 3264 323 3306 suo
344 3248 524 3323 deprecatur
546 3245 629 3320 (lbid.
653 3265 716 3324 cap.
742 3252 782 3322 l.)
815 3265 885 3317 nec,
920 3247 998 3308 sieut
1024 3247 1067 3308 rei
1090 3248 1203 3320 solent,
1239 3249 1325 3312 ullam
1354 3244 1458 3325 gratiam

265 3328 391 3389 ullumve
412 3331 540 3390 savorem
562 3331 698 3408 requirit,
721 3332 778 3392 hoe
798 3331 906 3392 idcirco
929 3351 1018 3392 uuum
1042 3341 1123 3410 optat
1144 3341 1174 3392 et
1195 3334 1284 3410 petit,
1315 3341 1346 3394 ut
1367 3343 1457 3390 secuu-
1519 3327 1520 3420 1

266 3411 336 3473 dum
358 3413 503 3473 severiora
526 3414 623 3491 legum
644 3417 822 3494 praescripta
844 3416 1033 3493 exonunotur.
1065 3416 1265 3488 Quamobrem
1281 3414 1457 3478 Tertullianus
1519 3449 1520 3486 ,

265 3498 302 3558 ad
332 3517 366 3558 ea
394 3498 492 3558 omnia
529 3517 601 3576 quae
632 3498 804 3563 Christianis
839 3499 1049 3562 obiiciebantur
1086 3501 1253 3578 singulatim
1288 3491 1458 3562 examinando
1519 3499 1520 3576 3

265 3601 299 3645 ao
319 3583 455 3644 diluenda
477 3583 643 3660 aggreditur
669 3603 702 3645 ae
729 3585 968 3646 manifestissime
990 3587 1172 3648 demonstrat
1194 3587 1315 3648 eosdem
1331 3579 1455 3646 Christis-

221 3699 226 3714 ·
264 3687 320 3730 uos
343 3678 400 3729 tant
422 3667 496 3727 falso
519 3669 624 3729 horum
647 3669 822 3746 flagitiormn
844 3670 1016 3741 insimulari,
1039 3689 1126 3748 quom
1148 3681 1261 3733 certum
1282 3679 1345 3732 erat
1360 3668 1456 3728 illounu
1519 3699 1520 3708 κ

264 3769 337 3814 reos
360 3771 461 3814 revera
484 3771 550 3813 esse
573 3753 704 3830 gerpiles.
1435 3829 1440 3837 Ι

349 3838 426 3910 Quid
448 3838 525 3898 eninr
548 3857 565 3898 a
586 3838 705 3898 veritate
728 3839 819 3916 magis
841 3839 967 3900 alienum
996 3858 1081 3916 mom
1109 3859 1161 3900 eos
1189 3839 1284 3901 laesae
1312 3831 1454 3900 mutamus

263 3923 378 3983 divinae
401 3924 586 4001 redarguere,
609 3924 657 4001 qui
673 3942 783 3996 vemm,
808 3933 839 3984 ut
853 3924 989 3992 diximus,
1013 3924 1105 3985 lleurn
1121 3925 1299 4008 etprivatim
1315 3932 1344 3984 et
1356 3915 1454 3998 publius

264 4006 294 4066 in
322 4006 384 4068 suis
412 4007 569 4086 synaxibus
599 4027 716 4087 semper
744 4008 878 4068 colebant
905 4008 1107 4086 malehautque
1135 4008 1326 4070 edacissimis
1347 4001 1453 4083 quibus·

188 4086 192 4094 ’
264 4108 377 4168 cunque
398 4110 433 4152 se
455 4094 551 4154 necari
575 4092 735 4171 suppliciis,
759 4111 844 4171 quarn
865 4094 944 4154 hunc
965 4093 1082 4154 unicum
1097 4093 1189 4154 licum
1212 4111 1318 4170 negare
1340 4097 1387 4150 aut
1408 4080 1452 4143 lol-

262 4191 314 4236 sos
337 4174 409 4234 deos
430 4176 489 4238 ullo
511 4177 555 4238 vel
577 4179 644 4238 licto
666 4185 777 4238 tantum
800 4187 829 4239 et
849 4177 984 4240 simulato
1007 4177 1085 4239 cultu
1101 4175 1254 4240 venerari?
1277 4176 1382 4236 Contra
1395 4181 1452 4256 vert?

262 4257 350 4318 huius
372 4277 502 4322 summae
531 4262 688 4340 impietatis
718 4261 937 4324 euidentissime
968 4262 1213 4324 convincebantur
1243 4259 1379 4340 gentiles,
1411 4265 1451 4342 qu}

262 4341 406 4416 laetitios,
438 4353 471 4404 ut
491 4345 565 4408 inira
588 4348 794 4419 ostendemus,
822 4347 894 4408 deos
916 4347 1066 4420 colebant,
1093 4365 1169 4425 quos
1192 4347 1313 4409 infames
1335 4349 1363 4406 et
1383 4347 1450 4398 omru

261 4427 501 4507 [turpissimorum
522 4431 677 4494 criminum
699 4449 805 4508 genere
827 4431 959 4492 loedotos
980 4432 1072 4494 luisse
1093 4431 1267 4494 fatebantur.

345 4512 382 4574 ht
409 4513 440 4574 hi
468 4521 563 4575 tamen
592 4534 740 4594 uunquam
768 4535 829 4576 non
851 4515 1013 4578 clamabant
1034 4515 1214 4582 Christianos
1243 4513 1350 4578 idcirco
1369 4507 1452 4570 laesm
