3082 5238
427 411 562 456 socrons
587 411 628 455 ro.
649 411 717 455 auc.
739 409 903 455 noemam.
1188 393 1272 460 ·de

61 569 193 641 occupata
213 561 416 641 Ctesiphonte.
460 559 543 633 Nam,
567 561 645 639 qnod
667 569 772 639 postea
788 560 906 622 dunum
921 560 976 620 llio
990 559 1110 622 Cassius
1126 559 1270 625 Severum

60 649 146 708 retert
163 646 209 706 bis
232 647 342 706 frustra
362 646 462 706 Atram
483 645 692 723 impugnasse,
728 645 759 705 in
781 663 832 717 eo,
865 643 992 706 sirecte
1021 643 1108 718 dixit,
1142 647 1269 709 Severus

60 749 117 790 non
137 729 250 791 ridemr
270 729 394 790 multum
414 729 561 810 temporis
577 729 793 802 consumsisse,
815 748 881 790 cum
897 729 988 789 altera
1002 745 1094 806 aeque
1109 730 1287 806 rehemon—¹

60 814 169 874 tissima
190 814 278 883 buius
300 813 382 874 urbis
414 813 594 892 oppugnatio
627 813 728 890 viginti
758 813 797 875 sit
827 813 931 874 diebus
960 813 1118 886 conlecta⁶,
1148 831 1271 892 eamque

59 897 152 958 statim
174 905 308 959 secutum
330 898 386 958 iter
408 897 509 958 Severi
531 897 562 958 in
583 896 778 958 Palaestinam
800 905 887 975 atque
908 899 1080 976 Aegyptum.
1112 897 1171 958 Sed
1193 916 1270 976 quo-

58 981 221 1059 quemodo
244 983 302 1056 hoc
322 980 490 1059 accipiatur,
514 979 737 1059 Ctesiphontem
758 981 876 1041 hiemali
898 999 993 1060 prope
1008 989 1142 1060 tempore
1158 989 1271 1060 captam
1334 987 1337 992 '

58 1083 124 1125 esse
145 1065 318 1145 Spartianus
340 1066 494 1126 confirmat
519 1065 563 1137 (in
586 1065 685 1126 Soror.
709 1083 772 1144 cap.
798 1067 870 1140 16.).
913 1065 978 1126 lloc
1005 1065 1062 1125 dici
1090 1083 1150 1124 non
1172 1073 1272 1144 potest

57 1149 197 1210 accidisse
219 1169 246 1210 a.
269 1148 432 1222 cxcv111.;
453 1149 604 1227 quomodo
627 1147 715 1220 enim,
738 1148 764 1209 si
786 1148 917 1210 dicamus
941 1149 1028 1210 etiam
1044 1148 1186 1210 Severum
1208 1157 1271 1209 sta-

57 1233 107 1292 tim
127 1241 199 1311 post
220 1241 389 1311 susceptam
410 1232 589 1294 aCaracallo
604 1233 731 1312 Augusti
749 1233 919 1311 dignitatem
936 1233 1030 1293 Roma
1052 1233 1171 1306 abiisse,
1194 1251 1271 1311 quo-

56 1315 154 1390 modo,
176 1317 306 1395 inquam,
329 1324 542 1395 temporetam
563 1317 645 1378 brevi
667 1323 780 1386 tantum
801 1317 859 1378 iter
879 1318 910 1378 in
931 1316 1049 1380 ultimas
1071 1318 1155 1397 quasi
1171 1317 1271 1396 regio-

56 1419 107 1460 nes
130 1401 288 1478 perlicere,
311 1400 435 1462 classem
458 1419 618 1474 exornare,
641 1419 797 1480 peragrare
818 1401 1003 1474 Armeniam,
1027 1401 1191 1463 Seleuciam
1213 1401 1271 1461 Ea-

56 1483 250 1564 bylonemque
271 1503 376 1563 capere
405 1495 490 1563 atque
514 1493 631 1545 vastare
653 1485 789 1545 Arabiam
810 1484 983 1562 potuisset?
1025 1486 1125 1564 Neque
1147 1503 1219 1546 vero
1242 1485 1272 1545 ia

56 1567 147 1646 magis
180 1587 257 1631 anno
292 1569 428 1647 sequenti
459 1569 620 1648 contigisse
652 1568 791 1630 credibile
824 1577 880 1630 est.
925 1569 1040 1630 Etenim
1068 1577 1273 1649 post·captam

48 1649 277 1730 Ctesiphontem
304 1653 463 1732 Atramque
491 1653 539 1713 his
568 1653 722 1714 obsessam
751 1654 877 1714 Severus
899 1653 978 1714 venit
999 1654 1031 1713 in
1052 1653 1182 1732 Syriam,
1222 1652 1273 1713 nbi

56 1743 158 1812 postea
191 1739 285 1798 fasces
318 1737 435 1816 imperii
467 1738 607 1816 suscepit,
653 1737 712 1798 Sed
741 1755 807 1798 eum
837 1755 902 1798 eum
925 1736 985 1797 lilio
1008 1755 1086 1798 anno
1110 1737 1192 1798 CCll.
1216 1737 1272 1796 bos

57 1818 196 1881 babuisse
222 1830 345 1892 norunt,
368 1821 419 1900 qui
441 1823 533 1882 lastos
555 1821 784 1893 consuluerunt,
818 1821 966 1892 universi;
996 1822 1094 1900 itaque
1116 1821 1273 1882 dicendum
1389 1877 1392 1880 .

57 1902 129 1973 erit,
163 1921 217 1982 per
245 1913 305 1965 tres
328 1908 388 1966 lere
411 1913 461 1966 aut
488 1905 548 1965 duo
571 1923 664 1966 annos
687 1905 759 1966 nihil
782 1905 880 1983 egisse
903 1911 1044 1966 Severum
1066 1906 1096 1964 in
1118 1905 1194 1966 bello
1218 1906 1271 1966 ad-

56 2004 160 2046 versus
183 1997 297 2049 ceteros
319 1989 542 2067 persequendor
564 1990 643 2067 quod
665 2007 790 2068 prorsus
812 1989 961 2050 abhorret.
1005 1989 1107 2050 Restat
1121 1989 1218 2066 igitur,
1241 1995 1274 2050 ut

57 2081 170 2148 captam
197 2073 344 2134 aserere
368 2073 592 2150 Ctesiphontem
621 2091 646 2133 a.
670 2073 724 2134 CC.
739 2075 815 2134 lere
844 2081 976 2134 vertente
1003 2072 1151 2145 dicamus,
1188 2073 1273 2134 cuins

58 2155 279 2233 occupationem
305 2175 370 2219 cum
404 2157 503 2218 statim
531 2158 679 2235 exceperit
699 2157 821 2236 Augusti
850 2157 976 2235 dignitas
1005 2158 1035 2217 in
1058 2157 1234 2217 Caracallum
1257 2175 1274 2218 a

56 2237 198 2301 militibus
220 2241 332 2314 collata,
354 2259 389 2302 ae
410 2241 578 2302 donativum
601 2241 638 2302 iis
661 2261 695 2302 aa
718 2243 863 2302 decanea
886 2259 1080 2314 concessum3
1116 2241 1174 2302 hoe
1195 2249 1274 2302 certe

44 2329 117 2380 'non
140 2323 197 2385 alio
220 2336 364 2404 tempore,
387 2325 446 2390 uisi
467 2325 523 2386 sub
545 2325 612 2387 anni
629 2326 683 2386 CC.
706 2326 794 2386 linem
817 2334 868 2387 aut
888 2326 1041 2404 sequentis
1062 2324 1177 2386 initium
1201 2344 1274 2384 con-

56 2406 129 2484 tigit.
174 2407 258 2480 Quae
286 2409 404 2487 quidam
433 2428 482 2470 res
511 2411 627 2488 egregie
655 2413 846 2470 confirmatur
872 2409 908 2470 iis
937 2409 1142 2488 antiquitatum
1165 2427 1273 2468 monu-

56 2491 189 2563 mentis,·
202 2510 278 2572 quae
300 2492 456 2572 utriusque
479 2494 521 2554 rei
544 2493 724 2554 memoriam·
739 2493 827 2554 nobis
848 2493 1042 2558 tradiderunt.
1086 2493 1219 2566 Etenim,
1243 2501 1275 2553 ut

56 2574 215 2637 arietaria
238 2576 372 2636 Parthica
395 2577 540 2650 exordiar,
563 2595 623 2638 uon
646 2577 794 2640 Eusebius
818 2576 928 2648 solum,
953 2579 1036 2638 ouius
1058 2579 1134 2638 forte
1156 2576 1274 2655 quidam
1339 2635 1343 2644 ,

56 2667 134 2719 stare
156 2661 262 2721 nolent
282 2659 408 2734 iudicio,
430 2663 506 2724 banc
525 2660 676 2722 victoriam
698 2679 714 2720 a
736 2659 869 2732 Parthie,
890 2661 1050 2722 Adiabenis
1073 2659 1275 2738 Arabibusque

55 2751 237 2820 reportatam
258 2745 399 2806 transfert
420 2745 450 2804 in
473 2765 498 2804 a.
522 2744 605 2817 CCJ,
637 2745 689 2804 sed
712 2745 779 2805 lasti
801 2745 907 2806 etiam¹
936 2753 965 2806 et
986 2745 1087 2806 numil
1111 2761 1275 2823 cognomen

56 2825 181 2890 Parthici
207 2827 323 2890 Maximi
340 2829 450 2889 Severo
465 2829 517 2890 Tr.
533 2829 565 2890 P.
581 2829 655 2888 Vlll.
680 2829 839 2890 sustinenti
860 2828 1003 2902 tribuunt,
1026 2848 1114 2909 quam
1137 2828 1275 2908 progredi

55 2911 190 2973 amedio
217 2912 286 2973 anni
308 2911 361 2974 CC.
385 2911 421 2973 ad
444 2911 512 2974 anni
535 2911 686 2990 sequentis
716 2913 842 2972 mediam
874 2923 987 2990 partem
1028 2932 1116 2974 nemo
1151 2913 1274 2992 ignorat
1308 2907 1313 2916 ’

56 2992 200 3076 Deinceps
223 2997 253 3056 in
276 2995 453 3058 Caracallum
475 2997 609 3074 Augusti,
631 2995 661 3057 in
685 2995 787 3058 Getam
810 2995 943 3058 Caesaris
966 2997 1136 3075 dignitatem
1157 3017 1172 3058 a
1197 2996 1275 3057 mili-

57 3077 133 3140 tibus
156 3081 293 3143 collatam
317 3099 385 3141 esse
407 3099 432 3141 a.
450 3079 517 3140 CCl.
540 3099 576 3140 ex
592 3079 747 3158 Spartiano
768 3080 937 3158 intelligitur
959 3081 1193 3160 quodammodo,
1227 3079 1278 3160 qui

56 3161 112 3224 boc
140 3165 179 3226 alt
212 3167 320 3226 lactum
343 3183 420 3237 esse,
443 3183 509 3226 curu
532 3163 696 3225 Caracallus
719 3183 828 3225 annum
851 3163 926 3224 Xlll.
948 3173 1049 3242 ageret
1070 3164 1100 3240 (l.
1121 3167 1277 3242 c.c.16.l;

55 3265 141 3323 quem
164 3269 203 3310 eo
226 3267 303 3316 anno
326 3249 385 3326 egit
406 3249 483 3310 haud
506 3247 611 3321 dubie,
638 3255 670 3310 ut
692 3257 813 3327 apparet
835 3267 869 3308 ex
892 3248 929 3309 iis
951 3267 1025 3327 quae
1047 3249 1083 3310 de
1106 3248 1168 3309 eius
1191 3248 1277 3310 natali

55 3329 125 3394 alias
155 3331 373 3411 disputavimus
396 3332 487 3406 (Sect.
509 3332 532 3393 l.
556 3336 584 3408 §-
609 3333 668 3409 tt).
712 3333 753 3392 Ac
786 3333 872 3393 huius
905 3331 1023 3410 quidem
1058 3333 1217 3394 auctoritas
1251 3333 1277 3394 si

55 3413 131 3476 forte
146 3416 331 3498 repudianda
353 3415 468 3478 videtur
489 3424 657 3497 propterea,
679 3418 758 3495 quod
781 3415 811 3476 in
833 3416 1000 3478 delinienda
1022 3415 1161 3478 Caracalli
1183 3425 1277 3478 aetate

55 3498 112 3560 sibi
133 3501 200 3579 ipse
223 3519 284 3561 non
306 3509 423 3562 canstat
444 3501 526 3573 satis,
549 3501 627 3562 hunc
642 3509 721 3562 certe
738 3501 909 3580 scrupulum
925 3500 1026 3561 eximit
1039 3499 1276 3579 elegantissimus

56 3601 164 3646 numus
188 3584 321 3646 thesauri
350 3584 420 3646 olim
442 3585 707 3664 Schwarcburgici,
736 3603 815 3646 nunc
836 3583 979 3657 Cerbani,
1007 3603 1094 3664 quem
1116 3585 1279 3646 memoriae

11 3725 12 3740 ,
54 3663 142 3730 buius
164 3669 211 3730 rei
234 3670 453 3732 conservandae
474 3669 652 3734 destinatum
683 3669 777 3732 luisse
806 3667 933 3729 dubitari
955 3687 1016 3740 non
1038 3666 1160 3748 potasti.
1206 3667 1277 3728 Eius

11 3809 12 3844 ,
56 3751 148 3813 altera
181 3772 251 3832 pars
282 3761 370 3832 caput
397 3754 498 3816 Severi
526 3755 625 3816 laurea
658 3753 783 3814 cinctum
812 3753 914 3824 ollart,
946 3752 1043 3812 addita
1072 3751 1279 3832 inscriptione:

56 3853 185 3898 serenus
209 3857 275 3898 auc.
300 3855 776 3913 ranr,rrsx.r.rr.rn.r.1x.‚
806 3835 894 3896 altera
924 3836 1034 3898 nudum
1058 3836 1148 3896 Getae
1171 3847 1200 3896 et
1222 3834 1278 3895 Ca-

57 3919 155 3982 racalli
177 3921 339 4008 laureatum
362 3929 458 4002 caput,
481 3921 560 4002 quod
581 3923 661 3982 bunc
681 3921 800 3999 quidem
821 3921 994 3998 Augustum,
1017 3919 1098 3982 illum
1122 3918 1280 3982 Caesarem

94 4071 576 4138 eumnant0.m.ptma
695 4071 1279 4137 AMrSmmfflpmmffiohmm‚mim-
1337 4097 1344 4102 -

95 4139 1279 4201 tfflmmstmmmmmhmmmmmfflfflmmm

11 4203 247 4268 AWpffl
695 4207 1279 4270 mmmfflmwfflmmw

11 4271 13 4340 ὲ
94 4287 116 4332 8·
140 4275 208 4390 Afiud
232 4273 362 4328 Poetelium
387 4277 410 4324 in
436 4275 485 4326 Vita
503 4275 644 4324 Tertulliani
695 4275 980 4338 dio-Schwarzburgico
1015 4275 1133 4338 explicat3
1168 4287 1221 4337 pag.
1246 4271 1279 4324 Ἠ

11 4339 183 4402 'pffi.
695 4342 1280 4406 mmmmmmmfflmm

94 4407 1280 4476 hmfflfflmmmwwlmmmmmmhhfflm

11 4471 12 4498 r
58 4487 82 4536 p.
103 4473 163 4524 274.
387 4521 390 4528 ,
694 4477 742 4525 reri
768 4481 791 4524 et
815 4477 854 4526 Tr.
882 4477 903 4524 tt
926 4478 958 4525 lv.
988 4477 1103 4526 Carneadi
1128 4479 1279 4539 coniungun-

94 4543 108 4590 l.
136 4545 195 4592 Eum
215 4557 269 4592 com
288 4544 381 4593 erudito
400 4544 459 4591 orbe
479 4545 643 4592 communica·
696 4551 741 4601 tur,
761 4543 832 4592 babet
850 4545 956 4605 Scaliger
973 4545 996 4594 in
1016 4545 1172 4594 animadvers.
1191 4545 1279 4592 Euseb.

11 4608 799 4675 *mmmmmmmMmNJ.fflw
