3082 5238
444 373 580 420 lucrose
600 375 643 420 ro.
664 375 733 420 auc.
756 375 918 422 possessa.
942 381 949 388 ·
1226 369 1289 434 583

68 523 146 608 quod
167 523 198 584 in
220 522 322 586 mulda
344 523 463 586 Codicis
485 523 578 586 titulis
600 525 721 586 nomina
743 524 846 586 Severi
873 533 903 588 et
922 527 1063 590 Antonini
1079 530 1289 612 Augustorum

68 607 262 688 reperiantur,
286 608 340 668 sed
357 608 447 670 Getae
468 625 629 688 nunquam,
652 610 711 670 hoc
732 627 802 669 vero
824 610 946 672 adrem
967 611 1040 673 nihil
1062 614 1131 676 iacit
1152 619 1290 694 omnium

69 693 105 754 ab
128 709 164 752 co
187 693 265 752 euim
289 699 431 770 tempore,
454 711 514 772 quo
537 692 609 754 Geta
632 691 803 770 dignitatem
824 693 947 771 Augusti
969 697 1109 776 suscepit,
1133 708 1166 759 ut
1186 713 1290 779 postea

69 774 232 848 donabitur,
256 793 377 855 semper
397 775 453 836 luit
473 776 567 855 patris
589 775 619 836 in
642 776 719 837 hello
742 795 855 850 comes,
878 778 909 838 in
932 797 990 857 quo
1013 781 1093 858 quod
1116 783 1152 844 de
1174 784 1290 864 legibus

68 859 189 921 adrem
212 857 359 937 publicam
381 859 585 937 spectantibus
608 860 738 937 cogitare
760 878 821 920 non
843 861 984 940 potuerit,
1007 882 1096 926 nemo
1119 866 1221 930 mirari
1236 871 1291 932 de-

66 942 126 1003 bet
171 943 203 1004 ld
226 961 296 1003 vero
319 942 400 1003 nullo
423 944 512 1004 modo
534 943 688 1004 ferendum
711 952 773 1014 est,
805 944 886 1022 quod
920 945 1022 1007 Getam
1058 957 1143 1027 patre
1176 953 1292 1016 vivente

64 1027 231 1104 Augustum
253 1026 430 1104 appellatum
452 1045 521 1088 esse
543 1035 631 1106 neget
651 1027 808 1106 numisque
830 1035 929 1090 utatur
950 1029 987 1090 ad
1008 1031 1066 1092 hoc
1095 1034 1290 1111 alliciendum,

67 1108 98 1170 iu
134 1109 241 1187 quibus
264 1109 354 1170 Getae
377 1109 428 1170 Tr.
450 1108 483 1171 P.
506 1111 543 1170 11.
572 1110 688 1190 legitur.
733 1111 807 1172 Nam
835 1130 902 1173 cum
930 1113 995 1192 ipse
1023 1115 1155 1190 adiiciat,
1189 1120 1292 1184 Getam

66 1201 187 1254 mortuo
210 1201 294 1274 patre
326 1212 393 1255 urm
414 1195 504 1254 iratre
525 1211 586 1255 nou
607 1193 667 1256 nisi
689 1195 724 1256 X.
748 1213 869 1256 menses
884 1195 944 1257 XV.
967 1198 1032 1260 dies
1055 1218 1212 1279 regnasse:
1235 1223 1291 1266 ne-

67 1295 155 1338 cesse
183 1285 229 1338 est
255 1295 341 1350 sane,
376 1284 408 1336 ut
430 1277 503 1338 Geta
524 1285 592 1338 ante
614 1278 707 1356 patris
734 1286 861 1340 mortem
882 1279 1034 1360 Augustus
1057 1282 1096 1344 sit
1117 1287 1290 1364 appellatus.

63 1360 165 1420 Altera
187 1359 288 1440 opinio
311 1359 552 1422 doctissimorum
574 1361 716 1435 virorum,
745 1361 793 1442 qui
812 1362 1005 1443 ,blagdehurgi
1026 1366 1169 1429 historiae
1191 1389 1292 1433 sacrae

68 1442 491 1522 centuriascomposuerunt,
525 1443 667 1507 Severum
689 1464 756 1507 cum
777 1446 868 1524 Nigro
890 1446 1056 1528 Albinaque
1078 1454 1181 1515 statuit
1201 1455 1294 1518 suase

64 1527 144 1586 illam
158 1526 303 1605 triplicem
325 1527 476 1602 virtutem,
499 1536 529 1589 et
549 1535 647 1600 recte,
676 1537 709 1589 ut
731 1548 797 1592 cum
819 1529 1009 1592 Tillemontio
1030 1533 1151 1614 loquar,
1179 1539 1292 1600 erroris

67 1608 253 1672 convincitur
276 1629 328 1679 eu.
352 1612 430 1690 quod
454 1613 565 1674 iontem
587 1611 732 1674 malorum
755 1612 873 1692 imperii
894 1613 1021 1677 Romani
1042 1619 1153 1680 lentem
1178 1624 1291 1684 cousti-

43 1694 135 1765 tuit,
157 1693 237 1755 uude
258 1694 422 1756 manaverit
443 1703 524 1756 tanta
545 1696 668 1757 felicitas
691 1697 818 1776 imperii,
842 1699 878 1758 de
901 1717 958 1778 qua
973 1699 1171 1765 Tertullianus
1194 1705 1292 1784 loqui-

66 1786 127 1838 tur.
172 1777 213 1837 Ac
235 1777 271 1838 de
292 1777 422 1840 Pamelio
445 1779 568 1841 meliora
590 1778 742 1842 sentiam?
776 1799 792 1840 a
814 1780 897 1842 cuius
920 1801 1006 1844 causa
1029 1784 1137 1846 veritas
1159 1787 1293 1866 plerum-

12 1899 13 1902 *
67 1879 127 1939 que
143 1860 340 1938 remotissima
356 1870 418 1935 est3
442 1863 493 1941 qui
508 1861 655 1936 Albinum
678 1882 767 1942 quem
789 1883 893 1926 omues
917 1875 1028 1926 norunt
1048 1877 1172 1948 propter
1194 1873 1292 1952 digni·

12 1951 13 1962 *
67 1951 161 2006 tatem
181 1944 305 2022 Augusti
327 1943 384 2006 sibi
406 1955 540 2024 negatam
563 1947 705 2008 adversus
728 1947 869 2010 Severum
892 1949 1060 2012 iuimicitias
1084 1956 1292 2034 suscepissem,

68 2029 159 2089 etiam
181 2028 344 2106 Augustum
366 2029 464 2090 dicere
485 2029 606 2108 potuit?
629 2038 660 2092 et
681 2030 861 2094 Caracallum
881 2032 945 2094 eius
967 2033 998 2094 iu
1020 2034 1150 2113 imperio.
1168 2040 1292 2114 socium,

12 2123 13 2160 t
66 2111 115 2172 cui
143 2111 278 2186 demum,
315 2111 468 2174 interiecto
497 2113 665 2175 iamdudum
694 2113 816 2188 Albino,
846 2115 977 2178 honores
1005 2117 1129 2198 Augusti
1157 2124 1310 2184 concessi·

12 2209 13 2240 ³
67 2194 165 2256 suut?
209 2195 305 2268 Quem
328 2197 355 2256 si
377 2196 523 2258 iocantem
544 2198 616 2258 haec
643 2198 808 2260 affirmasse
836 2218 903 2260 cum
925 2199 1073 2280 Scaligero
1097 2204 1205 2278 dicam,
1238 2225 1294 2286 pa·

65 2297 136 2340 rum
158 2279 268 2352 dicam,
298 2287 343 2340 tot
364 2279 501 2342 tenebras
523 2281 638 2342 veritati
660 2282 775 2344 olludit.
818 2282 911 2362 Igitur
931 2284 990 2346 hoc
1011 2305 1101 2346 uuum
1122 2298 1232 2362 restat,
1262 2297 1296 2351 ut

12 2393 13 2400 .
65 2363 215 2442 triplicem
237 2361 326 2425 istam
346 2363 484 2425 virtutem
507 2363 648 2427 Severum
671 2385 737 2426 cum
758 2365 844 2441 filiis,
872 2365 930 2428 iam
951 2367 1110 2448 Augustis,
1139 2382 1295 2451 putemus3

66 2446 100 2507 in
124 2446 231 2524 quibus
246 2446 326 2508 licus
349 2447 405 2508 dici
427 2455 526 2525 potest
547 2448 578 2508 in
600 2468 691 2510 unum
712 2449 829 2517 lavisse,
852 2459 886 2512 ut
906 2451 997 2512 verbo
1020 2452 1204 2532 septimiano
1226 2466 1294 2518 uta-

66 2548 148 2600 mur,
171 2548 237 2590 cum
261 2548 348 2600 uuus,
373 2531 399 2591 si
421 2539 501 2592 recte
523 2531 646 2592 velimus
667 2533 760 2612 loqui,
785 2532 913 2594 Severus
930 2537 1106 2613 regnaverit,
1128 2540 1218 2601 ceteri
1235 2540 1294 2602 duo

12 2641 13 2652 ε
65 2612 192 2676 nomine
213 2612 307 2692 magis
328 2632 414 2692 quam
437 2633 470 2675 rc
491 2615 614 2692 Augusti
636 2615 754 2677 luerint.
798 2615 898 2690 Unde,
923 2617 950 2677 si
971 2626 1143 2695 taceamne,
1166 2642 1294 2702 quonam

65 2714 149 2758 anno
172 2695 244 2758 Geta
266 2698 302 2757 ad
323 2698 446 2776 Augusti
467 2695 639 2776 dignitatem
660 2707 778 2759 evectus
800 2699 850 2772 sit,
872 2699 945 2760 haec
958 2719 1014 2762 nos
1029 2703 1122 2782 magis
1138 2706 1174 2765 ad
1189 2707 1294 2784 cogni-

63 2782 184 2842 tionem
206 2780 485 2860 intelligentiamque
507 2781 611 2842 aetatis
634 2789 816 2843 convertent.
846 2781 1005 2844 Enimvero
1019 2785 1187 2848 Dodwellus
1211 2789 1294 2862 scite,

12 2893 13 2920 r
64 2873 101 2926 ut
125 2863 180 2924 alia
202 2863 309 2942 multa,
342 2864 477 2926 monuit¹¹
509 2863 670 2944 multisque
691 2865 894 2943 comprobavit
914 2869 1074 2944 exemplis,
1094 2868 1296 2934 Romanorum

65 2947 267 3026 imperatores
288 2965 421 3019 curasse,
443 2956 476 3008 ut
496 2947 565 3008 trib.
591 2957 653 3027 pot
680 2947 809 3009 liliorum
832 2966 955 3010 suorum
977 2968 994 3009 a
1015 2950 1225 3030 quinquenniis
1247 2964 1297 3016 aut

12 3061 13 3078 2
67 3031 226 3092 decenniis
250 3030 365 3110 imperii
388 3040 603 3093 numeraretur.
636 3031 695 3092 Sed
717 3049 795 3092 anno
819 3031 940 3092 ccvtlt.
963 3034 1028 3112 quis
1050 3037 1147 3096 nescit
1169 3037 1295 3114 quinde-
1333 3095 1338 3105 ,

67 3113 204 3177 cennalia
226 3113 327 3176 Severi
356 3121 386 3174 et
407 3114 545 3176 Caracalli
567 3115 737 3199 decennalia
769 3113 927 3176 extitisse?
972 3116 1117 3188 Quocirca
1138 3119 1185 3180 vix
1208 3119 1293 3198 quis-

65 3217 160 3276 quam
188 3197 320 3258 dubitare
347 3205 466 3277 potest,
500 3198 572 3276 quin
600 3199 705 3260 codem
734 3217 811 3260 anno
840 3199 871 3259 in
893 3197 995 3260 Getam
1017 3201 1141 3280 Augusti
1169 3203 1295 3282 dignitas

66 3281 176 3344 collata
198 3281 298 3354 luerit,
321 3291 350 3342 et
371 3281 441 3359 qtdd
462 3281 595 3362 impedit,
618 3301 677 3362 quo
700 3282 863 3360 minuspro
878 3300 962 3342 more
976 3283 1188 3364 imperatonrm
1208 3287 1295 3348 Rom.

12 3413 13 3418 ,
65 3366 151 3427 idem
174 3365 279 3426 eodem
301 3365 349 3426 die
371 3363 458 3426 etiam
474 3365 564 3427 Getae
587 3365 758 3445 contigisse,
781 3384 839 3444 quo
863 3365 933 3426 olim
954 3367 1064 3429 Severo
1088 3377 1115 3430 et
1138 3370 1297 3444 Caracallo,

12 3491 13 3526 3
66 3447 229 3510 dicamus?
256 3450 298 3510 Ac
319 3449 374 3510 ista
396 3467 445 3510 res
468 3448 493 3510 si
515 3450 591 3510 forte
613 3449 701 3512 dubia
723 3449 816 3510 videri
836 3456 941 3529 posset
960 3460 1127 3531 propterea,
1150 3455 1229 3533 quod
1252 3455 1298 3515 vel
1378 3503 1381 3510 .

65 3533 100 3594 id
124 3531 211 3593 citius
232 3532 381 3612 potuisset
401 3531 543 3604 accidere,
566 3533 611 3594 vel
633 3534 713 3612 quod
734 3551 823 3595 uuam
844 3534 920 3594 hanc
940 3535 1071 3614 regidam
1100 3537 1297 3616 imperatores

12 3661 13 3680 1
64 3635 133 3677 nou
163 3615 291 3678 luissent
317 3615 413 3678 ubivis
442 3617 550 3687 secuti,
587 3618 719 3696 quamvis
747 3617 776 3678 id
804 3616 923 3695 quidem
944 3618 1105 3686 verisimile
1132 3619 1162 3679 in
1186 3620 1297 3680 Severo

12 3755 14 3780 ,
65 3718 133 3761 non
164 3701 220 3774 sit,
252 3699 301 3778 qui
331 3699 402 3761 artis
426 3698 639 3761 Chaldaeorum
667 3699 907 3761 studiosissimus
936 3702 1030 3762 lastae
1057 3701 1121 3761 dies
1144 3701 1299 3780 ddigenter
1332 3721 1338 3730 ·

12 3843 13 3858 ,
66 3782 207 3856 tenebat,
229 3783 311 3844 numi
333 3791 430 3844 minen
453 3783 510 3844 hcc
531 3790 646 3862 ponunt
668 3789 750 3843 extra
772 3801 890 3844 omnem
914 3781 1138 3845 dubitationem.
1182 3783 1254 3845 Nam
1272 3782 1298 3844 si

12 3917 14 3938 ‚
68 3865 290 3928 adnumerum
311 3865 379 3928 trib.
402 3874 465 3945 pot.
489 3866 579 3927 Getae
603 3865 798 3938 attendimus,
838 3865 944 3943 quibus
967 3867 1036 3928 anni
1058 3865 1147 3927 huius
1170 3865 1297 3945 dignita-

12 3999 14 4038 ,
67 3949 114 4012 tis
142 3958 275 4028 possunt
302 3949 522 4011 accuratissime
551 3947 643 4020 ellici,
675 3949 732 4010 iste
754 3949 873 4026 quidem
901 3949 977 4010 ultra
998 3955 1134 4028 quartum
1155 3949 1187 4010 in
1210 3949 1299 4012 Gelae

70 4031 174 4093 numia
203 4049 264 4092 non
290 4033 489 4111 progreditur.
534 4031 593 4093 Sed
616 4031 688 4093 Geta
717 4049 865 4093 summum
887 4049 955 4093 cum
977 4031 1125 4093 Caracallo
1147 4032 1298 4112 principa-

71 4124 140 4177 tum
169 4113 206 4176 ad
238 4134 371 4179 mensem
403 4118 465 4177 lere
495 4115 649 4177 Februarii
677 4133 704 4176 a.
728 4114 837 4178 ccxli.
865 4115 998 4188 tenuit⁰,
1036 4115 1126 4194 igitur
1156 4134 1299 4178 uumerus

110 4298 141 4332 m.
160 4283 185 4333 V.
204 4282 274 4334 Dion.
293 4283 411 4334 Caesium.
433 4283 476 4334 lib.
493 4283 578 4335 cxxi.
597 4298 618 4334 e.
636 4281 662 4332 t.
714 4295 814 4333 necesse
833 4289 886 4344 est3
904 4281 963 4332 satis
981 4283 1044 4333 enim
1064 4296 1091 4332 ea
1110 4297 1184 4346 opera
1203 4284 1299 4334 iunctus

68 4367 99 4417 p.
121 4349 196 4401 1258.
714 4357 751 4399 est
767 4349 937 4400 tillemontius
961 4349 1021 4399 daos
1045 4349 1163 4399 l'bistoire
1181 4351 1224 4400 des
1241 4350 1300 4399 Em·
1387 4343 1390 4350 ’

109 4433 133 4466 n.
157 4417 267 4468 Praelect
291 4417 406 4468 Camden.
435 4417 476 4467 lib.
495 4416 552 4468 xlx.
576 4413 601 4481 ἦ.
621 4415 661 4466 21.
714 4430 815 4481 pererra
834 4416 903 4466 Tora.
913 4415 955 4465 lll.
965 4416 991 4466 P.
1002 4418 1018 4468 l.
1036 4416 1074 4468 ed.
1091 4416 1195 4468 lirurall.
1209 4432 1233 4482 p
1243 4416 1300 4467 tat.

68 4500 99 4550 p.
119 4485 166 4536 tat
187 4499 225 4549 sq.
714 4491 738 4534 st
754 4483 779 4533 in
797 4483 862 4534 notis
879 4498 903 4547 p.
923 4481 982 4534 391.

110 4567 133 4602 o.
151 4553 204 4603 llos
221 4561 248 4602 ut
266 4551 348 4602 multis
366 4553 546 4612 confirmemus,
564 4565 613 4601 non
629 4551 663 4601 ita
