3122 5250
474 387 608 434 soeronr
629 387 688 448 mc.
710 387 747 434 ar
768 387 896 436 ooomr.
1219 373 1293 440 ‘aut

95 539 187 620 poenis
212 537 293 600 brevi
318 537 455 601 liniendis
484 547 514 602 et
536 557 652 602 summo
674 539 786 603 scelere
807 541 960 604 declinatis
981 542 1088 606 merito
1108 539 1240 604 incidere
1261 541 1294 606 in

94 633 226 687 aewmas.
1277 641 1281 655 ¹

167 708 274 770 lorido
295 707 383 788 igitrrr
403 707 549 788 alanique
570 709 668 771 animo
690 707 751 790 peti
764 708 851 789 plane
864 708 1009 785 solebant,
1030 727 1136 774 oerum
1150 728 1184 773 eo
1198 727 1293 784 more,

93 793 129 854 ait
152 791 355 868 Tertullianus,
383 813 441 874 poto
469 804 497 856 et
525 793 635 857 bellum
660 793 747 856 odies
776 793 888 872 (ibid).
931 793 974 856 lta
1002 795 1081 858 enim
1102 795 1134 856 in
1155 794 1293 858 omnibus

87 877 200 940 ineditis
226 886 256 940 et
282 877 369 940 editis
390 877 540 940 codicibus
561 887 628 940 ante
641 877 816 958 *Rigaltium
844 879 894 958 qui
916 879 1003 942 solite
1023 879 1139 942 licentia
1159 878 1296 942 ultimum

92 979 190 1023 nomen
208 961 293 1025 oribe
314 963 432 1042 penitus
453 962 582 1025 abstmit
611 962 672 1024 Sed
692 963 819 1043 ipsamet
837 963 975 1026 Auctoris
996 965 1092 1027 nostri
1113 963 1208 1026 oratio
1222 963 1295 1028 illud
1365 969 1379 998 ⁶

92 1047 230 1125 postulare
258 1047 379 1108 omnino
406 1047 531 1109 ridetur.
587 1047 797 1110 Sanctissimos
826 1048 977 1111 enimvero
1002 1058 1147 1130 murtmes
1173 1057 1296 1112 nostros

90 1139 150 1192 eote
168 1141 358 1211 tyrannorum
379 1131 533 1194 uibuoalia
554 1132 591 1194 de
611 1131 755 1212 religione
776 1151 831 1196 sua
851 1141 994 1197 certantes
1012 1152 1089 1197 cum
1123 1132 1187 1196 aliis
1209 1151 1293 1195 eom-

91 1216 165 1294 ponit
189 1215 342 1290 militibus,
370 1217 420 1296 qui
447 1224 551 1296 aperto
576 1217 668 1280 lldrte
695 1235 842 1298 manuque
870 1226 1008 1280 conserta
1029 1237 1096 1281 cum
1117 1216 1295 1298 reipublicae

91 1299 215 1363 hostibus
229 1301 369 1363 dimicant
389 1299 499 1378 (ibid).
528 1299 683 1364 Prssltom
697 1301 852 1381 siquidem.
864 1301 916 1363 sit
929 1301 988 1378 ille,
1010 1311 1041 1364 et
1053 1311 1156 1383 postea
1165 1301 1294 1365 bacno-

90 1384 151 1458 tius,
172 1385 307 1465 martyris
329 1393 387 1459 est,
419 1403 477 1465 quo
500 1394 567 1448 ante
589 1386 716 1449 iudicum
738 1385 894 1448 tribunalia
916 1389 972 1450 sub
994 1388 1166 1450 diormitius
1188 1389 1296 1468 cupitis

88 1469 221 1543 ducunt.
243 1469 296 1532 lib.
318 1470 351 1532 v.
374 1469 469 1532 llirin.
491 1471 584 1532 lostit.
607 1489 671 1550 cap.
685 1475 734 1535 11.
757 1470 995 1534 'lerttdlianloc
1009 1471 1082 1550 cit),
1103 1489 1164 1534 non
1184 1477 1297 1534 armate

88 1554 197 1632 quidem
217 1557 299 1617 terro
321 1572 409 1616 manu
432 1555 485 1618 sed
506 1553 612 1618 invicta
632 1555 772 1636 patientia
793 1556 950 1635 pugnando
972 1556 1125 1619 victoriam
1145 1565 1205 1618 tam
1227 1573 1296 1618 cer-

89 1646 141 1700 tam
169 1658 257 1719 qoam
287 1639 448 1719 gloriosam
478 1648 618 1720 reportat
660 1639 699 1701 tt
728 1639 826 1702 ntrllus
852 1640 971 1720 quidem
996 1640 1082 1702 miles
1109 1640 1236 1703 libenter
1262 1657 1297 1704 se

90 1725 222 1786 commitit
247 1719 372 1804 praelio,
404 1723 435 1784 in
464 1742 523 1804 quo
561 1725 629 1804 quia
655 1723 837 1804 periclitatur
867 1725 992 1799 naturali
1025 1724 1132 1787 timore
1158 1723 1296 1804 trepidet.

88 1805 138 1868 llbi
156 1827 224 1872 sero
245 1809 390 1889 praelium
401 1809 493 1871 semel
515 1809 591 1870 inire
605 1809 774 1888 compulsus
789 1817 845 1882 est,
866 1809 938 1872 totis
951 1817 1062 1890 pugnet
1074 1809 1186 1872 viribus
1206 1817 1294 1872 usne·-

87 1909 138 1970 que
157 1893 282 1956 laetatur
303 1911 370 1956 eum
389 1901 539 1973 reportate
561 1903 609 1955 est
628 1893 758 1956 victoria:
801 1893 846 1956 Ad
866 1893 946 1956 bunc
966 1894 1056 1974 igitur
1076 1894 1198 1956 modum
1212 1911 1296 1956 mar·

89 1983 128 2054 tyr
148 1979 307 2058 pugnando
335 1977 476 2040 adsersus
504 1985 644 2058 tyrannos
672 1978 803 2058 ingenito
832 1978 971 2042 omnibus
998 1978 1105 2041 timore
1132 1977 1296 2059 periosdsun

87 2063 262 2125 reformidat.
291 2061 333 2123 lle
354 2070 437 2144 parta
458 2071 556 2124 tameo
576 2062 697 2124 victoria
718 2070 799 2125 tanto
821 2063 927 2143 gaudio
941 2063 1136 2142 pertunditur,
1159 2071 1192 2125 ut
1204 2080 1298 2142 prse-

88 2143 151 2207 lium
177 2147 260 2228 quod
288 2146 434 2209 declinare
460 2147 586 2226 amplius
616 2165 678 2209 non
704 2155 814 2227 potest,
842 2165 904 2208 oon
924 2147 1014 2210 modo
1035 2147 1115 2222 velit,
1142 2148 1195 2210 sed
1217 2153 1300 2210 amet
1359 2159 1362 2168 ·

90 2229 167 2293 etism
195 2231 394 2312 omnibusque
420 2231 532 2293 viribus
564 2249 629 2294 eum
657 2233 788 2312 tyrannis
816 2232 942 2294 dimicet.
985 2231 1051 2294 Non
1083 2232 1204 2311 putabat
1224 2247 1298 2311 ergo

90 2311 279 2379 Tertullianus
306 2317 550 2396 praevertendum
579 2317 796 2379 inconsiderate
824 2317 989 2380 temeritate
1015 2325 1137 2398 tempus
1155 2316 1299 2396 marwdi,

90 2401 136 2460 sed
155 2403 274 2482 quoties
295 2401 357 2462 lieo
379 2401 420 2463 its
439 2401 626 2481 permittente
647 2401 835 2477 offerebatur,
857 2402 947 2464 toties
968 2401 1075 2464 invicte
1096 2401 1185 2464 animi
1207 2400 1297 2464 lorti·

90 2483 179 2548 ndioe
198 2485 395 2550 subeundum.

162 2573 198 2633 bt
218 2571 340 2652 quidam
361 2571 470 2632 ethnici
491 2569 555 2632 aliis
577 2569 710 2633 mitiores
731 2577 762 2632 st
781 2571 812 2632 in
826 2569 1017 2632 'Christianos
1039 2571 1131 2650 magis
1152 2570 1298 2652 propensi

89 2653 222 2732 lugebant
242 2655 312 2716 illos
334 2673 403 2717 esse
425 2655 588 2728 dementes,
616 2656 666 2734 qui
687 2655 772 2717 lacile
803 2659 941 2734 poterant
966 2666 1103 2719 memte
1124 2658 1205 2737 opud
1226 2659 1298 2718 otti-

58 2741 62 2752 '
88 2754 160 2801 naut
176 2744 343 2822 proposito
365 2739 548 2815 (Tertulliao.
562 2738 714 2819 Apologet.
738 2757 800 2818 cap.
816 2741 891 2815 27.),
914 2756 968 2800 seu
988 2739 1118 2812 mentali,
1139 2740 1183 2801 uti
1204 2740 1296 2816 aiunt,

90 2825 279 2898 restrictione,
307 2824 364 2886 diis
392 2825 555 2886 sacrificare
583 2823 688 2903 sieque
701 2823 781 2886 abire
802 2823 905 2884 dlsesi.
948 2823 1008 2885 Sed
1028 2823 1060 2884 bi
1081 2841 1153 2885 sane
1174 2823 1296 2886 fraudu-

87 2903 157 2969 lenta
182 2908 375 2972 bumanitatis
407 2909 507 2990 specio
534 2907 641 2969 dabant
667 2907 853 2971 Christianis¹
867 2905 1040 2980 eonsilium,
1074 2925 1132 2987 quo
1159 2908 1296 2988 ipsorum

89 2993 250 3056 meduliute
273 2993 474 3056 abuterentur.
516 2992 582 3054 Non
604 2991 721 3054 obtunde
742 2999 850 3066 summ,
882 2991 982 3072 pergit
1000 2991 1206 3066 Tertullianus,
1222 3022 1225 3030 v
1239 2991 1299 3054 boe

88 3077 235 3141 consilium
259 3095 397 3140 emanare
418 3084 543 3157 poterat
565 3093 653 3156 qnam
673 3095 709 3138 er
729 3085 813 3156 patre
833 3075 979 3138 mendacii
1000 3073 1132 3149 diabolo,
1151 3077 1201 3157 qui
1223 3095 1295 3140 eos·

89 3158 149 3222 dero
168 3162 356 3225 Christianos
388 3169 438 3224 ant
464 3161 494 3224 ri
515 3169 545 3223 et
565 3160 685 3224 saevitia
706 3169 756 3224 aut
776 3159 880 3224 saltem
900 3159 1007 3222 assolis
1028 3170 1058 3223 et
1078 3159 1146 3223 dolo
1168 3162 1297 3224 eircum-⁴

89 3245 178 3308 tenire
199 3247 390 3310 moliebatur.
1291 3264 1294 3273 ¹

162 3332 321 3394 Summum
340 3331 448 3410 itaque,
470 3337 505 3392 ut
525 3347 614 3410 supra
635 3329 819 3392 ostendimus
841 3331 940 3410 (Supr.
952 3348 1015 3410 cap.
1027 3331 1058 3394 9.
1070 3329 1131 3392 Art.
1144 3335 1174 3394 5.
1190 3339 1260 3392 tom.
1273 3329 1297 3393 l.

88 3411 215 3493 Apparet.
239 3436 270 3497 p.
295 3419 390 3493 att),
422 3415 454 3475 bi
479 3413 625 3495 piaculum
653 3433 720 3476 esse
741 3415 946 3477 existimabunt
966 3415 1025 3476 ullo
1046 3431 1175 3494 unquam
1195 3416 1297 3500 modo,

90 3497 120 3558 de
139 3519 202 3573 suo,
226 3503 305 3564 sieut
326 3501 367 3562 ait
381 3499 588 3574 Terttdlianus,
610 3499 754 3581 rolipiooi
771 3505 901 3563 mentiri.
922 3499 1129 3572 ,Quamobrem
1151 3499 1300 3562 malebsnt

91 3585 229 3658 quoslibet
249 3605 287 3648 ac
307 3583 491 3665 quantumvis
511 3583 678 3646 horrendos
699 3585 844 3648 cmciatus
876 3583 1002 3664 experiri
1031 3585 1126 3664 dequo
1147 3584 1297 3660 trucidari,-

90 3679 168 3742 quam
198 3671 261 3732 ullo
295 3669 417 3732 minimo
444 3668 595 3730 mendacio
626 3677 676 3730 aut
703 3669 761 3730 ulla
787 3669 1021 3732 dissimulatione
1048 3679 1099 3731 aut
1126 3668 1300 3748 exceptione
1352 3711 1358 3728 .

91 3754 200 3816 mentali
221 3756 335 3834 fingere
355 3771 389 3816 se
411 3752 535 3832 sliquem
556 3753 654 3815 colere
674 3752 777 3828 Ileum,
799 3771 886 3833 quem
906 3753 1013 3815 laisum
1034 3771 1102 3815 esse
1124 3759 1276 3814 noverant.

165 3839 219 3901 Ast
247 3840 356 3900 sinon
378 3837 534 3910 dementis,
559 3837 730 3917 inquiebant
751 3837 870 3912 ethnici,
897 3845 976 3900 certe
998 3836 1144 3917 desperati
1165 3833 1299 3902 bominis

92 3927 148 3980 erat
173 3923 294 3986 utilibet
319 3921 531 4002 suppliciorum
556 3922 657 4002 gesneri
684 3939 719 3983 ao
739 3921 958 3984 crudelissimae
980 3922 1046 3983 neci
1067 3939 1136 3983 sese
1156 3917 1296 3994 obiicere,

92 4017 157 4080 quae
177 4007 263 4071 iactis
285 4009 317 4070 io
337 4008 436 4087 ignem
456 4007 571 4068 duobus
593 4015 643 4068 ant
662 4005 757 4068 tribus
778 4006 876 4068 thuris
897 4007 996 4087 monis
1018 4005 1152 4068 facillime
1173 4003 1301 4067 devitari

94 4091 187 4162 potuit
231 4094 295 4155 lam
326 4111 396 4154 vero
424 4111 440 4152 a
467 4091 555 4153 nobis
586 4091 752 4166 (Dissertat.
774 4091 806 4152 in
827 4091 933 4153 Minoo.
956 4109 1019 4170 cap.
1044 4091 1093 4153 11.
1121 4089 1183 4149 Art.
1208 4092 1237 4152 1.
1265 4095 1300 4150 etr
1427 4077 1431 4092 ’

93 4165 237 4240 tttsserut
260 4178 290 4239 in
311 4177 441 4239 Lactant.
463 4194 526 4256 cap.
551 4179 600 4241 10.
621 4176 683 4238 ln.
706 4178 749 4252 3.)
775 4175 963 4238 observatum
985 4182 1032 4236 est
1053 4173 1236 4236 Christianos
1257 4171 1300 4236 ab

94 4257 210 4323 ethnicis
231 4261 394 4342 appellatos
414 4260 583 4342 deploratae
609 4269 645 4323 et
669 4261 840 4338 desperatae
871 4259 1007 4322 lectionis
1039 4257 1186 4334 homines,
1218 4276 1301 4339 prou

95 4346 184 4416 pterea
205 4348 288 4426 quod
309 4346 407 4409 omnia
428 4352 574 4407 tormenta
595 4353 626 4406 et
645 4345 798 4424 quodlibet
818 4342 1052 4406 crudelissimum
1074 4343 1177 4406 mortis
1199 4359 1300 4422 genus

93 4422 271 4506 despicerent
296 4449 353 4494 nec
381 4438 561 4492 vererentur.
604 4430 761 4510 llepnlssm
787 4447 857 4490 vero
884 4428 920 4489 ab
953 4427 1017 4488 aliis
1038 4427 1145 4490 ibidem
1165 4427 1302 4490 vidimus

96 4506 243 4576 ebsurdm
273 4517 381 4579 bunone
413 4515 656 4578 criminationem.
686 4513 778 4587 'Quid
805 4520 903 4575 autem
935 4511 1156 4575 Tertodlianus?
1197 4511 1294 4587 Nulla,

97 4587 189 4676 benit,
210 4601 382 4682 desperatio
400 4609 451 4664 aot
469 4597 596 4682 perdide
618 4607 674 4678 est,
686 4598 747 4664 nbi
761 4598 889 4676 ‚minime
904 4597 992 4664 dubis
1005 4596 1135 4674 doure,
1157 4597 1209 4660 ubi
1223 4615 1298 4662 cer·-¹
