<?xml version="1.0" encoding="UTF-8"?>
<!DOCTYPE html PUBLIC "-//W3C//DTD XHTML 1.0 Transitional//EN"
    "http://www.w3.org/TR/xhtml1/DTD/xhtml1-transitional.dtd">
<html xmlns="http://www.w3.org/1999/xhtml" xml:lang="en" lang="en">
 <head>
  <title>
</title>
<meta http-equiv="Content-Type" content="text/html;charset=utf-8" />
  <meta name='ocr-system' content='tesseract 3.04.00' />
  <meta name='ocr-capabilities' content='ocr_page ocr_carea ocr_par ocr_line ocrx_word'/>
</head>
<body>
  <div class='ocr_page' id='page_1' title='image "./quaesupersuntom01oehlgoog_0118.png"; bbox 0 0 3114 5240; ppageno 0'>
   <div class='ocr_carea' id='block_1_1' title="bbox 479 355 1297 434">
    <p class='ocr_par' dir='ltr' id='par_1_1' title="bbox 479 355 1297 434">
     <span class='ocr_line' id='line_1_1' title="bbox 479 355 1297 434; baseline -0.004 -4"><span class='ocrx_word' id='word_1_1' title='bbox 479 381 613 430; x_wconf 72' lang='lat' dir='ltr'>morose</span> <span class='ocrx_word' id='word_1_2' title='bbox 634 355 704 427; x_wconf 73' lang='lat' dir='ltr'>sra&#39;</span> <span class='ocrx_word' id='word_1_3' title='bbox 717 381 753 428; x_wconf 74' lang='lat' dir='ltr'>aa</span> <span class='ocrx_word' id='word_1_4' title='bbox 775 381 901 429; x_wconf 79' lang='lat' dir='ltr'>sormi.</span> <span class='ocrx_word' id='word_1_5' title='bbox 1237 367 1297 434; x_wconf 68' lang='lat' dir='ltr'>rur</span> 
     </span>
    </p>
   </div>
   <div class='ocr_carea' id='block_1_2' title="bbox 81 527 1349 4676">
    <p class='ocr_par' dir='ltr' id='par_1_2' title="bbox 88 527 1298 678">
     <span class='ocr_line' id='line_1_2' title="bbox 88 527 1298 612; baseline 0.009 -24"><span class='ocrx_word' id='word_1_6' title='bbox 88 527 223 590; x_wconf 82' lang='lat' dir='ltr'>Plautiani</span> <span class='ocrx_word' id='word_1_7' title='bbox 246 529 335 594; x_wconf 87' lang='lat' dir='ltr'>etiam</span> <span class='ocrx_word' id='word_1_8' title='bbox 357 529 487 605; x_wconf 78' lang='lat' dir='ltr'>medem,</span> <span class='ocrx_word' id='word_1_9' title='bbox 521 531 571 612; x_wconf 79' lang='lat' dir='ltr'>qui</span> <span class='ocrx_word' id='word_1_10' title='bbox 593 531 714 597; x_wconf 83' lang='lat' dir='ltr'>irrbente</span> <span class='ocrx_word' id='word_1_11' title='bbox 736 531 881 597; x_wconf 75' lang='lat' dir='ltr'>umatus</span> <span class='ocrx_word' id='word_1_12' title='bbox 901 551 977 598; x_wconf 88' lang='lat' dir='ltr'>anno</span> <span class='ocrx_word' id='word_1_13' title='bbox 1000 531 1109 598; x_wconf 86' lang='lat' dir='ltr'>Christi</span> <span class='ocrx_word' id='word_1_14' title='bbox 1131 531 1224 596; x_wconf 89' lang='lat' dir='ltr'>CClV.</span> <span class='ocrx_word' id='word_1_15' title='bbox 1246 541 1298 599; x_wconf 79' lang='lat' dir='ltr'>au</span> 
     </span>
     <span class='ocr_line' id='line_1_3' title="bbox 88 613 435 678; baseline 0.006 -4"><span class='ocrx_word' id='word_1_16' title='bbox 88 613 156 674; x_wconf 80' lang='lat' dir='ltr'>CCV.</span> <span class='ocrx_word' id='word_1_17' title='bbox 181 613 356 676; x_wconf 80' lang='lat' dir='ltr'>interfectus</span> <span class='ocrx_word' id='word_1_18' title='bbox 379 623 435 678; x_wconf 85' lang='lat' dir='ltr'>est.</span> 
     </span>
    </p>

    <p class='ocr_par' dir='ltr' id='par_1_3' title="bbox 81 687 1300 1461">
     <span class='ocr_line' id='line_1_4' title="bbox 159 687 1299 784; baseline 0.005 -26"><span class='ocrx_word' id='word_1_19' title='bbox 159 697 197 758; x_wconf 90' lang='lat' dir='ltr'>ln</span> <span class='ocrx_word' id='word_1_20' title='bbox 220 699 310 760; x_wconf 88' lang='lat' dir='ltr'>buius</span> <span class='ocrx_word' id='word_1_21' title='bbox 332 687 431 762; x_wconf 84' lang='lat' dir='ltr'>suteris</span> <span class='ocrx_word' id='word_1_22' title='bbox 453 700 602 782; x_wconf 81' lang='lat' dir='ltr'>opinionis</span> <span class='ocrx_word' id='word_1_23' title='bbox 624 702 875 766; x_wconf 81' lang='lat' dir='ltr'>confirmationem</span> <span class='ocrx_word' id='word_1_24' title='bbox 897 701 1000 764; x_wconf 83' lang='lat' dir='ltr'><strong>adduci</strong></span> <span class='ocrx_word' id='word_1_25' title='bbox 1022 721 1139 782; x_wconf 85' lang='lat' dir='ltr'>quoque</span> <span class='ocrx_word' id='word_1_26' title='bbox 1160 710 1299 784; x_wconf 87' lang='lat' dir='ltr'>poteraut</span> 
     </span>
     <span class='ocr_line' id='line_1_5' title="bbox 85 782 1298 867; baseline 0.009 -27"><span class='ocrx_word' id='word_1_27' title='bbox 85 782 294 862; x_wconf 77' lang='lat' dir='ltr'>subsequentia</span> <span class='ocrx_word' id='word_1_28' title='bbox 316 785 450 849; x_wconf 88' lang='lat' dir='ltr'>eiusdem</span> <span class='ocrx_word' id='word_1_29' title='bbox 472 785 618 867; x_wconf 89' lang='lat' dir='ltr'>Spartiaui</span> <span class='ocrx_word' id='word_1_30' title='bbox 640 788 676 848; x_wconf 92' lang='lat' dir='ltr'>de</span> <span class='ocrx_word' id='word_1_31' title='bbox 698 787 756 848; x_wconf 92' lang='lat' dir='ltr'>hoc</span> <span class='ocrx_word' id='word_1_32' title='bbox 776 787 843 866; x_wconf 91' lang='lat' dir='ltr'>ipso</span> <span class='ocrx_word' id='word_1_33' title='bbox 860 787 1037 867; x_wconf 72' lang='lat' dir='ltr'>imperatore</span> <span class='ocrx_word' id='word_1_34' title='bbox 1057 785 1159 850; x_wconf 87' lang='lat' dir='ltr'>rerba:</span> <span class='ocrx_word' id='word_1_35' title='bbox 1184 787 1298 852; x_wconf 82' lang='lat' dir='ltr'>Multos</span> 
     </span>
     <span class='ocr_line' id='line_1_6' title="bbox 84 869 1299 950; baseline 0.005 -20"><span class='ocrx_word' id='word_1_36' title='bbox 84 873 177 940; x_wconf 78' lang='lat' dir='ltr'>erum,</span> <span class='ocrx_word' id='word_1_37' title='bbox 201 875 292 950; x_wconf 80' lang='lat' dir='ltr'>quase·</span> <span class='ocrx_word' id='word_1_38' title='bbox 313 869 478 935; x_wconf 72' lang='lat' dir='ltr'><strong><em>Chaldaeos</em></strong></span> <span class='ocrx_word' id='word_1_39' title='bbox 506 883 559 936; x_wconf 79' lang='lat' dir='ltr'>eser</span> <span class='ocrx_word' id='word_1_40' title='bbox 582 883 665 936; x_wconf 81' lang='lat' dir='ltr'>voras</span> <span class='ocrx_word' id='word_1_41' title='bbox 687 873 722 936; x_wconf 83' lang='lat' dir='ltr'>dc</span> <span class='ocrx_word' id='word_1_42' title='bbox 743 891 801 934; x_wconf 80' lang='lat' dir='ltr'>sara</span> <span class='ocrx_word' id='word_1_43' title='bbox 816 872 915 936; x_wconf 85' lang='lat' dir='ltr'>solere</span> <span class='ocrx_word' id='word_1_44' title='bbox 926 872 1160 946; x_wconf 74' lang='lat' dir='ltr'>consuluissent,</span> <span class='ocrx_word' id='word_1_45' title='bbox 1183 878 1299 936; x_wconf 82' lang='lat' dir='ltr'>a&#39;urerc-</span> 
     </span>
     <span class='ocr_line' id='line_1_7' title="bbox 84 957 1300 1040; baseline 0.005 -26"><span class='ocrx_word' id='word_1_46' title='bbox 84 957 144 1024; x_wconf 86' lang='lat' dir='ltr'>m&#39;r,</span> <span class='ocrx_word' id='word_1_47' title='bbox 164 958 333 1036; x_wconf 80' lang='lat' dir='ltr'>praecipue</span> <span class='ocrx_word' id='word_1_48' title='bbox 361 967 517 1038; x_wconf 79' lang='lat' dir='ltr'>suspectos</span> <span class='ocrx_word' id='word_1_49' title='bbox 544 975 781 1040; x_wconf 77' lang='lat' dir='ltr'>unumquemque</span> <span class='ocrx_word' id='word_1_50' title='bbox 807 959 946 1020; x_wconf 78' lang='lat' dir='ltr'>idomas</span> <span class='ocrx_word' id='word_1_51' title='bbox 972 961 1114 1038; x_wconf 79' lang='lat' dir='ltr'>imperio,</span> <span class='ocrx_word' id='word_1_52' title='bbox 1143 976 1208 1020; x_wconf 83' lang='lat' dir='ltr'>cese</span> <span class='ocrx_word' id='word_1_53' title='bbox 1234 962 1300 1040; x_wconf 80' lang='lat' dir='ltr'>ipse</span> 
     </span>
     <span class='ocr_line' id='line_1_8' title="bbox 81 1037 1297 1122; baseline 0.007 -25"><span class='ocrx_word' id='word_1_54' title='bbox 81 1037 229 1116; x_wconf 82' lang='lat' dir='ltr'>purvulos</span> <span class='ocrx_word' id='word_1_55' title='bbox 246 1039 343 1102; x_wconf 79' lang='lat' dir='ltr'>adbuc</span> <span class='ocrx_word' id='word_1_56' title='bbox 357 1040 440 1121; x_wconf 78' lang='lat' dir='ltr'>filios</span> <span class='ocrx_word' id='word_1_57' title='bbox 456 1041 588 1116; x_wconf 82' lang='lat' dir='ltr'>laberer,</span> <span class='ocrx_word' id='word_1_58' title='bbox 611 1045 697 1122; x_wconf 81' lang='lat' dir='ltr'>r&#39;dpue</span> <span class='ocrx_word' id='word_1_59' title='bbox 711 1044 772 1104; x_wconf 81' lang='lat' dir='ltr'>dici</span> <span class='ocrx_word' id='word_1_60' title='bbox 783 1043 820 1104; x_wconf 87' lang='lat' dir='ltr'>ob</span> <span class='ocrx_word' id='word_1_61' title='bbox 835 1046 871 1103; x_wconf 81' lang='lat' dir='ltr'>trs</span> <span class='ocrx_word' id='word_1_62' title='bbox 887 1042 935 1104; x_wconf 79' lang='lat' dir='ltr'>uel</span> <span class='ocrx_word' id='word_1_63' title='bbox 948 1043 1080 1106; x_wconf 82' lang='lat' dir='ltr'>crederet</span> <span class='ocrx_word' id='word_1_64' title='bbox 1104 1041 1153 1104; x_wconf 85' lang='lat' dir='ltr'>ecl</span> <span class='ocrx_word' id='word_1_65' title='bbox 1167 1043 1297 1116; x_wconf 82' lang='lat' dir='ltr'>audirer,</span> 
     </span>
     <span class='ocr_line' id='line_1_9' title="bbox 83 1123 1299 1208; baseline 0.005 -26"><span class='ocrx_word' id='word_1_66' title='bbox 83 1125 129 1202; x_wconf 75' lang='lat' dir='ltr'>pei</span> <span class='ocrx_word' id='word_1_67' title='bbox 141 1123 205 1184; x_wconf 82' lang='lat' dir='ltr'>aidi</span> <span class='ocrx_word' id='word_1_68' title='bbox 216 1125 453 1204; x_wconf 61' lang='lat' dir='ltr'>demandentur·</span> <span class='ocrx_word' id='word_1_69' title='bbox 467 1129 624 1208; x_wconf 82' lang='lat' dir='ltr'>imperium</span> <span class='ocrx_word' id='word_1_70' title='bbox 638 1127 748 1200; x_wconf 69' lang='lat' dir='ltr'>(loide</span> <span class='ocrx_word' id='word_1_71' title='bbox 770 1145 837 1188; x_wconf 92' lang='lat' dir='ltr'>nam</span> <span class='ocrx_word' id='word_1_72' title='bbox 850 1127 1045 1189; x_wconf 89' lang='lat' dir='ltr'>Tertullianus</span> <span class='ocrx_word' id='word_1_73' title='bbox 1062 1127 1168 1188; x_wconf 91' lang='lat' dir='ltr'>eodem</span> <span class='ocrx_word' id='word_1_74' title='bbox 1182 1126 1299 1188; x_wconf 83' lang='lat' dir='ltr'>citatos</span> 
     </span>
     <span class='ocr_line' id='line_1_10' title="bbox 84 1205 1298 1292; baseline 0.005 -26"><span class='ocrx_word' id='word_1_75' title='bbox 84 1205 165 1266; x_wconf 90' lang='lat' dir='ltr'>ochis</span> <span class='ocrx_word' id='word_1_76' title='bbox 189 1207 287 1288; x_wconf 86' lang='lat' dir='ltr'>capite</span> <span class='ocrx_word' id='word_1_77' title='bbox 309 1209 397 1271; x_wconf 81' lang='lat' dir='ltr'>dixit:</span> <span class='ocrx_word' id='word_1_78' title='bbox 419 1210 530 1272; x_wconf 79' lang='lat' dir='ltr'>raom</span> <span class='ocrx_word' id='word_1_79' title='bbox 551 1212 665 1292; x_wconf 68' lang='lat' dir='ltr'>officio,</span> <span class='ocrx_word' id='word_1_80' title='bbox 688 1210 718 1272; x_wconf 90' lang='lat' dir='ltr'>in</span> <span class='ocrx_word' id='word_1_81' title='bbox 739 1211 904 1292; x_wconf 85' lang='lat' dir='ltr'>principum</span> <span class='ocrx_word' id='word_1_82' title='bbox 926 1212 1036 1274; x_wconf 88' lang='lat' dir='ltr'>scilicet</span> <span class='ocrx_word' id='word_1_83' title='bbox 1050 1211 1298 1285; x_wconf 76' lang='lat' dir='ltr'>solemnitatibus,</span> 
     </span>
     <span class='ocr_line' id='line_1_11' title="bbox 84 1293 1300 1378; baseline 0.007 -26"><span class='ocrx_word' id='word_1_84' title='bbox 84 1293 272 1372; x_wconf 79' lang='lat' dir='ltr'>dependunt,</span> <span class='ocrx_word' id='word_1_85' title='bbox 300 1307 328 1358; x_wconf 88' lang='lat' dir='ltr'>ct</span> <span class='ocrx_word' id='word_1_86' title='bbox 356 1301 410 1376; x_wconf 76' lang='lat' dir='ltr'>qus·</span> <span class='ocrx_word' id='word_1_87' title='bbox 433 1296 606 1376; x_wconf 77' lang='lat' dir='ltr'>cerrolopos</span> <span class='ocrx_word' id='word_1_88' title='bbox 640 1307 668 1358; x_wconf 86' lang='lat' dir='ltr'>ct</span> <span class='ocrx_word' id='word_1_89' title='bbox 696 1300 853 1376; x_wconf 82' lang='lat' dir='ltr'>aruspices</span> <span class='ocrx_word' id='word_1_90' title='bbox 882 1308 910 1360; x_wconf 87' lang='lat' dir='ltr'>er</span> <span class='ocrx_word' id='word_1_91' title='bbox 931 1315 1061 1378; x_wconf 76' lang='lat' dir='ltr'>cuperes</span> <span class='ocrx_word' id='word_1_92' title='bbox 1089 1307 1118 1360; x_wconf 86' lang='lat' dir='ltr'>er</span> <span class='ocrx_word' id='word_1_93' title='bbox 1139 1315 1242 1378; x_wconf 77' lang='lat' dir='ltr'>acopos</span> <span class='ocrx_word' id='word_1_94' title='bbox 1264 1298 1300 1360; x_wconf 80' lang='lat' dir='ltr'>ds</span> 
     </span>
     <span class='ocr_line' id='line_1_12' title="bbox 84 1375 1112 1461; baseline 0.005 -23"><span class='ocrx_word' id='word_1_95' title='bbox 84 1375 222 1440; x_wconf 70' lang='lat' dir='ltr'>means</span> <span class='ocrx_word' id='word_1_96' title='bbox 247 1383 343 1461; x_wconf 78' lang='lat' dir='ltr'>sopire</span> <span class='ocrx_word' id='word_1_97' title='bbox 365 1380 548 1445; x_wconf 67' lang='lat' dir='ltr'>constritatur.</span> <span class='ocrx_word' id='word_1_98' title='bbox 571 1380 753 1454; x_wconf 82' lang='lat' dir='ltr'>(Tertullian.</span> <span class='ocrx_word' id='word_1_99' title='bbox 774 1381 929 1460; x_wconf 69' lang='lat' dir='ltr'>apologet.</span> <span class='ocrx_word' id='word_1_100' title='bbox 952 1399 1014 1461; x_wconf 85' lang='lat' dir='ltr'>cap.</span> <span class='ocrx_word' id='word_1_101' title='bbox 1037 1383 1112 1457; x_wconf 84' lang='lat'><strong>35.).</strong></span> 
     </span>
    </p>

    <p class='ocr_par' dir='ltr' id='par_1_4' title="bbox 84 1461 1318 3388">
     <span class='ocr_line' id='line_1_13' title="bbox 163 1461 1299 1544; baseline 0.007 -22"><span class='ocrx_word' id='word_1_102' title='bbox 163 1461 274 1540; x_wconf 78' lang='lat' dir='ltr'>Negari</span> <span class='ocrx_word' id='word_1_103' title='bbox 301 1464 421 1544; x_wconf 90' lang='lat' dir='ltr'>quidem</span> <span class='ocrx_word' id='word_1_104' title='bbox 448 1483 510 1528; x_wconf 93' lang='lat' dir='ltr'>non</span> <span class='ocrx_word' id='word_1_105' title='bbox 542 1473 642 1544; x_wconf 88' lang='lat' dir='ltr'>potest</span> <span class='ocrx_word' id='word_1_106' title='bbox 674 1466 749 1528; x_wconf 86' lang='lat' dir='ltr'>banc</span> <span class='ocrx_word' id='word_1_107' title='bbox 782 1466 1064 1544; x_wconf 80' lang='lat' dir='ltr'>argumentationem</span> <span class='ocrx_word' id='word_1_108' title='bbox 1092 1484 1152 1529; x_wconf 89' lang='lat' dir='ltr'>uon</span> <span class='ocrx_word' id='word_1_109' title='bbox 1185 1464 1299 1530; x_wconf 85' lang='lat' dir='ltr'>minimi</span> 
     </span>
     <span class='ocr_line' id='line_1_14' title="bbox 84 1547 1299 1630; baseline 0.005 -25"><span class='ocrx_word' id='word_1_110' title='bbox 84 1547 216 1624; x_wconf 87' lang='lat' dir='ltr'>prolecto</span> <span class='ocrx_word' id='word_1_111' title='bbox 241 1567 307 1612; x_wconf 91' lang='lat' dir='ltr'>esse</span> <span class='ocrx_word' id='word_1_112' title='bbox 329 1549 482 1628; x_wconf 89' lang='lat' dir='ltr'>ponderis,</span> <span class='ocrx_word' id='word_1_113' title='bbox 505 1549 530 1610; x_wconf 89' lang='lat' dir='ltr'>si</span> <span class='ocrx_word' id='word_1_114' title='bbox 553 1550 661 1615; x_wconf 85' lang='lat' dir='ltr'>ethnici</span> <span class='ocrx_word' id='word_1_115' title='bbox 682 1551 847 1630; x_wconf 87' lang='lat' dir='ltr'>proximam</span> <span class='ocrx_word' id='word_1_116' title='bbox 868 1551 1077 1630; x_wconf 87' lang='lat' dir='ltr'>imperatorum</span> <span class='ocrx_word' id='word_1_117' title='bbox 1099 1561 1224 1612; x_wconf 86' lang='lat' dir='ltr'>mortem</span> <span class='ocrx_word' id='word_1_118' title='bbox 1242 1568 1299 1630; x_wconf 91' lang='lat' dir='ltr'>op·</span> 
     </span>
     <span class='ocr_line' id='line_1_15' title="bbox 84 1633 1299 1714; baseline 0.004 -23"><span class='ocrx_word' id='word_1_119' title='bbox 84 1640 177 1692; x_wconf 69' lang='lat' dir='ltr'>unus</span> <span class='ocrx_word' id='word_1_120' title='bbox 200 1651 303 1712; x_wconf 77' lang='lat' dir='ltr'>magos</span> <span class='ocrx_word' id='word_1_121' title='bbox 326 1633 458 1714; x_wconf 80' lang='lat' dir='ltr'>aliosque</span> <span class='ocrx_word' id='word_1_122' title='bbox 480 1634 628 1696; x_wconf 88' lang='lat' dir='ltr'>divinandi</span> <span class='ocrx_word' id='word_1_123' title='bbox 651 1645 713 1696; x_wconf 89' lang='lat' dir='ltr'>arte</span> <span class='ocrx_word' id='word_1_124' title='bbox 734 1635 846 1714; x_wconf 90' lang='lat' dir='ltr'>peritos</span> <span class='ocrx_word' id='word_1_125' title='bbox 869 1635 905 1696; x_wconf 91' lang='lat' dir='ltr'>de</span> <span class='ocrx_word' id='word_1_126' title='bbox 923 1635 1019 1705; x_wconf 60' lang='lat' dir='ltr'>,solius</span> <span class='ocrx_word' id='word_1_127' title='bbox 1045 1633 1146 1696; x_wconf 86' lang='lat' dir='ltr'>Severi</span> <span class='ocrx_word' id='word_1_128' title='bbox 1169 1635 1299 1714; x_wconf 90' lang='lat' dir='ltr'>impera-</span> 
     </span>
     <span class='ocr_line' id='line_1_16' title="bbox 84 1716 1301 1798; baseline 0.01 -24"><span class='ocrx_word' id='word_1_129' title='bbox 84 1717 155 1776; x_wconf 87' lang='lat' dir='ltr'>toris</span> <span class='ocrx_word' id='word_1_130' title='bbox 177 1716 271 1780; x_wconf 90' lang='lat' dir='ltr'>salute</span> <span class='ocrx_word' id='word_1_131' title='bbox 294 1719 386 1780; x_wconf 90' lang='lat' dir='ltr'>semel</span> <span class='ocrx_word' id='word_1_132' title='bbox 408 1727 520 1782; x_wconf 89' lang='lat' dir='ltr'>tautum</span> <span class='ocrx_word' id='word_1_133' title='bbox 542 1719 770 1782; x_wconf 85' lang='lat' dir='ltr'>consuluissent.</span> <span class='ocrx_word' id='word_1_134' title='bbox 813 1723 850 1780; x_wconf 79' lang='lat' dir='ltr'>tr</span> <span class='ocrx_word' id='word_1_135' title='bbox 872 1729 950 1782; x_wconf 85' lang='lat' dir='ltr'>certe</span> <span class='ocrx_word' id='word_1_136' title='bbox 972 1719 1169 1798; x_wconf 72' lang='lat' dir='ltr'>Tertullianus</span> <span class='ocrx_word' id='word_1_137' title='bbox 1191 1720 1301 1786; x_wconf 80' lang='lat' dir='ltr'>bancos</span> 
     </span>
     <span class='ocr_line' id='line_1_17' title="bbox 84 1784 1301 1886; baseline 0.007 -27"><span class='ocrx_word' id='word_1_138' title='bbox 84 1784 331 1866; x_wconf 72' lang='lat' dir='ltr'>consultationem</span> <span class='ocrx_word' id='word_1_139' title='bbox 361 1804 478 1884; x_wconf 88' lang='lat' dir='ltr'>saepius</span> <span class='ocrx_word' id='word_1_140' title='bbox 507 1804 690 1884; x_wconf 86' lang='lat' dir='ltr'>propositam</span> <span class='ocrx_word' id='word_1_141' title='bbox 718 1813 748 1868; x_wconf 92' lang='lat' dir='ltr'>et</span> <span class='ocrx_word' id='word_1_142' title='bbox 774 1804 929 1886; x_wconf 84' lang='lat' dir='ltr'>repetitam</span> <span class='ocrx_word' id='word_1_143' title='bbox 955 1804 1046 1868; x_wconf 88' lang='lat' dir='ltr'>luisse</span> <span class='ocrx_word' id='word_1_144' title='bbox 1072 1803 1150 1866; x_wconf 88' lang='lat' dir='ltr'>baud</span> <span class='ocrx_word' id='word_1_145' title='bbox 1175 1806 1301 1868; x_wconf 87' lang='lat' dir='ltr'>obseura</span> 
     </span>
     <span class='ocr_line' id='line_1_18' title="bbox 87 1883 1300 1962; baseline 0.011 -19"><span class='ocrx_word' id='word_1_146' title='bbox 87 1883 237 1962; x_wconf 78' lang='lat' dir='ltr'>signifieat</span> <span class='ocrx_word' id='word_1_147' title='bbox 282 1887 437 1952; x_wconf 89' lang='lat' dir='ltr'>Praeterea</span> <span class='ocrx_word' id='word_1_148' title='bbox 468 1889 495 1952; x_wconf 91' lang='lat' dir='ltr'>si</span> <span class='ocrx_word' id='word_1_149' title='bbox 528 1889 600 1952; x_wconf 90' lang='lat' dir='ltr'>baec</span> <span class='ocrx_word' id='word_1_150' title='bbox 631 1889 709 1952; x_wconf 92' lang='lat' dir='ltr'>illius</span> <span class='ocrx_word' id='word_1_151' title='bbox 741 1890 779 1952; x_wconf 90' lang='lat' dir='ltr'>de</span> <span class='ocrx_word' id='word_1_152' title='bbox 810 1890 916 1952; x_wconf 91' lang='lat' dir='ltr'>iisdem</span> <span class='ocrx_word' id='word_1_153' title='bbox 948 1888 1100 1952; x_wconf 85' lang='lat' dir='ltr'>seditiosis</span> <span class='ocrx_word' id='word_1_154' title='bbox 1121 1889 1300 1956; x_wconf 83' lang='lat' dir='ltr'>factionibus</span> 
     </span>
     <span class='ocr_line' id='line_1_19' title="bbox 88 1969 1301 2058; baseline 0.007 -31"><span class='ocrx_word' id='word_1_155' title='bbox 88 1969 192 2030; x_wconf 83' lang='lat' dir='ltr'>rerba:</span> <span class='ocrx_word' id='word_1_156' title='bbox 223 1971 282 2036; x_wconf 86' lang='lat' dir='ltr'>Sed</span> <span class='ocrx_word' id='word_1_157' title='bbox 304 1985 332 2036; x_wconf 85' lang='lat' dir='ltr'>er</span> <span class='ocrx_word' id='word_1_158' title='bbox 354 1993 436 2036; x_wconf 81' lang='lat' dir='ltr'>nuuc</span> <span class='ocrx_word' id='word_1_159' title='bbox 457 2019 465 2036; x_wconf 90' lang='lat'><em>.</em></span> <span class='ocrx_word' id='word_1_160' title='bbox 489 2020 496 2036; x_wconf 92' lang='lat'><em>.</em></span> <span class='ocrx_word' id='word_1_161' title='bbox 521 2021 529 2036; x_wconf 87' lang='lat'><strong>.</strong></span> <span class='ocrx_word' id='word_1_162' title='bbox 554 2019 562 2036; x_wconf 90' lang='lat'><strong>.</strong></span> <span class='ocrx_word' id='word_1_163' title='bbox 585 1977 714 2058; x_wconf 74' lang='lat' dir='ltr'>quotidie</span> <span class='ocrx_word' id='word_1_164' title='bbox 735 1973 928 2046; x_wconf 77' lang='lat' dir='ltr'>revelentur,</span> <span class='ocrx_word' id='word_1_165' title='bbox 955 1973 1105 2038; x_wconf 89' lang='lat' dir='ltr'>attentiori</span> <span class='ocrx_word' id='word_1_166' title='bbox 1126 1975 1225 2038; x_wconf 87' lang='lat' dir='ltr'>animo</span> <span class='ocrx_word' id='word_1_167' title='bbox 1247 1994 1301 2037; x_wconf 84' lang='lat' dir='ltr'>er-</span> 
     </span>
     <span class='ocr_line' id='line_1_20' title="bbox 87 2054 1300 2141; baseline 0.007 -27"><span class='ocrx_word' id='word_1_168' title='bbox 87 2054 264 2132; x_wconf 89' lang='lat' dir='ltr'>pendamus,</span> <span class='ocrx_word' id='word_1_169' title='bbox 288 2076 389 2120; x_wconf 89' lang='lat' dir='ltr'>nonne</span> <span class='ocrx_word' id='word_1_170' title='bbox 411 2058 480 2121; x_wconf 91' lang='lat' dir='ltr'>inde</span> <span class='ocrx_word' id='word_1_171' title='bbox 501 2057 595 2138; x_wconf 85' lang='lat' dir='ltr'>colligi</span> <span class='ocrx_word' id='word_1_172' title='bbox 618 2069 698 2122; x_wconf 89' lang='lat' dir='ltr'>recte</span> <span class='ocrx_word' id='word_1_173' title='bbox 717 2068 834 2141; x_wconf 89' lang='lat' dir='ltr'>potest,</span> <span class='ocrx_word' id='word_1_174' title='bbox 863 2059 899 2122; x_wconf 94' lang='lat' dir='ltr'>de</span> <span class='ocrx_word' id='word_1_175' title='bbox 921 2059 978 2122; x_wconf 90' lang='lat' dir='ltr'>illis</span> <span class='ocrx_word' id='word_1_176' title='bbox 1001 2078 1170 2122; x_wconf 89' lang='lat' dir='ltr'>sermonem</span> <span class='ocrx_word' id='word_1_177' title='bbox 1192 2059 1228 2120; x_wconf 90' lang='lat' dir='ltr'>ab</span> <span class='ocrx_word' id='word_1_178' title='bbox 1250 2059 1300 2122; x_wconf 90' lang='lat' dir='ltr'>illo</span> 
     </span>
     <span class='ocr_line' id='line_1_21' title="bbox 87 2139 1299 2224; baseline 0.006 -25"><span class='ocrx_word' id='word_1_179' title='bbox 87 2139 147 2200; x_wconf 87' lang='lat' dir='ltr'>tieri</span> <span class='ocrx_word' id='word_1_180' title='bbox 169 2151 306 2220; x_wconf 74' lang='lat' dir='ltr'>unquam</span> <span class='ocrx_word' id='word_1_181' title='bbox 329 2143 461 2204; x_wconf 89' lang='lat' dir='ltr'>nondum</span> <span class='ocrx_word' id='word_1_182' title='bbox 482 2143 599 2224; x_wconf 85' lang='lat' dir='ltr'>penitus</span> <span class='ocrx_word' id='word_1_183' title='bbox 627 2145 777 2218; x_wconf 84' lang='lat' dir='ltr'>extinctis,</span> <span class='ocrx_word' id='word_1_184' title='bbox 805 2145 858 2206; x_wconf 89' lang='lat' dir='ltr'>sed</span> <span class='ocrx_word' id='word_1_185' title='bbox 879 2145 916 2206; x_wconf 90' lang='lat' dir='ltr'>ad</span> <span class='ocrx_word' id='word_1_186' title='bbox 937 2163 1084 2206; x_wconf 92' lang='lat' dir='ltr'>summum</span> <span class='ocrx_word' id='word_1_187' title='bbox 1110 2143 1226 2224; x_wconf 89' lang='lat' dir='ltr'>sopitis,</span> <span class='ocrx_word' id='word_1_188' title='bbox 1249 2163 1299 2206; x_wconf 88' lang='lat' dir='ltr'>ea-</span> 
     </span>
     <span class='ocr_line' id='line_1_22' title="bbox 87 2227 1301 2309; baseline 0.007 -25"><span class='ocrx_word' id='word_1_189' title='bbox 87 2235 192 2304; x_wconf 87' lang='lat' dir='ltr'>putque</span> <span class='ocrx_word' id='word_1_190' title='bbox 221 2227 347 2306; x_wconf 90' lang='lat' dir='ltr'>amplius</span> <span class='ocrx_word' id='word_1_191' title='bbox 369 2228 501 2290; x_wconf 89' lang='lat' dir='ltr'>attollere</span> <span class='ocrx_word' id='word_1_192' title='bbox 522 2247 584 2290; x_wconf 90' lang='lat' dir='ltr'>non</span> <span class='ocrx_word' id='word_1_193' title='bbox 606 2227 803 2292; x_wconf 79' lang='lat' dir='ltr'>audentibus?</span> <span class='ocrx_word' id='word_1_194' title='bbox 845 2229 982 2292; x_wconf 91' lang='lat' dir='ltr'>Nondum</span> <span class='ocrx_word' id='word_1_195' title='bbox 1003 2247 1072 2309; x_wconf 79' lang='lat' dir='ltr'>ergo</span> <span class='ocrx_word' id='word_1_196' title='bbox 1096 2229 1224 2292; x_wconf 83' lang='lat' dir='ltr'>Severus</span> <span class='ocrx_word' id='word_1_197' title='bbox 1246 2230 1301 2292; x_wconf 88' lang='lat' dir='ltr'>ba-</span> 
     </span>
     <span class='ocr_line' id='line_1_23' title="bbox 88 2309 1302 2394; baseline 0.007 -26"><span class='ocrx_word' id='word_1_198' title='bbox 88 2309 184 2372; x_wconf 87' lang='lat' dir='ltr'>buisse</span> <span class='ocrx_word' id='word_1_199' title='bbox 212 2311 368 2374; x_wconf 86' lang='lat' dir='ltr'>videbatur</span> <span class='ocrx_word' id='word_1_200' title='bbox 395 2322 513 2394; x_wconf 89' lang='lat' dir='ltr'>apertas</span> <span class='ocrx_word' id='word_1_201' title='bbox 541 2321 607 2376; x_wconf 83' lang='lat' dir='ltr'>cum</span> <span class='ocrx_word' id='word_1_202' title='bbox 628 2314 780 2377; x_wconf 87' lang='lat' dir='ltr'>Plautiano</span> <span class='ocrx_word' id='word_1_203' title='bbox 802 2313 974 2376; x_wconf 86' lang='lat' dir='ltr'>simultates.</span> <span class='ocrx_word' id='word_1_204' title='bbox 1017 2314 1111 2394; x_wconf 80' lang='lat' dir='ltr'>Atque</span> <span class='ocrx_word' id='word_1_205' title='bbox 1131 2314 1302 2376; x_wconf 89' lang='lat' dir='ltr'>Plautianus</span> 
     </span>
     <span class='ocr_line' id='line_1_24' title="bbox 89 2393 1301 2482; baseline 0.005 -28"><span class='ocrx_word' id='word_1_206' title='bbox 89 2393 170 2456; x_wconf 81' lang='lat' dir='ltr'>filiam</span> <span class='ocrx_word' id='word_1_207' title='bbox 193 2415 280 2458; x_wconf 89' lang='lat' dir='ltr'>suam</span> <span class='ocrx_word' id='word_1_208' title='bbox 299 2395 462 2460; x_wconf 86' lang='lat' dir='ltr'>Plautillam</span> <span class='ocrx_word' id='word_1_209' title='bbox 484 2397 647 2461; x_wconf 84' lang='lat' dir='ltr'>Caracallus</span> <span class='ocrx_word' id='word_1_210' title='bbox 669 2398 802 2460; x_wconf 89' lang='lat' dir='ltr'>eiusdem</span> <span class='ocrx_word' id='word_1_211' title='bbox 825 2398 926 2482; x_wconf 81' lang='lat' dir='ltr'>Severi</span> <span class='ocrx_word' id='word_1_212' title='bbox 949 2397 1008 2460; x_wconf 86' lang='lat' dir='ltr'>tilio</span> <span class='ocrx_word' id='word_1_213' title='bbox 1031 2399 1062 2460; x_wconf 93' lang='lat' dir='ltr'>in</span> <span class='ocrx_word' id='word_1_214' title='bbox 1082 2399 1301 2462; x_wconf 87' lang='lat' dir='ltr'>matrimonium</span> 
     </span>
     <span class='ocr_line' id='line_1_25' title="bbox 90 2479 1301 2564; baseline 0.006 -26"><span class='ocrx_word' id='word_1_215' title='bbox 90 2497 161 2540; x_wconf 90' lang='lat' dir='ltr'>auno</span> <span class='ocrx_word' id='word_1_216' title='bbox 184 2479 281 2542; x_wconf 87' lang='lat' dir='ltr'>CCIV.</span> <span class='ocrx_word' id='word_1_217' title='bbox 304 2481 465 2544; x_wconf 83' lang='lat' dir='ltr'>collocarit</span> <span class='ocrx_word' id='word_1_218' title='bbox 509 2483 593 2544; x_wconf 76' lang='lat' dir='ltr'>Anno</span> <span class='ocrx_word' id='word_1_219' title='bbox 615 2493 712 2546; x_wconf 89' lang='lat' dir='ltr'>autem</span> <span class='ocrx_word' id='word_1_220' title='bbox 733 2482 925 2564; x_wconf 85' lang='lat' dir='ltr'>subsequenti</span> <span class='ocrx_word' id='word_1_221' title='bbox 946 2484 1006 2559; x_wconf 88' lang='lat' dir='ltr'>ille,</span> <span class='ocrx_word' id='word_1_222' title='bbox 1027 2483 1301 2556; x_wconf 70' lang='lat' dir='ltr'>conterraneum,</span> 
     </span>
     <span class='ocr_line' id='line_1_26' title="bbox 91 2565 1301 2655; baseline 0.006 -31"><span class='ocrx_word' id='word_1_223' title='bbox 91 2565 271 2652; x_wconf 79' lang='lat' dir='ltr'>manifestam</span> <span class='ocrx_word' id='word_1_224' title='bbox 294 2565 466 2641; x_wconf 86' lang='lat' dir='ltr'>Caracallae,</span> <span class='ocrx_word' id='word_1_225' title='bbox 488 2568 675 2646; x_wconf 79' lang='lat' dir='ltr'>generiam,</span> <span class='ocrx_word' id='word_1_226' title='bbox 704 2568 754 2648; x_wconf 87' lang='lat' dir='ltr'>qui</span> <span class='ocrx_word' id='word_1_227' title='bbox 776 2578 837 2630; x_wconf 92' lang='lat' dir='ltr'>tum</span> <span class='ocrx_word' id='word_1_228' title='bbox 859 2587 982 2630; x_wconf 83' lang='lat' dir='ltr'>uxorem</span> <span class='ocrx_word' id='word_1_229' title='bbox 1005 2587 1088 2630; x_wconf 91' lang='lat' dir='ltr'>suam</span> <span class='ocrx_word' id='word_1_230' title='bbox 1111 2570 1223 2642; x_wconf 89' lang='lat' dir='ltr'>oderat,</span> <span class='ocrx_word' id='word_1_231' title='bbox 1246 2588 1301 2655; x_wconf 80' lang='lat' dir='ltr'>au-</span> 
     </span>
     <span class='ocr_line' id='line_1_27' title="bbox 91 2647 1301 2732; baseline 0.006 -25"><span class='ocrx_word' id='word_1_232' title='bbox 91 2647 195 2712; x_wconf 85' lang='lat' dir='ltr'>daciam</span> <span class='ocrx_word' id='word_1_233' title='bbox 218 2653 409 2732; x_wconf 84' lang='lat' dir='ltr'>furoremque</span> <span class='ocrx_word' id='word_1_234' title='bbox 430 2652 541 2714; x_wconf 88' lang='lat' dir='ltr'>veritus</span> <span class='ocrx_word' id='word_1_235' title='bbox 574 2653 603 2714; x_wconf 90' lang='lat' dir='ltr'>in</span> <span class='ocrx_word' id='word_1_236' title='bbox 625 2653 688 2716; x_wconf 91' lang='lat' dir='ltr'>eius</span> <span class='ocrx_word' id='word_1_237' title='bbox 710 2653 865 2732; x_wconf 90' lang='lat' dir='ltr'>imperium</span> <span class='ocrx_word' id='word_1_238' title='bbox 888 2653 1004 2716; x_wconf 89' lang='lat' dir='ltr'>insidiis</span> <span class='ocrx_word' id='word_1_239' title='bbox 1027 2653 1163 2716; x_wconf 87' lang='lat' dir='ltr'>invadere</span> <span class='ocrx_word' id='word_1_240' title='bbox 1181 2654 1301 2715; x_wconf 89' lang='lat' dir='ltr'>molitus</span> 
     </span>
     <span class='ocr_line' id='line_1_28' title="bbox 91 2735 1301 2818; baseline 0.004 -25"><span class='ocrx_word' id='word_1_241' title='bbox 91 2745 133 2794; x_wconf 88' lang='lat' dir='ltr'>est</span> <span class='ocrx_word' id='word_1_242' title='bbox 158 2735 331 2810; x_wconf 83' lang='lat' dir='ltr'>(Herodian.</span> <span class='ocrx_word' id='word_1_243' title='bbox 355 2735 404 2798; x_wconf 91' lang='lat' dir='ltr'>lib.</span> <span class='ocrx_word' id='word_1_244' title='bbox 428 2735 477 2798; x_wconf 91' lang='lat' dir='ltr'>lll.</span> <span class='ocrx_word' id='word_1_245' title='bbox 505 2736 537 2798; x_wconf 94' lang='lat' dir='ltr'>in</span> <span class='ocrx_word' id='word_1_246' title='bbox 566 2738 629 2800; x_wconf 85' lang='lat' dir='ltr'>Vita</span> <span class='ocrx_word' id='word_1_247' title='bbox 653 2738 754 2798; x_wconf 78' lang='lat' dir='ltr'>Seuer.</span> <span class='ocrx_word' id='word_1_248' title='bbox 782 2756 848 2818; x_wconf 78' lang='lat' dir='ltr'>pag.</span> <span class='ocrx_word' id='word_1_249' title='bbox 871 2741 944 2802; x_wconf 78' lang='grc'><strong>254.</strong></span> <span class='ocrx_word' id='word_1_250' title='bbox 967 2748 997 2798; x_wconf 92' lang='lat' dir='ltr'>et</span> <span class='ocrx_word' id='word_1_251' title='bbox 1018 2747 1124 2816; x_wconf 71' lang='lat' dir='ltr'>sequ).</span> <span class='ocrx_word' id='word_1_252' title='bbox 1168 2739 1226 2798; x_wconf 91' lang='lat' dir='ltr'>Sed</span> <span class='ocrx_word' id='word_1_253' title='bbox 1255 2738 1301 2798; x_wconf 93' lang='lat' dir='ltr'>his</span> 
     </span>
     <span class='ocr_line' id='line_1_29' title="bbox 91 2819 1302 2902; baseline 0.003 -24"><span class='ocrx_word' id='word_1_254' title='bbox 91 2820 203 2882; x_wconf 86' lang='lat' dir='ltr'>retectis</span> <span class='ocrx_word' id='word_1_255' title='bbox 226 2819 374 2884; x_wconf 86' lang='lat' dir='ltr'>Caracalla</span> <span class='ocrx_word' id='word_1_256' title='bbox 396 2821 487 2895; x_wconf 90' lang='lat' dir='ltr'>illum,</span> <span class='ocrx_word' id='word_1_257' title='bbox 508 2829 665 2901; x_wconf 89' lang='lat' dir='ltr'>praesente</span> <span class='ocrx_word' id='word_1_258' title='bbox 680 2822 790 2882; x_wconf 83' lang='lat' dir='ltr'>Severo</span> <span class='ocrx_word' id='word_1_259' title='bbox 810 2831 893 2902; x_wconf 91' lang='lat' dir='ltr'>patre</span> <span class='ocrx_word' id='word_1_260' title='bbox 911 2840 977 2894; x_wconf 89' lang='lat' dir='ltr'>suo,</span> <span class='ocrx_word' id='word_1_261' title='bbox 999 2820 1088 2882; x_wconf 89' lang='lat' dir='ltr'>iussit</span> <span class='ocrx_word' id='word_1_262' title='bbox 1101 2821 1206 2882; x_wconf 88' lang='lat' dir='ltr'>occidi.</span> <span class='ocrx_word' id='word_1_263' title='bbox 1227 2820 1302 2882; x_wconf 78' lang='lat' dir='ltr'>Ante</span> 
     </span>
     <span class='ocr_line' id='line_1_30' title="bbox 91 2903 1301 2984; baseline 0.003 -22"><span class='ocrx_word' id='word_1_264' title='bbox 91 2903 163 2966; x_wconf 84' lang='lat' dir='ltr'>burte</span> <span class='ocrx_word' id='word_1_265' title='bbox 185 2905 277 2984; x_wconf 77' lang='lat' dir='ltr'>igitur</span> <span class='ocrx_word' id='word_1_266' title='bbox 297 2925 407 2968; x_wconf 87' lang='lat' dir='ltr'>annum</span> <span class='ocrx_word' id='word_1_267' title='bbox 422 2905 593 2969; x_wconf 86' lang='lat' dir='ltr'>Tertulliani</span> <span class='ocrx_word' id='word_1_268' title='bbox 607 2905 824 2984; x_wconf 79' lang='lat' dir='ltr'>Apologeticus,</span> <span class='ocrx_word' id='word_1_269' title='bbox 848 2906 901 2968; x_wconf 91' lang='lat' dir='ltr'>sed</span> <span class='ocrx_word' id='word_1_270' title='bbox 922 2923 983 2968; x_wconf 90' lang='lat' dir='ltr'>uon</span> <span class='ocrx_word' id='word_1_271' title='bbox 1004 2905 1096 2968; x_wconf 85' lang='lat' dir='ltr'>murro</span> <span class='ocrx_word' id='word_1_272' title='bbox 1109 2905 1202 2984; x_wconf 88' lang='lat' dir='ltr'>prius,</span> <span class='ocrx_word' id='word_1_273' title='bbox 1224 2905 1301 2966; x_wconf 92' lang='lat' dir='ltr'>scri·</span> 
     </span>
     <span class='ocr_line' id='line_1_31' title="bbox 92 2988 1318 3069; baseline 0.002 -21"><span class='ocrx_word' id='word_1_274' title='bbox 92 2999 154 3066; x_wconf 87' lang='lat' dir='ltr'>ptus</span> <span class='ocrx_word' id='word_1_275' title='bbox 175 2989 300 3054; x_wconf 80' lang='lat' dir='ltr'>ridetur.</span> <span class='ocrx_word' id='word_1_276' title='bbox 346 2991 498 3064; x_wconf 77' lang='lat' dir='ltr'>Quorsum</span> <span class='ocrx_word' id='word_1_277' title='bbox 530 2989 609 3052; x_wconf 90' lang='lat' dir='ltr'>euim</span> <span class='ocrx_word' id='word_1_278' title='bbox 629 2990 773 3052; x_wconf 88' lang='lat' dir='ltr'>Plautiani</span> <span class='ocrx_word' id='word_1_279' title='bbox 799 2991 898 3069; x_wconf 90' lang='lat' dir='ltr'>potius</span> <span class='ocrx_word' id='word_1_280' title='bbox 927 3008 1012 3068; x_wconf 84' lang='lat' dir='ltr'>quam</span> <span class='ocrx_word' id='word_1_281' title='bbox 1045 2989 1141 3050; x_wconf 78' lang='lat' dir='ltr'>ruini</span> <span class='ocrx_word' id='word_1_282' title='bbox 1170 2998 1200 3051; x_wconf 88' lang='lat' dir='ltr'>et</span> <span class='ocrx_word' id='word_1_283' title='bbox 1227 2988 1318 3058; x_wconf 84' lang='lat' dir='ltr'>alio·¹</span> 
     </span>
     <span class='ocr_line' id='line_1_32' title="bbox 93 3072 1303 3154; baseline 0 -21"><span class='ocrx_word' id='word_1_284' title='bbox 93 3091 152 3134; x_wconf 87' lang='lat' dir='ltr'>mm</span> <span class='ocrx_word' id='word_1_285' title='bbox 181 3075 380 3154; x_wconf 87' lang='lat' dir='ltr'>perduellium</span> <span class='ocrx_word' id='word_1_286' title='bbox 412 3076 524 3137; x_wconf 91' lang='lat' dir='ltr'>nomini</span> <span class='ocrx_word' id='word_1_287' title='bbox 555 3072 762 3154; x_wconf 71' lang='lat' dir='ltr'>pepercisset?</span> <span class='ocrx_word' id='word_1_288' title='bbox 805 3075 879 3136; x_wconf 87' lang='lat' dir='ltr'>Post</span> <span class='ocrx_word' id='word_1_289' title='bbox 908 3093 1015 3136; x_wconf 88' lang='lat' dir='ltr'>annum</span> <span class='ocrx_word' id='word_1_290' title='bbox 1038 3074 1135 3152; x_wconf 88' lang='lat' dir='ltr'>itaque</span> <span class='ocrx_word' id='word_1_291' title='bbox 1158 3073 1303 3146; x_wconf 78' lang='lat' dir='ltr'>CXCVII,</span> 
     </span>
     <span class='ocr_line' id='line_1_33' title="bbox 95 3157 1305 3234; baseline 0.002 -16"><span class='ocrx_word' id='word_1_292' title='bbox 95 3175 146 3234; x_wconf 78' lang='lat' dir='ltr'>uuo</span> <span class='ocrx_word' id='word_1_293' title='bbox 166 3159 289 3222; x_wconf 74' lang='lat' dir='ltr'>Albium</span> <span class='ocrx_word' id='word_1_294' title='bbox 319 3160 462 3223; x_wconf 85' lang='lat' dir='ltr'>violentas</span> <span class='ocrx_word' id='word_1_295' title='bbox 489 3160 545 3222; x_wconf 89' lang='lat' dir='ltr'>sibi</span> <span class='ocrx_word' id='word_1_296' title='bbox 574 3178 680 3224; x_wconf 90' lang='lat' dir='ltr'>manns</span> <span class='ocrx_word' id='word_1_297' title='bbox 710 3158 818 3232; x_wconf 89' lang='lat' dir='ltr'>attulit,</span> <span class='ocrx_word' id='word_1_298' title='bbox 847 3169 878 3220; x_wconf 91' lang='lat' dir='ltr'>et</span> <span class='ocrx_word' id='word_1_299' title='bbox 904 3169 969 3220; x_wconf 90' lang='lat' dir='ltr'>ante</span> <span class='ocrx_word' id='word_1_300' title='bbox 997 3178 1106 3220; x_wconf 90' lang='lat' dir='ltr'>annum</span> <span class='ocrx_word' id='word_1_301' title='bbox 1134 3157 1226 3220; x_wconf 86' lang='lat' dir='ltr'>CClV.</span> <span class='ocrx_word' id='word_1_302' title='bbox 1255 3166 1305 3220; x_wconf 86' lang='lat' dir='ltr'>aut</span> 
     </span>
     <span class='ocr_line' id='line_1_34' title="bbox 99 3241 1303 3384; baseline 0.003 -82"><span class='ocrx_word' id='word_1_303' title='bbox 99 3241 186 3384; x_wconf 47' lang='lat' dir='ltr'>{ich</span> <span class='ocrx_word' id='word_1_304' title='bbox 212 3265 273 3325; x_wconf 89' lang='lat' dir='ltr'>quo</span> <span class='ocrx_word' id='word_1_305' title='bbox 300 3243 471 3308; x_wconf 85' lang='lat' dir='ltr'>Plautianus</span> <span class='ocrx_word' id='word_1_306' title='bbox 505 3252 626 3308; x_wconf 88' lang='lat' dir='ltr'>necatus</span> <span class='ocrx_word' id='word_1_307' title='bbox 664 3253 719 3320; x_wconf 89' lang='lat' dir='ltr'>est,</span> <span class='ocrx_word' id='word_1_308' title='bbox 752 3245 830 3306; x_wconf 90' lang='lat' dir='ltr'>hunc</span> <span class='ocrx_word' id='word_1_309' title='bbox 862 3243 1058 3318; x_wconf 84' lang='lat' dir='ltr'>Tertullianus</span> <span class='ocrx_word' id='word_1_310' title='bbox 1089 3243 1196 3308; x_wconf 89' lang='lat' dir='ltr'>librum</span> <span class='ocrx_word' id='word_1_311' title='bbox 1228 3263 1303 3308; x_wconf 89' lang='lat' dir='ltr'>con·</span> 
     </span>
     <span class='ocr_line' id='line_1_35' title="bbox 109 3327 168 3388; baseline 0.034 -2"><span class='ocrx_word' id='word_1_312' title='bbox 109 3327 168 3388; x_wconf 79' lang='lat' dir='ltr'>ecit</span> 
     </span>
    </p>

    <p class='ocr_par' dir='ltr' id='par_1_5' title="bbox 97 3411 1306 4086">
     <span class='ocr_line' id='line_1_36' title="bbox 171 3411 1304 3494; baseline 0.002 -20"><span class='ocrx_word' id='word_1_313' title='bbox 171 3413 329 3476; x_wconf 87' lang='lat' dir='ltr'>Probabile</span> <span class='ocrx_word' id='word_1_314' title='bbox 352 3423 448 3476; x_wconf 89' lang='lat' dir='ltr'>tamen</span> <span class='ocrx_word' id='word_1_315' title='bbox 477 3414 652 3494; x_wconf 86' lang='lat' dir='ltr'>quibusdam</span> <span class='ocrx_word' id='word_1_316' title='bbox 674 3413 789 3476; x_wconf 82' lang='lat' dir='ltr'>videbar</span> <span class='ocrx_word' id='word_1_317' title='bbox 811 3431 878 3476; x_wconf 87' lang='lat' dir='ltr'>eum</span> <span class='ocrx_word' id='word_1_318' title='bbox 900 3432 917 3477; x_wconf 88' lang='lat' dir='ltr'>a</span> <span class='ocrx_word' id='word_1_319' title='bbox 939 3411 1118 3476; x_wconf 87' lang='lat' dir='ltr'>Tertulliano</span> <span class='ocrx_word' id='word_1_320' title='bbox 1139 3415 1304 3494; x_wconf 79' lang='lat' dir='ltr'>profectum</span> 
     </span>
     <span class='ocr_line' id='line_1_37' title="bbox 98 3497 1305 3580; baseline 0.003 -24"><span class='ocrx_word' id='word_1_321' title='bbox 98 3513 165 3558; x_wconf 86' lang='lat' dir='ltr'>anno</span> <span class='ocrx_word' id='word_1_322' title='bbox 185 3498 365 3578; x_wconf 89' lang='lat' dir='ltr'>posteriore,</span> <span class='ocrx_word' id='word_1_323' title='bbox 389 3517 446 3580; x_wconf 88' lang='lat' dir='ltr'>quo</span> <span class='ocrx_word' id='word_1_324' title='bbox 467 3499 608 3560; x_wconf 75' lang='lat' dir='ltr'>Antonini</span> <span class='ocrx_word' id='word_1_325' title='bbox 631 3499 792 3572; x_wconf 79' lang='lat' dir='ltr'>Caracallus</span> <span class='ocrx_word' id='word_1_326' title='bbox 815 3497 983 3560; x_wconf 88' lang='lat' dir='ltr'>decennalia</span> <span class='ocrx_word' id='word_1_327' title='bbox 998 3497 1166 3562; x_wconf 87' lang='lat' dir='ltr'>Caesariani</span> <span class='ocrx_word' id='word_1_328' title='bbox 1187 3499 1305 3578; x_wconf 87' lang='lat' dir='ltr'>imperii</span> 
     </span>
     <span class='ocr_line' id='line_1_38' title="bbox 97 3581 1305 3663; baseline 0.003 -23"><span class='ocrx_word' id='word_1_329' title='bbox 97 3581 233 3644; x_wconf 87' lang='lat' dir='ltr'>celebrata</span> <span class='ocrx_word' id='word_1_330' title='bbox 266 3594 350 3657; x_wconf 88' lang='lat' dir='ltr'>sunt,</span> <span class='ocrx_word' id='word_1_331' title='bbox 392 3591 478 3663; x_wconf 88' lang='lat' dir='ltr'>atque</span> <span class='ocrx_word' id='word_1_332' title='bbox 515 3583 591 3663; x_wconf 78' lang='lat' dir='ltr'>ignis</span> <span class='ocrx_word' id='word_1_333' title='bbox 620 3583 837 3662; x_wconf 88' lang='lat' dir='ltr'>persecutionis</span> <span class='ocrx_word' id='word_1_334' title='bbox 866 3583 896 3646; x_wconf 91' lang='lat' dir='ltr'>iu</span> <span class='ocrx_word' id='word_1_335' title='bbox 929 3583 1114 3645; x_wconf 88' lang='lat' dir='ltr'>Christianos</span> <span class='ocrx_word' id='word_1_336' title='bbox 1144 3583 1305 3646; x_wconf 89' lang='lat' dir='ltr'>concitatae</span> 
     </span>
     <span class='ocr_line' id='line_1_39' title="bbox 97 3667 1305 3748; baseline 0.002 -24"><span class='ocrx_word' id='word_1_337' title='bbox 97 3667 239 3730; x_wconf 88' lang='lat' dir='ltr'>ardentius</span> <span class='ocrx_word' id='word_1_338' title='bbox 262 3667 412 3748; x_wconf 74' lang='lat' dir='ltr'>flagrabat.</span> <span class='ocrx_word' id='word_1_339' title='bbox 455 3667 528 3730; x_wconf 90' lang='lat' dir='ltr'>Nam</span> <span class='ocrx_word' id='word_1_340' title='bbox 550 3669 586 3730; x_wconf 91' lang='lat' dir='ltr'>de</span> <span class='ocrx_word' id='word_1_341' title='bbox 607 3668 644 3730; x_wconf 91' lang='lat' dir='ltr'>iis</span> <span class='ocrx_word' id='word_1_342' title='bbox 667 3667 864 3731; x_wconf 88' lang='lat' dir='ltr'>Tertullianus</span> <span class='ocrx_word' id='word_1_343' title='bbox 892 3667 923 3728; x_wconf 91' lang='lat' dir='ltr'>in</span> <span class='ocrx_word' id='word_1_344' title='bbox 945 3668 1002 3730; x_wconf 91' lang='lat' dir='ltr'>boc</span> <span class='ocrx_word' id='word_1_345' title='bbox 1022 3667 1213 3747; x_wconf 79' lang='lat' dir='ltr'>apologetico</span> <span class='ocrx_word' id='word_1_346' title='bbox 1237 3685 1305 3730; x_wconf 88' lang='lat' dir='ltr'>sae·</span> 
     </span>
     <span class='ocr_line' id='line_1_40' title="bbox 97 3750 1305 3832; baseline -0.001 -22"><span class='ocrx_word' id='word_1_347' title='bbox 97 3751 157 3828; x_wconf 88' lang='lat' dir='ltr'>pius</span> <span class='ocrx_word' id='word_1_348' title='bbox 184 3751 346 3832; x_wconf 81' lang='lat' dir='ltr'>disputarit</span> <span class='ocrx_word' id='word_1_349' title='bbox 374 3755 448 3832; x_wconf 88' lang='lat' dir='ltr'>(cap.</span> <span class='ocrx_word' id='word_1_350' title='bbox 472 3756 524 3830; x_wconf 75' lang='grc'><strong>2.).</strong></span> <span class='ocrx_word' id='word_1_351' title='bbox 568 3751 680 3814; x_wconf 84' lang='lat' dir='ltr'>Deinde</span> <span class='ocrx_word' id='word_1_352' title='bbox 707 3771 776 3814; x_wconf 87' lang='lat' dir='ltr'>vero</span> <span class='ocrx_word' id='word_1_353' title='bbox 799 3753 901 3832; x_wconf 91' lang='lat' dir='ltr'>plures</span> <span class='ocrx_word' id='word_1_354' title='bbox 923 3753 1040 3830; x_wconf 84' lang='lat' dir='ltr'>quidem</span> <span class='ocrx_word' id='word_1_355' title='bbox 1063 3751 1098 3814; x_wconf 90' lang='lat' dir='ltr'>ab</span> <span class='ocrx_word' id='word_1_356' title='bbox 1120 3751 1186 3814; x_wconf 89' lang='lat' dir='ltr'>aliis</span> <span class='ocrx_word' id='word_1_357' title='bbox 1208 3750 1305 3828; x_wconf 85' lang='lat' dir='ltr'>impc-</span> 
     </span>
     <span class='ocr_line' id='line_1_41' title="bbox 99 3834 1304 3917; baseline 0 -21"><span class='ocrx_word' id='word_1_358' title='bbox 99 3837 238 3900; x_wconf 86' lang='lat' dir='ltr'>raroribus</span> <span class='ocrx_word' id='word_1_359' title='bbox 272 3837 303 3898; x_wconf 92' lang='lat' dir='ltr'>in</span> <span class='ocrx_word' id='word_1_360' title='bbox 326 3837 511 3900; x_wconf 85' lang='lat' dir='ltr'>Christianos</span> <span class='ocrx_word' id='word_1_361' title='bbox 543 3837 623 3917; x_wconf 75' lang='lat' dir='ltr'>leges</span> <span class='ocrx_word' id='word_1_362' title='bbox 655 3837 728 3898; x_wconf 89' lang='lat' dir='ltr'>latas</span> <span class='ocrx_word' id='word_1_363' title='bbox 749 3845 902 3912; x_wconf 90' lang='lat' dir='ltr'>memorat,</span> <span class='ocrx_word' id='word_1_364' title='bbox 936 3837 988 3900; x_wconf 90' lang='lat' dir='ltr'>sed</span> <span class='ocrx_word' id='word_1_365' title='bbox 1011 3836 1123 3899; x_wconf 89' lang='lat' dir='ltr'>nullum</span> <span class='ocrx_word' id='word_1_366' title='bbox 1146 3852 1162 3894; x_wconf 87' lang='lat' dir='ltr'>a</span> <span class='ocrx_word' id='word_1_367' title='bbox 1184 3834 1304 3896; x_wconf 85' lang='lat' dir='ltr'>Severo.</span> 
     </span>
     <span class='ocr_line' id='line_1_42' title="bbox 100 3917 1306 4002; baseline 0.002 -25"><span class='ocrx_word' id='word_1_368' title='bbox 100 3917 195 3984; x_wconf 77' lang='lat' dir='ltr'>Nonne</span> <span class='ocrx_word' id='word_1_369' title='bbox 227 3941 298 4002; x_wconf 80' lang='lat' dir='ltr'>ergo</span> <span class='ocrx_word' id='word_1_370' title='bbox 328 3921 523 3984; x_wconf 90' lang='lat' dir='ltr'>Tertullianus</span> <span class='ocrx_word' id='word_1_371' title='bbox 551 3931 617 3984; x_wconf 87' lang='lat' dir='ltr'>aute</span> <span class='ocrx_word' id='word_1_372' title='bbox 645 3922 827 4002; x_wconf 77' lang='lat' dir='ltr'>promulgata</span> <span class='ocrx_word' id='word_1_373' title='bbox 855 3921 942 3984; x_wconf 88' lang='lat' dir='ltr'>huius</span> <span class='ocrx_word' id='word_1_374' title='bbox 971 3921 1001 3982; x_wconf 93' lang='lat' dir='ltr'>in</span> <span class='ocrx_word' id='word_1_375' title='bbox 1031 3938 1083 3982; x_wconf 88' lang='lat' dir='ltr'>eos</span> <span class='ocrx_word' id='word_1_376' title='bbox 1112 3918 1206 3980; x_wconf 90' lang='lat' dir='ltr'>edicta</span> <span class='ocrx_word' id='word_1_377' title='bbox 1227 3919 1306 3981; x_wconf 90' lang='lat' dir='ltr'>bunc</span> 
     </span>
     <span class='ocr_line' id='line_1_43' title="bbox 102 4001 642 4086; baseline 0.007 -24"><span class='ocrx_word' id='word_1_378' title='bbox 102 4001 311 4086; x_wconf 76' lang='lat' dir='ltr'>bpologeticum</span> <span class='ocrx_word' id='word_1_379' title='bbox 334 4006 441 4067; x_wconf 90' lang='lat' dir='ltr'>librum</span> <span class='ocrx_word' id='word_1_380' title='bbox 464 4003 642 4086; x_wconf 73' lang='lat' dir='ltr'>divulgavit?</span> 
     </span>
    </p>

    <p class='ocr_par' dir='ltr' id='par_1_6' title="bbox 103 4087 1349 4676">
     <span class='ocr_line' id='line_1_44' title="bbox 176 4087 1305 4171; baseline -0.004 -19"><span class='ocrx_word' id='word_1_381' title='bbox 176 4094 211 4152; x_wconf 77' lang='lat' dir='ltr'>br</span> <span class='ocrx_word' id='word_1_382' title='bbox 232 4091 365 4171; x_wconf 86' lang='lat' dir='ltr'>quamvis</span> <span class='ocrx_word' id='word_1_383' title='bbox 388 4091 434 4154; x_wconf 89' lang='lat' dir='ltr'>ille</span> <span class='ocrx_word' id='word_1_384' title='bbox 456 4093 514 4154; x_wconf 93' lang='lat' dir='ltr'>hoc</span> <span class='ocrx_word' id='word_1_385' title='bbox 535 4091 565 4152; x_wconf 92' lang='lat' dir='ltr'>in</span> <span class='ocrx_word' id='word_1_386' title='bbox 586 4091 662 4152; x_wconf 88' lang='lat' dir='ltr'>libro</span> <span class='ocrx_word' id='word_1_387' title='bbox 684 4089 824 4152; x_wconf 88' lang='lat' dir='ltr'>adversus</span> <span class='ocrx_word' id='word_1_388' title='bbox 840 4089 983 4162; x_wconf 89' lang='lat' dir='ltr'>ethnicos,</span> <span class='ocrx_word' id='word_1_389' title='bbox 1006 4087 1056 4167; x_wconf 90' lang='lat' dir='ltr'>qui</span> <span class='ocrx_word' id='word_1_390' title='bbox 1071 4087 1235 4168; x_wconf 83' lang='lat' dir='ltr'>principum</span> <span class='ocrx_word' id='word_1_391' title='bbox 1252 4106 1305 4149; x_wconf 86' lang='lat' dir='ltr'>so-</span> 
     </span>
     <span class='ocr_line' id='line_1_45' title="bbox 105 4169 1307 4256; baseline 0 -20"><span class='ocrx_word' id='word_1_392' title='bbox 105 4169 196 4236; x_wconf 83' lang='lat' dir='ltr'>lemnia</span> <span class='ocrx_word' id='word_1_393' title='bbox 217 4195 280 4238; x_wconf 92' lang='lat' dir='ltr'>non</span> <span class='ocrx_word' id='word_1_394' title='bbox 309 4176 409 4238; x_wconf 90' lang='lat' dir='ltr'>minus</span> <span class='ocrx_word' id='word_1_395' title='bbox 442 4175 553 4238; x_wconf 85' lang='lat' dir='ltr'>nelarie</span> <span class='ocrx_word' id='word_1_396' title='bbox 583 4195 670 4256; x_wconf 87' lang='lat' dir='ltr'>quam</span> <span class='ocrx_word' id='word_1_397' title='bbox 692 4175 901 4254; x_wconf 89' lang='lat' dir='ltr'>superstitioso</span> <span class='ocrx_word' id='word_1_398' title='bbox 922 4173 981 4236; x_wconf 88' lang='lat' dir='ltr'>ritu</span> <span class='ocrx_word' id='word_1_399' title='bbox 1003 4172 1141 4252; x_wconf 79' lang='lat' dir='ltr'>agebant,</span> <span class='ocrx_word' id='word_1_400' title='bbox 1164 4173 1307 4236; x_wconf 86' lang='lat' dir='ltr'>acerrima</span> 
     </span>
     <span class='ocr_line' id='line_1_46' title="bbox 104 4253 1306 4338; baseline 0.003 -22"><span class='ocrx_word' id='word_1_401' title='bbox 104 4253 260 4336; x_wconf 79' lang='lat' dir='ltr'>mechatur,</span> <span class='ocrx_word' id='word_1_402' title='bbox 289 4279 351 4322; x_wconf 90' lang='lat' dir='ltr'>non</span> <span class='ocrx_word' id='word_1_403' title='bbox 374 4253 417 4322; x_wconf 85' lang='lat' dir='ltr'>‘de</span> <span class='ocrx_word' id='word_1_404' title='bbox 439 4260 601 4324; x_wconf 73' lang='lat' dir='ltr'>Gemellae</span> <span class='ocrx_word' id='word_1_405' title='bbox 628 4269 725 4322; x_wconf 75' lang='lat' dir='ltr'>umen</span> <span class='ocrx_word' id='word_1_406' title='bbox 746 4260 862 4338; x_wconf 89' lang='lat' dir='ltr'>potius,</span> <span class='ocrx_word' id='word_1_407' title='bbox 893 4277 978 4338; x_wconf 85' lang='lat' dir='ltr'>quam</span> <span class='ocrx_word' id='word_1_408' title='bbox 1002 4258 1103 4320; x_wconf 88' lang='lat' dir='ltr'>Severi</span> <span class='ocrx_word' id='word_1_409' title='bbox 1124 4255 1306 4338; x_wconf 83' lang='lat' dir='ltr'>aliorumque</span> 
     </span>
     <span class='ocr_line' id='line_1_47' title="bbox 103 4341 1349 4425; baseline 0.003 -23"><span class='ocrx_word' id='word_1_410' title='bbox 103 4341 257 4425; x_wconf 89' lang='lat' dir='ltr'>principum</span> <span class='ocrx_word' id='word_1_411' title='bbox 286 4345 522 4408; x_wconf 89' lang='lat' dir='ltr'>solemnitatibus</span> <span class='ocrx_word' id='word_1_412' title='bbox 551 4345 680 4408; x_wconf 87' lang='lat' dir='ltr'>disserit.</span> <span class='ocrx_word' id='word_1_413' title='bbox 722 4343 766 4406; x_wconf 77' lang='lat' dir='ltr'>bd</span> <span class='ocrx_word' id='word_1_414' title='bbox 788 4345 1023 4408; x_wconf 88' lang='lat' dir='ltr'>Christianorum</span> <span class='ocrx_word' id='word_1_415' title='bbox 1044 4351 1141 4406; x_wconf 89' lang='lat' dir='ltr'>autem</span> <span class='ocrx_word' id='word_1_416' title='bbox 1162 4360 1304 4423; x_wconf 81' lang='lat' dir='ltr'>persecu·</span> <span class='ocrx_word' id='word_1_417' title='bbox 1344 4365 1349 4382; x_wconf 80' lang='lat'><strong>·</strong></span> 
     </span>
     <span class='ocr_line' id='line_1_48' title="bbox 105 4425 1306 4510; baseline 0.002 -22"><span class='ocrx_word' id='word_1_418' title='bbox 105 4425 190 4492; x_wconf 72' lang='lat' dir='ltr'>bones</span> <span class='ocrx_word' id='word_1_419' title='bbox 211 4439 241 4491; x_wconf 92' lang='lat' dir='ltr'>et</span> <span class='ocrx_word' id='word_1_420' title='bbox 261 4431 343 4510; x_wconf 76' lang='lat' dir='ltr'>leges</span> <span class='ocrx_word' id='word_1_421' title='bbox 365 4429 396 4492; x_wconf 91' lang='lat' dir='ltr'>iu</span> <span class='ocrx_word' id='word_1_422' title='bbox 419 4449 471 4492; x_wconf 91' lang='lat' dir='ltr'>eos</span> <span class='ocrx_word' id='word_1_423' title='bbox 493 4429 617 4510; x_wconf 89' lang='lat' dir='ltr'>scriptas</span> <span class='ocrx_word' id='word_1_424' title='bbox 640 4429 719 4508; x_wconf 91' lang='lat' dir='ltr'>quod</span> <span class='ocrx_word' id='word_1_425' title='bbox 740 4437 862 4508; x_wconf 88' lang='lat' dir='ltr'>spectat,</span> <span class='ocrx_word' id='word_1_426' title='bbox 894 4427 977 4490; x_wconf 90' lang='lat' dir='ltr'>lacile</span> <span class='ocrx_word' id='word_1_427' title='bbox 999 4428 1186 4491; x_wconf 90' lang='lat' dir='ltr'>concedimus</span> <span class='ocrx_word' id='word_1_428' title='bbox 1213 4429 1306 4490; x_wconf 89' lang='lat' dir='ltr'>Seve-</span> 
     </span>
     <span class='ocr_line' id='line_1_49' title="bbox 105 4512 1306 4594; baseline 0.002 -24"><span class='ocrx_word' id='word_1_429' title='bbox 105 4527 160 4574; x_wconf 90' lang='lat' dir='ltr'>rum</span> <span class='ocrx_word' id='word_1_430' title='bbox 188 4513 303 4594; x_wconf 89' lang='lat' dir='ltr'>imperii</span> <span class='ocrx_word' id='word_1_431' title='bbox 337 4517 382 4576; x_wconf 90' lang='lat' dir='ltr'>sui</span> <span class='ocrx_word' id='word_1_432' title='bbox 409 4514 494 4578; x_wconf 88' lang='lat' dir='ltr'>initio</span> <span class='ocrx_word' id='word_1_433' title='bbox 517 4515 552 4576; x_wconf 90' lang='lat' dir='ltr'>iis</span> <span class='ocrx_word' id='word_1_434' title='bbox 574 4534 675 4578; x_wconf 85' lang='lat' dir='ltr'>revera</span> <span class='ocrx_word' id='word_1_435' title='bbox 698 4515 813 4577; x_wconf 87' lang='lat' dir='ltr'>lavisse.</span> <span class='ocrx_word' id='word_1_436' title='bbox 857 4513 923 4590; x_wconf 89' lang='lat' dir='ltr'>lpse</span> <span class='ocrx_word' id='word_1_437' title='bbox 945 4513 1089 4592; x_wconf 89' lang='lat' dir='ltr'>siquidem</span> <span class='ocrx_word' id='word_1_438' title='bbox 1111 4512 1306 4579; x_wconf 84' lang='lat' dir='ltr'>Tertullianus</span> 
     </span>
     <span class='ocr_line' id='line_1_50' title="bbox 106 4594 1319 4676; baseline 0 -18"><span class='ocrx_word' id='word_1_439' title='bbox 106 4598 177 4660; x_wconf 78' lang='lat' dir='ltr'>taus</span> <span class='ocrx_word' id='word_1_440' title='bbox 217 4611 263 4664; x_wconf 89' lang='lat' dir='ltr'>est</span> <span class='ocrx_word' id='word_1_441' title='bbox 305 4599 425 4664; x_wconf 87' lang='lat' dir='ltr'>huiusce</span> <span class='ocrx_word' id='word_1_442' title='bbox 467 4599 592 4675; x_wconf 70' lang='lat' dir='ltr'>bruris,</span> <span class='ocrx_word' id='word_1_443' title='bbox 630 4598 713 4662; x_wconf 89' lang='lat' dir='ltr'>cuius</span> <span class='ocrx_word' id='word_1_444' title='bbox 751 4600 826 4660; x_wconf 90' lang='lat' dir='ltr'>hanc</span> <span class='ocrx_word' id='word_1_445' title='bbox 862 4597 989 4660; x_wconf 87' lang='lat' dir='ltr'>reddidit</span> <span class='ocrx_word' id='word_1_446' title='bbox 1027 4598 1184 4661; x_wconf 91' lang='lat' dir='ltr'>rationem:</span> <span class='ocrx_word' id='word_1_447' title='bbox 1235 4594 1319 4676; x_wconf 79' lang='lat' dir='ltr'>lpse,</span> 
     </span>
    </p>
   </div>
   <div class='ocr_carea' id='block_1_3' title="bbox 0 0 1585 5240">
    <p class='ocr_par' dir='ltr' id='par_1_7' title="bbox 0 0 1585 5240">
     <span class='ocr_line' id='line_1_51' title="bbox 0 0 1585 5240; baseline 0 0"><span class='ocrx_word' id='word_1_448' title='bbox 0 0 1585 5240; x_wconf 95' lang='lat' dir='ltr'> </span> 
     </span>
    </p>
   </div>
  </div>
 </body>
</html>
