3132 5238
488 339 622 384 lucrans
643 339 749 383 naono
771 339 909 384 namuro.
1235 333 1241 342 '
1266 331 1305 392 tu

90 497 266 568 grassaretur
293 486 326 550 in
354 487 554 562 Christianos,
582 487 690 551 librum
715 489 760 552 td
787 490 941 569 Scapulam
968 489 1088 570 scripsit
1109 491 1306 560 Tertullianus

90 575 200 652 uque
231 571 367 652 inprimis
395 571 631 634 benevolentiam
653 581 785 652 captata
815 575 1049 638 Christianorum
1070 576 1248 652 innocentia,
1276 589 1307 642 ot

89 676 141 718 ron
162 657 265 718 solum
287 656 436 730 oratione,
466 656 518 718 sed
541 664 570 718 et
591 657 741 720 sacrificiis
764 657 826 720 suis
848 677 902 737 pro
924 658 1017 720 salute
1039 661 1242 740 imperatoris,
1270 683 1306 726 ex

88 762 139 820 quo
161 743 225 803 iam
246 739 450 821 presbyterum
472 740 565 802 luisse
587 750 704 803 constat
725 743 780 813 (dd
802 741 887 822 Scap.
910 761 935 806 a
952 746 1006 820 2.).
1050 743 1161 808 Deinde
1183 749 1306 826 sangui-

88 827 128 886 nis
156 823 320 886 Christiani
348 824 488 885 ellusioni
515 825 640 903 imputat
670 837 815 906 portenta
850 827 913 889 eius
945 828 1088 907 temporis
1120 841 1149 892 et
1181 836 1308 894 auritium

88 911 303 987 Byzantium,
336 927 463 988 quorum
485 917 552 969 ante
573 909 755 970 mentionem
775 911 913 984 iacimus,
942 917 972 973 et
992 913 1123 991 exempla
1145 916 1306 993 punitionis

89 996 176 1066 affert,
201 1001 265 1054 tum
284 991 379 1072 Vaipii
390 991 560 1064 Saturnini,
576 991 734 1060 Hiium'aai
746 1002 776 1056 et
789 993 883 1074 ipsius
898 995 1049 1076 Scapulae
1059 1001 1092 1058 in
1107 1000 1222 1078 Africa,
1243 1010 1306 1062 tum

90 1077 208 1140 Claudii
220 1076 414 1140 Herminium
425 1079 457 1138 iu
475 1077 671 1158 Cappadocia,
687 1087 909 1156 persecutorum
930 1079 998 1141 fidei
1014 1080 1206 1150 Christianae.
1233 1082 1308 1151 Post

89 1161 154 1222 baec
174 1161 312 1222 hortatur
332 1162 369 1221 ad
391 1161 657 1224 dissimulationem
678 1161 714 1223 ab
736 1161 905 1226 huiusmodi
927 1165 1042 1238 causis,
1073 1166 1215 1246 exemplis
1244 1175 1306 1229 tum

90 1245 191 1308 Seueri
207 1255 238 1306 et
249 1241 399 1308 latoniae·
410 1245 502 1324 impp.
519 1263 607 1324 supra
625 1246 767 1322 adductis,
788 1246 827 1310 M.
841 1249 961 1310 Aurelii
973 1253 1043 1330 einp.
1065 1253 1098 1311 iu
1119 1251 1307 1332 expeditione

91 1329 278 1401 Germanica,
299 1337 362 1390 tum
382 1328 549 1406 praesidum
572 1338 600 1390 et
620 1331 828 1410 proconsulum
843 1331 971 1394 Seruilii
983 1332 1145 1406 Prudentia
1167 1335 1222 1396 sub
1243 1335 1306 1396 An·

91 1415 185 1474 touino
209 1413 287 1474 Vero
315 1412 397 1492 imp,
422 1413 581 1494 Vesprauii
601 1413 728 1478 Candidi
747 1415 803 1476 sub
824 1415 895 1494 imp.
920 1416 1099 1492 Commodo,
1134 1419 1231 1481 Cincii
1250 1419 1308 1481 Se-

91 1503 165 1568 ren‘,
198 1497 249 1576 qul
276 1495 467 1576 postmodum
495 1497 734 1576 aSereroimp.
757 1499 926 1560 interiectus
949 1507 1004 1572 est,
1026 1503 1122 1581 dapri
1140 1520 1257 1580 quoque
1278 1511 1308 1563 et

93 1583 154 1644 atrii
162 1583 312 1644 dietam'm'
320 1581 380 1652 (bic
394 1601 411 1641 a
425 1579 594 1660 Lampridio
607 1581 704 1652 Arius,
719 1581 756 1644 ab
771 1583 836 1644 aliis
850 1583 974 1646 Brasius
988 1602 1109 1663 praeses
1125 1585 1308 1664 appellatur),

93 1666 137 1744 qui
157 1665 213 1728 sub
226 1665 376 1727 Antonino
398 1665 502 1744 imper.
526 1664 663 1727 consules
686 1667 812 1727 luerunt
841 1665 974 1745 Denique
995 1669 1194 1749 conqueritur,
1217 1669 1306 1748 quod,

93 1769 178 1828 quum
198 1769 217 1812 a
234 1751 406 1830 primordio
421 1750 595 1812 mandatum
610 1751 651 1811 ait
685 1749 763 1812 ladio
779 1759 865 1812 tenus
880 1753 1088 1822 anibaadaerti,
1111 1759 1141 1814 et
1155 1753 1184 1816 id
1200 1753 1306 1815 obser-

95 1845 206 1895 raretur
219 1834 439 1915 apraeaididue
455 1833 579 1914 iepiouia
595 1843 624 1894 et
671 1837 852 1906 auritaaiae,
863 1834 947 1900 iussu
957 1835 1051 1914 ipsius
1064 1836 1207 1914 Scapulae
1219 1838 1306 1898 etiam

96 1928 298 1980 ermmreatur
319 1916 478 1979 Christiani
500 1917 554 1990 (dd
577 1917 661 1998 Scap.
685 1936 768 1997 capp.
791 1920 820 1984 3.
844 1921 897 1996 4.).
942 1920 1008 1994 Quo
1036 1921 1165 1998 pertinet
1185 1930 1215 1984 ct
1236 1921 1307 1984 illud

95 2001 280 2081 apologetici:
304 2001 515 2065 Sumentitioa
537 2012 566 2063 et
587 2001 743 2064 Semam'os
766 2001 941 2083 appellatio,
971 2007 1025 2087 qui
1048 2005 1088 2066 ad
1108 2010 1239 2085 stipitem
1261 2008 1308 2068 di-

95 2087 174 2147 aridii
192 2091 260 2148 urr'a
281 2091 413 2148 revincti
432 2097 656 2147 sarmentorum
677 2086 790 2150 ambitu
812 2091 983 2150 emmaum.
1014 2087 1070 2150 Ubi
1092 2089 1179 2152 etiam
1201 2107 1307 2150 recen-

96 2178 136 2230 set
155 2170 225 2232 illud
246 2169 441 2232 damnationis
462 2188 571 2248 genus,
594 2169 671 2248 quad
693 2170 729 2231 ad
752 2169 888 2234 lenonem
902 2171 1044 2236 damnata
1055 2173 1120 2252 luit
1136 2173 1309 2238 Christiana

93 2259 191 2334 potius
219 2273 306 2336 paam
333 2256 373 2316 ad
394 2253 511 2317 iconem
532 2253 627 2334 (Apol.
650 2273 713 2334 cap.
736 2254 810 2331 ult).
849 2254 930 2317 Idem
952 2256 1028 2318 libro
1048 2257 1092 2318 Ad
1114 2257 1255 2336 llartyras
1277 2257 1308 2322 in

95 2357 204 2400 carcere
226 2337 411 2412 constitutos,
433 2356 520 2418 quem
535 2338 637 2400 eodem
652 2345 824 2417 tempestate
838 2338 1024 2419 conscripsit,
1044 2349 1163 2420 praeter
1176 2342 1308 2421 piadaiam

95 2433 121 2484 et
149 2441 294 2484 ammom
325 2426 440 2502 ipuium
468 2441 598 2502 poariam
625 2421 704 2483 addit
732 2422 819 2484 etiam
855 2433 972 2486 trucem
999 2425 1113 2488 rabiem
1134 2426 1308 2495 bestiarum,

96 2515 121 2568 et
142 2524 226 2568 omae
248 2507 400 2586 carnificis
422 2509 573 2586 inperium
594 2511 627 2568 ia
649 2510 806 2569 tormentis
829 2507 885 2580 (Ad
906 2508 990 2570 llam.
1013 2528 1038 2570 c.
1060 2513 1114 2586 4.).
1143 2509 1198 2572 Ubi
1220 2509 1309 2572 ctiam

96 2591 223 2652 meminit
233 2590 466 2664 consuetudinis,
488 2609 545 2670 qua
559 2609 664 2671 pacem
679 2590 855 2654 induciaria
866 2609 928 2654 uon
940 2593 1089 2664 babentes,
1104 2601 1205 2672 utpote
1224 2593 1308 2673 lapsi.

96 2675 315 2753 amurtprr'bus
337 2679 369 2736 in
393 2693 514 2737 carcere
535 2692 667 2736 euocare
690 2687 912 2738 consueuerant
940 2675 1025 2749 (ibid.
1048 2695 1111 2756 cap.
1135 2681 1193 2754 1.),
1221 2695 1309 2756 quam

96 2759 145 2818 etsi
167 2758 221 2820 sub
244 2759 330 2822 finem
353 2758 508 2820 vitreium
531 2758 696 2824 haereticus
719 2777 780 2820 non
801 2757 917 2837 probet,
939 2760 970 2820 in
995 2759 1126 2822 Ecclesia
1147 2761 1309 2838 permensit

97 2860 184 2920 usque
210 2841 247 2903 ad
274 2842 308 2904 B.
330 2841 467 2922 Cypriani
493 2849 643 2922 tempora,
676 2842 755 2904 iuxta
783 2843 862 2920 quod
890 2844 1077 2904 bamarimus
1099 2844 1129 2904 in
1150 2844 1209 2904 vitu
1230 2843 1309 2906 iilius

97 2924 186 2987 latius.
214 2926 324 2988 Eadem
346 2926 443 2986 omnia
465 2935 626 3005 martyrum
647 2925 789 3003 supplicio
810 2926 917 3004 repetit
937 2925 1013 2988 libro
1032 2926 1074 2986 Dc
1089 2926 1232 2988 Patientia
1255 2926 1309 2998 (lie

97 3009 213 3072 Patient.
237 3030 261 3072 o.
286 3013 359 3086 13·)‚
383 3011 579 3090 auem-cuam
600 3009 688 3069 huius
709 3009 925 3087 persecutionis
947 3009 1101 3072 occasione
1123 3010 1308 3088 conscripsit

98 3091 149 3154 Ubi
170 3095 263 3174 lugam
286 3112 404 3174 quoque
424 3093 455 3155 in
476 3093 683 3174 persecutione
704 3091 862 3171 patientiae
875 3091 955 3152 bono
971 3092 1105 3170 imputat,
1126 3101 1214 3171 atquc
1235 3094 1308 3154 adeo

100 3177 220 3240 noudum
235 3177 421 3242 manumetis
442 3177 574 3240 addictus
597 3177 659 3249 init,
683 3195 718 3238 ex
740 3195 866 3258 quarum
887 3177 1031 3240 senteutia
1050 3177 1158 3241 librum
1173 3177 1216 3240 lie
1230 3177 1309 3258 Fuga

102 3259 129 3321 in
147 3261 352 3326 Persecutiooc
373 3262 554 3326 contrarium
574 3270 694 3341 postea,
726 3259 780 3322 sed
800 3261 909 3324 irusua
930 3261 1059 3340 scripsit
1101 3261 1139 3326 Ut
1160 3281 1230 3325 vero
1253 3263 1310 3326 sub

103 3343 224 3425 Scapula
243 3349 418 3410 damnatum
439 3347 530 3408 luisse
551 3347 591 3408 od
612 3347 721 3408 destrae
737 3343 768 3406 S.
785 3343 931 3408 Mavilum
945 3347 1184 3418 Adrumeticum,
1210 3346 1309 3408 diser-

103 3428 136 3489 tis
156 3431 246 3493 rerbis
268 3438 423 3493 attestatur
442 3432 552 3499 ductor
573 3429 628 3504 (ild
650 3430 735 3510 Scap.
757 3448 783 3492 c.
799 3431 852 3506 3.).
897 3429 991 3492 Porro
1019 3431 1132 3492 Romae
1153 3430 1212 3492 boc
1232 3449 1309 3494 anno

102 3513 187 3576 inisse
204 3516 358 3578 ductorem
382 3535 417 3576 ex
437 3515 494 3576 illis
515 3513 613 3575 verbis
635 3522 769 3592 apparet:
793 3513 981 3578 Gemmarum
995 3533 1110 3596 puopue
1125 3511 1311 3578 nobilitatem

101 3599 219 3660 cidimua
234 3600 344 3662 domae
366 3601 401 3662 de
422 3601 546 3678 fastidia
561 3597 747 3661 Perticarum
762 3607 791 3660 et
806 3597 962 3661 Medorum
978 3612 1224 3681 caeterarumque
1237 3617 1311 3679 pen-

101 3681 194 3744 tiiium
224 3703 351 3748 suanam
386 3702 488 3746 aarum
521 3687 672 3746 matroan's
704 3684 938 3760 eraduaeutem,
979 3687 1041 3746 uisi
1078 3685 1158 3765 quod
1184 3700 1240 3744 uec
1272 3681 1312 3744 ad

102 3772 292 3830 ostensionem
323 3769 391 3847 sere
423 3769 582 3832 dolentur.
626 3765 732 3830 Latent
758 3771 791 3828 ia
820 3767 946 3848 ciapuiia
969 3769 1130 3846 amarapdi,
1163 3775 1193 3827 et
1215 3763 1312 3842 cylia-

102 3851 169 3913 drae
198 3857 319 3932 rapinae
348 3871 422 3914 auae
449 3852 534 3915 scius
562 3849 681 3932 piadiua
710 3853 765 3913 sui
798 3856 869 3914 sinu
900 3853 994 3924 uouit,
1024 3863 1054 3914 et
1085 3853 1118 3912 iu
1145 3848 1311 3928 peronibus

102 3939 223 3998 amanet
254 3955 403 4018 ernerpere
434 3938 469 4001 de
503 3935 566 4000 luta
600 3939 725 4016 aupmnt
756 3933 810 4010 (De
840 3935 949 3997 Habitu
970 3934 1039 3998 llul.
1071 3951 1098 3994 c.
1120 3935 1173 4009 7.).
1224 3930 1312 4006 Quod

105 4017 202 4082 lactum
223 4019 450 4100 interpretamur
471 4021 503 4082 in
525 4019 674 4100 triumpho
697 4019 796 4082 Severi
819 4019 923 4099 imper.
947 4019 1063 4095 dequo
1085 4016 1116 4078 iu
1130 4017 1221 4080 iustos
1236 4035 1310 4078 con-

107 4101 207 4166 sulares
233 4103 322 4168 buius
351 4105 420 4166 anui
442 4105 485 4168 sic
506 4103 629 4166 relatum
650 4103 832 4168 invenimus:
869 4123 929 4166 rur.
952 4119 1032 4164 cass.
1054 4119 1081 4162 c.
1104 4119 1257 4164 curramus
1279 4120 1311 4164 ιι.

107 4201 131 4244 r.
153 4204 283 4262 smnus,
305 4208 382 4263 rius,
404 4207 738 4264 resurrectiones,
759 4205 959 4261 suncampus,
981 4204 1151 4264 rmrnraos,
1173 4205 1310 4258 mutuus,

104 4286 185 4334 rosr.
205 4292 273 4336 uas.
296 4293 374 4336 raro.
396 4293 464 4336 ror.
479 4293 540 4336 ιιιι.
564 4291 644 4336 coss.
660 4291 691 4335 ιι.
714 4291 741 4333 r.
764 4292 791 4346 a.
814 4289 938 4336 raucos.
961 4288 1021 4332 rur.
1038 4289 1076 4332 xi.
1100 4291 1137 4334 er
1152 4290 1213 4332 rur.
1230 4289 1310 4332 cars.

103 4371 131 4412 u.
152 4374 289 4418 icasmos
325 4375 387 4419 sev.
413 4377 480 4420 aaa.
513 4377 539 4420 r.
562 4375 745 4431 cancarrus,
773 4376 838 4420 arus
861 4374 962 4432 ratur,
989 4375 1055 4420 auc.
1078 4375 1155 4418 rnre.
1177 4373 1246 4417 ror.
1267 4372 1310 4416 ιιι.

103 4457 163 4499 cos.
184 4459 364 4504 aestuamus
386 4460 445 4504 rur.
468 4461 523 4506 una
545 4463 583 4511 ns
605 4459 753 4514 amoinus,
776 4459 928 4514 rauracus,
950 4459 1151 4513 anianensisc.
1174 4457 1311 4502 arsace

103 4540 258 4599 aerumna,
281 4545 513 4589 rnrummnunr.
544 4526 634 4588 Cuius
656 4525 797 4604 triumphi
818 4525 906 4586 etiarn
928 4526 1125 4590 meminerunt
1139 4524 1311 4603 Spartianus

1046 4621 1115 4674 .2*
