3114 5240
489 395 623 442 accron:
643 397 702 442 rrc.
723 398 762 444 ur
781 380 923 445 roman'
1237 384 1296 450 131
1337 445 1339 452 ,

97 563 213 628 quoquo
241 545 331 608 modo
357 546 431 610 baec
457 546 599 611 clementa
626 557 806 625 moveantar,
839 559 909 614 sunt
934 553 1065 632 proiecta
1090 569 1232 636 corporea
1253 572 1301 618 ,ac

98 631 222 712 proinde
249 629 363 692 dostmi
390 649 456 694 urm
481 633 608 713 possint,
636 633 676 696 dii
703 653 770 698 esse
796 643 954 716 nequeunt.
996 636 1107 700 Deinde
1131 657 1213 714 vero,
1241 639 1298 702 etsi

97 733 161 778 sese
188 723 354 790 moverent,
382 724 481 780 motus
507 723 603 780 umen
632 718 679 781 sui
706 719 879 800 principium
901 730 1075 803 acceperunt
1095 722 1131 784 ab
1150 722 1218 797 alio,
1248 723 1298 804 qui

98 799 230 880 manans
256 819 318 864 non
341 800 483 876 rideatur,
512 803 642 866 omnium
662 813 795 868 motuum
815 805 927 886 primus
949 814 1051 870 auctor
1071 815 1119 869 est
1139 815 1169 870 et
1189 807 1297 872 idcirco

97 903 184 948 verus
204 884 346 964 solusque
367 884 455 948 Deus.
586 879 591 898 '

178 969 242 1032 Nec
267 969 339 1031 sinit
358 969 554 1034 Tertullianus
580 971 637 1033 sibi
664 971 750 1035 obiici
777 991 884 1036 nomen
910 992 1046 1054 graecum
1068 971 1151 1052 Θεός
1172 995 1187 1038 a
1210 995 1317 1041 cursu,

94 1073 127 1116 ac
145 1061 243 1128 motu,
265 1073 325 1134 quo
346 1055 489 1117 clementa
508 1056 638 1135 praedita
658 1065 737 1131 sunt,
767 1057 866 1138 reipsa
887 1056 1012 1122 densari
1033 1061 1108 1142 (cap.
1129 1063 1183 1139 4.).
1224 1060 1299 1124 Nam

96 1157 162 1200 aera
183 1137 240 1200 llei
266 1139 464 1202 denominatio
490 1159 552 1202 non
581 1140 715 1222 aliquam,
743 1161 817 1221 quae
845 1143 936 1206 oculis
957 1145 1070 1207 uostris
1091 1145 1297 1226 conspiciatur,

96 1243 155 1285 non
184 1241 273 1286 sams
300 1242 334 1286 ao
360 1241 465 1286 cursus
492 1232 523 1288 et
547 1233 655 1300 mous,
688 1225 854 1306 qualitatem
876 1227 1027 1308 significat,
1056 1230 1108 1293 sed
1130 1248 1298 1310 supremam

96 1308 281 1370 maiesmtem
301 1326 335 1370 ac
356 1308 557 1372 subeuntium.
587 1310 664 1384 Quid
684 1329 766 1386 rero,
788 1311 867 1390 quod
888 1312 988 1392 plures
1010 1313 1119 1376 etbnici
1138 1315 1212 1377 deos
1225 1333 1298 1377 suos

96 1393 172 1455 bene
192 1392 305 1455 multos
326 1392 489 1458 immobiles
511 1413 579 1458 csse
599 1394 814 1475 praedicabant
852 1395 944 1458 Nemo
965 1397 1087 1478 insuper
1107 1398 1218 1460 inficias
1240 1417 1298 1461 un·

96 1496 183 1557 quam
211 1475 267 1539 ibit
293 1475 436 1540 elementa
462 1479 600 1560 componi
619 1479 750 1554 materia,
778 1498 865 1560 quam
886 1481 1102 1562 simplicissima
1122 1482 1176 1544 Ilei
1196 1491 1301 1546 natura

97 1563 156 1642 pati
176 1579 241 1624 non
261 1570 370 1658 potest.
399 1563 436 1624 Et
456 1571 535 1626 certe
555 1564 635 1627 Zeno
656 1565 807 1627 matenam
829 1563 929 1627 mundi
950 1565 1042 1627 allec
1065 1567 1193 1628 seiunxit
1213 1585 1299 1630 eum-

97 1645 530 1813 ἓὲρῖὶιῑὲῑῖᾜῗῗῶἶῗ.
546 1648 1215 1815 littltltttltlltltttltt
1236 1651 1299 1798 0⁸12?

100 1824 198 1878 menta
217 1814 290 1878 deos
312 1833 381 1878 esse
402 1816 594 1880 asseveranti
623 1817 705 1879 Plato
727 1817 806 1880 euim
826 1817 924 1899 ipsum
945 1819 1023 1886 bunc
1043 1820 1183 1883 mundum
1199 1829 1302 1884 censet

104 1919 173 1962 esse
192 1899 349 1962 rotundum
369 1899 518 1982 capiteque
540 1911 696 1988 carentem
738 1903 879 1982 Epicurus
900 1921 987 1982 vero:
1011 1903 1096 1979 Qoroe
1116 1923 1212 1987 sopra
1232 1923 1298 1980 ooo,

104 1980 1122 2152 muttit?tat'rst‘lbtltltbttlllttlt
1135 1989 1301 2136 llll?

101 2153 252 2216 nabnrbrr.
281 2153 386 2216 Nonne
408 2173 478 2236 crgo
499 2155 571 2218 tales
592 2156 664 2219 deos
686 2156 796 2235 liugom
816 2175 931 2219 summa
951 2157 1096 2220 dementia
1117 2157 1186 2222 est?
1201 2094 1298 2222 pegi.

101 2257 156 2318 quo
177 2238 286 2300 'lbales
307 2237 436 2302 llilesius
464 2240 576 2302 caelum
603 2240 735 2304 nmando
756 2241 788 2302 iu
808 2249 877 2321 pute
949 2243 1061 2304 cecidit.
1105 2242 1182 2316 Quid
1202 2253 1300 2306 autem

100 2341 184 2386 matrs
207 2322 255 2384 ille
277 2322 393 2396 iudicat,
415 2323 474 2386 nisi
488 2343 591 2386 ranam
604 2325 695 2388 fuisse
709 2260 1114 2406 annosioreffphysicorum,
1137 2327 1185 2406 qui
1200 2347 1300 2390 rerum

100 2415 232 2470 nattum
252 2408 363 2536 tnrs'tra
383 2409 504 2472 scmtati
523 2428 625 2472 verum
644 2409 721 2472 illius
735 2410 874 2473 artilioem
887 2410 979 2473 [lcum
995 2412 1224 2492 omnipotentem
1238 2431 1300 2476 uon

102 2499 318 2674 wbr'rffit
326 2577 417 2674 Varro
438 2577 622 2674 tribuendam
644 2566 795 2640 elementis
816 2578 1003 2653 divinitatem,
1026 2597 1082 2658 qua
1102 2579 1235 2642 homines
1250 2587 1303 2642 aut

100 2681 223 2724 summas
250 2661 400 2724 beneficus
428 2661 485 2724 srbi
516 2663 683 2725 devinciunt
707 2671 757 2726 aut
777 2671 915 2743 premunt
934 2663 1127 2726 incommodis
1149 2667 1223 2744 (cap.
1246 2669 1300 2743 5.).

104 2745 208 2809 Verum
228 2745 391 2826 respondet
401 2746 608 2823 Tertullianus,
630 2747 772 2809 elementa
792 2765 891 2810 rerum
910 2765 1119 2827 prosperarum
1138 2746 1300 2809 rcladrer-

101 2849 199 2894 aarum
227 2849 296 2893 esse
325 2831 525 2894 tantummodo
551 2831 743 2893 instrumenta
770 2849 929 2910 verumque
959 2831 1062 2904 Deum,
1092 2831 1137 2892 cui
1159 2830 1300 2906 serviunt,

102 2935 166 2977 ease
186 2915 303 2978 illarum
324 2923 484 2978 auctorem.
520 2915 601 2978 Nam
616 2915 710 2976 sicuti·
724 2915 834 2992 aegroti
856 2914 968 2977 amano
989 2932 1050 2976 nou
1070 2915 1301 2991 medicamentis,

104 3001 155 3062 sed
173 2999 301 3074 medico,
324 3007 354 3062 et
373 3019 455 3062 mors
482 3000 612 3062 bominis
632 3017 692 3060 non
713 2999 808 3078 pladio
829 3007 880 3060 aut
899 2998 1026 3071 lanceae,
1054 2999 1107 3060 sed
1128 2999 1232 3061 latroni
1247 3003 1304 3062 'aut

106 3085 180 3148 boati
210 3084 393 3159 tribuendae,
426 3086 471 3146 sic
494 3101 638 3166 prospera
667 3091 698 3144 et
722 3083 842 3144 advorsa
868 3101 928 3144 uon
957 3081 1119 3156 demands,
1149 3084 1202 3145 sed
1228 3082 1302 3159 beo,

93 3187 195 3248 ,aquo
215 3169 390 3232 meritorum
411 3168 510 3244 iudici,
531 3167 722 3232 adscribenda
743 3175 820 3230 sunt.
849 3167 971 3230 Constat
990 3175 1141 3247 praeterea
1158 3167 1302 3231 elementa

113 3253 206 3326 minui,
232 3253 410 3316 intercidere
442 3272 475 3316 ac
501 3253 563 3333 regi
590 3253 625 3315 ab
654 3253 750 3332 aliquo
779 3255 854 3332 (cap.
875 3255 928 3331 6.).
971 3252 1008 3313 bt
1038 3268 1124 3316 verus
1146 3253 1224 3316 Deus
1246 3271 1303 3316 uec

114 3336 195 3399 noni
212 3357 270 3408 nec
290 3339 351 3419 pati
372 3337 478 3418 aliquid
498 3347 597 3418 potest
617 3337 772 3417 omniaque
793 3337 868 3416 regit
887 3355 922 3400 ae
941 3336 1119 3400 moderatur.

187 3422 306 3485 Transit
326 3423 395 3486 inde
416 3423 611 3485 Tertullianus
633 3423 670 3484 ad
691 3421 851 3484 secundum
872 3421 995 3484 deorum
1015 3439 1108 3501 genus
1129 3424 1207 3502 quod
1227 3422 1304 3485 Var-

110 3507 169 3568 roni
188 3507 348 3588 mytbicum
369 3527 422 3570 scu
443 3513 598 3588 poetarum
617 3507 823 3586 cognominare
844 3506 952 3587 placuit
971 3508 1045 3587 (cap.
1062 3510 1115 3586 7.).
1143 3507 1305 3570 linxerunt

108 3601 201 3654 actm
220 3599 328 3674 poetae
348 3591 405 3654 bos
426 3593 499 3656 deos
520 3611 586 3654 esse
607 3592 724 3665 heroas,
746 3591 795 3670 qui
809 3599 879 3670 pont
891 3597 1065 3652 uansactam
1078 3592 1230 3653 mortalem
1244 3592 1302 3652 bc·

107 3676 216 3740 mirum
235 3677 324 3740 vitam
345 3677 501 3757 praeclaris
523 3677 605 3739 lactis
619 3676 716 3756 adepti
727 3683 797 3738 snut
809 3675 967 3737 diviniutis
978 3676 1148 3756 praemium.
1170 3674 1304 3736 Pessime

106 3771 202 3823 autem
222 3761 280 3824 boc
301 3762 434 3844 exemplo
455 3761 580 3824 Romani
601 3779 673 3823 suos
695 3777 789 3839 reges,
810 3759 873 3822 aliis
895 3759 1102 3841 peierantibus,
1124 3759 1197 3820 deca
1218 3756 1303 3819 simi·
1392 3765 1393 3768 ’

108 3844 172 3906 liter
198 3847 413 3908 renuntiarunt.
454 3847 491 3908 bt
516 3845 642 3927 quinam,
670 3843 772 3906 amabo
801 3851 840 3918 te,
867 3845 983 3906 lucrant
1003 3843 1044 3904 illi
1065 3847 1217 3923 poetarum
1238 3839 1305 3903 dii?

110 3929 247 3992 Homines
272 3930 375 4010 utiquc
402 3930 521 3992 sordida
541 3938 592 3992 aut
610 3927 749 3992 scelerata
771 3928 882 4008 origine
903 3927 1058 4008 procreati,
1085 3925 1135 4005 qui
1155 3926 1305 4005 percitae

111 4032 179 4076 suae
199 4015 373 4077 mrriurlum
394 4015 425 4077 iu
447 4016 526 4078 omni
542 4033 609 4076 sese
622 4013 789 4075 volutarunt
802 4031 909 4092 genere
923 4011 1075 4074 scelerum.
1106 4009 1305 4083 Quamobrem

111 4096 189 4160 Plato
219 4106 322 4180 poetas
353 4100 506 4180 ipsumque
527 4099 687 4161 Homerum
718 4105 853 4176 tanquan
884 4095 1036 4178 improbos
1058 4093 1181 4157 deorum
1202 4095 1304 4157 crimi-

113 4191 226 4246 natores
259 4184 373 4247 civitate
401 4184 552 4265 pellendos
580 4203 646 4246 esse
674 4181 796 4244 censuit.
840 4181 917 4254 Quin
945 4179 1031 4241 etiam
1064 4177 1180 4254 ethnici,
1208 4197 1303 4259 quan-

115 4267 240 4331 tumlibet
265 4267 452 4350 impudentes
479 4267 652 4331 Christianis
685 4274 790 4327 nutam
811 4265 934 4328 deorum
954 4261 1100 4324 infamiam
1121 4264 1304 4343 exprobran-

114 4350 189 4414 tibus
217 4353 291 4415 nibil
322 4353 398 4416 aliud
425 4353 658 4435 respondebant,
691 4349 749 4412 nisi
776 4367 873 4412 meras
905 4366 973 4410 csse
1000 4346 1110 4409 fabulas
1138 4355 1305 4428 poctarum.

114 4435 216 4500 teron
236 4438 293 4501 etsi
313 4437 411 4517 postis
432 4458 466 4500 se
486 4456 546 4499 nou
568 4437 687 4500 medere
707 4435 878 4506 clamarent,
900 4433 983 4494 fictos
1004 4439 1100 4494 umen
1114 4433 1149 4495 ab
1163 4433 1220 4495 illis
1232 4434 1329 4495 deos,
1383 4455 1386 4463 ¹

116 4518 254 4598 wenc,
276 4521 392 4584 Idaeam
412 4531 544 4598 matrem,
566 4523 732 4594 Saturnum,
753 4517 906 4580 llerculem
928 4518 1102 4580 nouaclum
1124 4518 1307 4580 veneraban-

117 4611 173 4680 tur,
202 4608 254 4672 sed
284 4607 430 4674 horrenda
462 4627 577 4690 quoque
604 4607 646 4672 eis
674 4603 814 4670 saniflcia
841 4601 993 4666 iaciebant
1037 4601 1109 4676 Quis
1135 4604 1222 4684 igitur
1246 4601 1310 4663 hos

1009 4698 1016 4712 ⁰
1070 4695 1111 4759 a!
