3144 5236
252 291 316 358 ata
352 306 544 352 nrsssnrarrc
560 305 590 348 tn
606 305 654 356 oo.
670 303 755 350 eser.
771 305 858 349 scon.
874 295 1072 350 autumnans
1084 304 1313 349 uonoosrrcoa
1326 305 1415 349 csrr.

253 465 324 539 post
350 457 439 520 hresa
466 463 657 534 s.conceptu
683 453 869 518 intervallum
889 463 981 536 nuptu
1003 465 1060 516 est
1104 454 1164 518 Sed
1185 455 1283 518 nsrllm
1306 455 1483 520 Tertulliani

253 551 385 606 mentem
406 540 527 612 certius.
550 557 637 618 quam
658 539 708 602 illa
730 540 796 619 ipse
811 539 933 620 operire
947 546 1049 617 potest
1069 539 1181 614 (Petar.
1196 547 1268 602 tom.
1285 539 1318 600 V.
1335 539 1482 621 Theolog.

252 627 388 706 Dogmat.
410 624 460 686 lib.
483 625 557 686 xlv,
580 643 643 703 cap.
666 627 697 688 3.
720 627 750 701 ξ.
776 627 824 688 10.
846 623 1017 704 lliercnynt.
1039 623 1104 686 cdv.
1127 623 1210 685 Helu.
1232 643 1263 703 p.
1286 627 1361 702 th).
1390 626 1429 688 ht
1450 626 1483 688 in

255 729 311 774 suo
333 711 370 772 do
393 709 487 772 Cunc
509 706 619 770 Christi
640 707 717 770 libro
739 707 812 769 haec
832 708 870 769 de
892 707 982 772 blcria
1003 708 1117 786 virgine
1138 707 1272 788 scripsit:
1301 709 1374 772 Etsi
1392 715 1482 788 ciros

592 797 795 940 uetuit
809 793 1300 956 temnuntur
1317 793 1483 942 null

253 965 384 1028 nocuas
416 960 542 1036 (ibidem
562 961 613 1022 lih.
637 960 673 1022 da
696 960 789 1024 Carne
799 955 803 962 ”
812 959 922 1022 Christ.
945 979 1009 1040 cap.
1031 963 1108 1038 nn).
1153 960 1241 1024 Vides
1263 979 1336 1024 sane
1355 961 1482 1024 verbum

253 1048 368 1110 audere
389 1045 439 1107 hic
459 1045 496 1107 ab
518 1065 554 1106 co
576 1045 654 1106 sumi
676 1063 731 1124 pro
753 1045 875 1124 virginis
897 1053 993 1124 partu,
1016 1063 1075 1124 quo
1097 1045 1181 1107 vulva
1195 1046 1260 1108 eius
1274 1053 1405 1108 reserata
1420 1055 1480 1108 est

252 1131 319 1194 Non
348 1130 406 1192 ianr
433 1129 553 1209 quidem
580 1128 748 1208 quaerimus
770 1145 828 1208 quo
851 1147 942 1192 sensu
963 1147 1029 1191 eam
1050 1137 1183 1209 apertam
1205 1148 1274 1192 esse
1295 1130 1414 1203 dixerit,
1443 1131 1482 1194 de

253 1235 312 1296 quo
334 1215 366 1277 in
387 1215 500 1278 nostris
522 1213 558 1275 ad
579 1212 769 1276 ambrosium
792 1213 1060 1276 observationibus.
1093 1213 1187 1276 Nobis
1210 1214 1288 1276 enirn
1310 1233 1391 1276 nunc
1413 1216 1482 1276 sul-

253 1300 316 1362 licit
341 1299 423 1372 illud,
453 1299 490 1360 dc
517 1315 576 1377 qno
604 1296 693 1378 igitur
720 1297 842 1360 uerbum
868 1298 983 1361 cubare
1011 1297 1048 1359 ah
1076 1316 1112 1360 co
1134 1298 1226 1377 accipi
1247 1316 1302 1376 pro
1325 1298 1483 1362 muliebris

252 1384 332 1447 utari
351 1384 383 1444 in
404 1391 490 1462 partu
510 1383 706 1463 patefactione
726 1382 806 1456 (Nol.
828 1382 860 1443 in
879 1382 1018 1444 imbros.
1041 1382 1175 1461 Exposit.
1192 1383 1302 1461 Etang.
1318 1391 1391 1446 sect
1406 1383 1482 1446 Luc.

252 1487 283 1549 p.
309 1471 424 1542 1309).
467 1467 551 1529 Sicut
572 1475 670 1529 autem
691 1483 800 1545 negcra
821 1484 882 1528 non
903 1485 1066 1546 possumus
1089 1468 1165 1542 hunc
1185 1467 1306 1530 minime
1327 1467 1483 1547 propriam

254 1571 323 1616 essa
352 1552 440 1614 buius
466 1551 548 1612 verbi
571 1551 826 1630 significationem,
853 1549 894 1611 ita
916 1559 995 1612 certa
1018 1569 1122 1613 omnes
1144 1552 1228 1613 lateri
1251 1551 1359 1614 dehent
1379 1552 1483 1614 illiba-

1 1656 3 1702 t
128 1671 132 1678 .
253 1644 314 1698 mm
335 1636 444 1699 hariae
465 1633 661 1714 virginitatem
682 1635 718 1697 ab
741 1635 791 1696 illo
814 1635 1035 1698 evidentissime
1056 1635 1151 1698 caseri
1173 1635 1272 1711 (Tum.
1294 1635 1316 1697 1.
1336 1637 1483 1714 Apparet.

252 1719 304 1784 lib.
326 1720 376 1780 ΙΙΙ.
398 1720 525 1780 Dissert.
547 1719 583 1780 ll.
606 1737 668 1798 cap.
692 1721 722 1784 6.
744 1719 806 1780 hrt.
830 1721 860 1784 9.
882 1737 912 1798 p.
935 1722 1032 1796 atat
1074 1719 1141 1783 Non
1169 1720 1201 1781 in
1230 1739 1285 1782 suo
1308 1721 1387 1782 enim
1410 1729 1483 1782 tan-

252 1814 316 1866 tam
335 1802 537 1884 hpologetioo,
560 1803 614 1866 sed
636 1803 693 1866 alio
716 1803 803 1864 etiem
824 1804 856 1864 in
876 1803 963 1878 libro,
987 1813 1020 1866 ut
1041 1804 1109 1866 abbi
1131 1804 1269 1878 vidimus,
1290 1805 1363 1866 illud
1383 1803 1482 1868 docu-

253 1896 387 1952 mantum
409 1887 519 1950 stabilit
540 1905 574 1948 ac
595 1887 750 1949 confirmat
771 1897 909 1967 tanquam
932 1889 968 1950 ch
991 1889 1130 1952 uniuersa
1151 1887 1199 1951 sui
1217 1889 1360 1969 temporis
1374 1889 1482 1951 Eccle-

178 2020 191 2049 ,
253 1973 298 2036 siu
325 1982 355 2034 et
383 1981 467 2034 antea
489 1989 596 2050 magno
618 1989 767 2034 consensu
788 1980 947 2051 receptum.
991 1971 1052 2036 Nos
1075 1991 1146 2035 vero
1169 1974 1206 2036 de
1228 1993 1264 2034 eo
1286 1973 1318 2034 in
1340 1974 1501 2052 superio--

253 2057 338 2120 ribus
365 2055 478 2118 nostris
507 2056 765 2118 dissertationibus
793 2056 1007 2136 disputavimus
1040 2057 1126 2132 (ibid.
1148 2057 1199 2118 lib.
1222 2057 1259 2120 11.
1282 2057 1408 2120 [dissert.
1431 2058 1481 2120 Vl.

255 2161 319 2220 cap.
342 2145 371 2204 7.
396 2145 425 2218 ξ.
449 2145 478 2205 5.
501 2159 530 2219 p.
554 2143 627 2204 597.
657 2139 811 2202 Dissertct
840 2140 871 2201 in
898 2140 1030 2202 hactum
1059 2159 1123 2222 cap.
1149 2145 1198 2204 17.
1220 2142 1284 2204 hrt.
1306 2145 1337 2206 3.
1359 2151 1433 2204 tcm.
1457 2143 1483 2204 Ι.

252 2227 390 2306 Apparet.
414 2225 469 2286 loc.
493 2225 542 2286 cit.
566 2233 596 2286 at
615 2224 667 2286 lib.
689 2225 740 2295 lli.
764 2225 889 2286 Dissert.
912 2224 949 2287 ll.
972 2243 1036 2304 csp.
1058 2228 1090 2291 6.
1112 2226 1173 2288 hrt.
1186 2230 1217 2290 4.
1239 2245 1269 2306 p.
1281 2228 1343 2290 597
1357 2235 1483 2308 atseqq.

256 2319 286 2372 et
306 2309 432 2372 [iissent
455 2309 487 2369 in
507 2309 639 2371 Lactcnt.
662 2327 726 2388 cop.
750 2311 779 2374 8.
801 2309 864 2370 hrt.
889 2313 941 2386 l.).
1385 2311 1387 2316 '

337 2392 437 2455 Palam
458 2393 555 2454 adhuc
569 2393 768 2455 Tertullianus
790 2393 946 2471 profitetur
967 2394 1047 2455 bunc
1061 2393 1170 2458 Christi
1192 2413 1229 2456 ex
1249 2394 1362 2473 virgine
1378 2403 1484 2457 ortum

124 2519 126 2525 ,
255 2485 285 2540 at
312 2479 470 2540 adventum
498 2477 529 2538 in
557 2486 653 2538 terras
682 2497 699 2538 a
727 2478 821 2540 sacris
842 2479 956 2549 nostris
978 2478 1094 2541 ustibus
1115 2479 1352 2558 praenuntiatum
1374 2479 1483 2542 laissa.

254 2561 314 2624 Sed
335 2579 410 2641 quoa
432 2561 493 2625 sint
512 2561 630 2624 illorum
652 2563 769 2623 oracula
790 2560 848 2623 hcc
868 2563 899 2623 in
913 2562 1000 2636 libro,
1022 2563 1054 2624 in
1069 2581 1128 2643 quc
1142 2563 1279 2626 brevitati
1293 2563 1484 2640 consulebat,

253 2647 340 2727 plana
363 2646 461 2708 tacuit.
507 2645 593 2706 Plura
614 2663 684 2708 vero
707 2645 755 2706 ille
777 2646 807 2706 in
828 2645 906 2708 libro
928 2646 1069 2710 adversus
1090 2647 1216 2710 iudaeos
1239 2655 1269 2708 al
1290 2647 1339 2708 nbi
1359 2647 1392 2708 in
1416 2648 1484 2711 sliis

252 2731 337 2792 libris
359 2730 534 2804 retulerunt,
563 2730 600 2792 de
621 2729 729 2809 quibus
750 2730 846 2792 adhuc
867 2731 898 2793 in
920 2730 1026 2794 iisdem
1048 2731 1253 2810 superioribus
1275 2731 1390 2793 nostris
1413 2733 1484 2794 dis-

253 2814 464 2878 sertationibus
492 2823 589 2880 actum
617 2813 742 2879 anobis
764 2814 828 2876 luit.
873 2815 1019 2878 Omittere
1040 2823 1139 2878 minen
1160 2834 1221 2877 non
1241 2833 1405 2895 possumus
1428 2817 1485 2878 lu·

253 2901 324 2961 stini
352 2899 488 2978 Martyris
520 2898 747 2974 testimonium,
779 2899 859 2978 quod
885 2899 1056 2962 Tertulliani
1082 2900 1172 2962 dictis
1201 2901 1313 2980 optima
1342 2900 1486 2980 congrunt

253 3002 348 3063 esque
369 2983 477 3044 mirum
499 2983 530 3044 in
551 2985 673 3046 modum
696 2984 859 3046 confirmat.
902 2983 958 3046 Ubi
979 2985 1060 3046 enim
1081 2984 1285 3048 sanctissimus
1306 2985 1354 3046 illc
1370 2995 1487 3065 martyr

252 3068 354 3146 plures
381 3066 419 3128 da
446 3068 546 3128 lutnro
569 3067 680 3130 Christi
706 3069 833 3130 adventu
854 3082 1008 3130 sacrorum
1029 3069 1240 3149 prophetarum
1261 3069 1486 3149 praedictiones

253 3151 323 3212 citat
349 3157 437 3228 atque
464 3150 541 3212 hanc
567 3151 703 3230 inprimis
729 3151 838 3225 Isaiae,
867 3153 942 3214 Ecca
969 3156 1056 3234 ctrpo
1087 3158 1121 3216 iu
1152 3165 1241 3217 utero
1275 3155 1409 3218 hebebit:
1440 3155 1486 3218 ibi

254 3233 385 3296 ostendit
404 3233 515 3296 nubam
536 3234 606 3296 inda
627 3235 752 3298 ethnicis
775 3237 837 3298 dari
861 3236 1049 3300 occasionem
1077 3255 1163 3300 snum
1185 3238 1345 3300 excusandi
1366 3237 1483 3313 lovem,

253 3317 304 3396 qui
331 3317 432 3396 plnres
459 3317 624 3380 adulterino
653 3321 811 3382 concubitu
839 3319 1152 3400 liberossusccperat.
1196 3321 1270 3385 Nam
1292 3321 1363 3385 illud
1384 3321 1486 3386 lsnise

252 3401 439 3468 subdolum:
461 3404 621 3486 Σημαίνει
642 3395 680 3466 οὗ
704 3407 1008 3474 curcumcisione
1024 3402 1083 3510 τὴν
1097 3409 1270 3488 παρθένον
1285 3405 1484 3489 συλλαβεῖν·

254 3482 284 3552 εἰ
310 3480 372 3568 γὰρ
401 3481 646 3572 ἐοονοοσιάοθη
674 3479 743 3552 ῦπὸ
771 3481 923 3568 ὁτουοῦν,
952 3481 1011 3554 οῦκ
1039 3490 1090 3555 ἔτι
1116 3477 1156 3576 ἦν
1183 3494 1370 3573 παρθένος·
1393 3484 1487 3556 ἀλλὰ

253 3566 391 3652 δύναμις
408 3571 494 3635 Θεοῦ
517 3566 711 3636 ἐπελθοῦσα
732 3573 772 3657 τῇ
794 3577 957 3659 παρθένῳ
980 3571 1176 3640 ἐπεσκίασεν
1199 3567 1299 3661 αὐτὴν
1321 3575 1376 3640 καὶ
1401 3597 1486 3640 κυο-

252 3657 400 3740 φορῆσαι
421 3657 594 3739 παρθένον
617 3643 719 3721 οὖσαν
741 3661 914 3743 πεποίηκε.
945 3659 1103 3742 &unificat
1117 3665 1264 3740 οθοῦοεοο
1278 3662 1389 3741 cisque
1404 3681 1486 3724 cco·

251 3743 409 3806 suetudine
438 3759 568 3804 uanerec
595 3753 809 3823 coemptarum
834 3745 942 3823 fuisse.
987 3743 1022 3806 St
1046 3750 1125 3807 enim
1147 3765 1215 3808 cum
1233 3763 1383 3827 ροορνοοι
1405 3763 1486 3810 con-

253 3831 411 3902 suevisset,
435 3845 498 3889 uon
520 3830 581 3888 ictu
602 3832 688 3906 sirpo
710 3828 832 3906 suisset.
862 3829 902 3892 At
923 3833 1001 3892 enim
1014 3834 1116 3892 uirtus
1130 3830 1190 3893 Dea·
1202 3834 1319 3909 cirpiaa‘
1330 3849 1486 3910 superce-

250 3913 337 3978 niens
352 3908 402 3972 iili
422 3911 613 3976 obumbravit
634 3924 662 3973 et
683 3915 770 3990 uirpc
793 3930 860 3976 ενοι
881 3924 969 3987 esset,
992 3925 1028 3976 ut
1047 3915 1164 3994 [comm
1184 3915 1313 3993 procido
1332 3918 1367 3976 in
1387 3924 1484 3981 staro

252 3993 362 4071 ferret,
384 3995 483 4075 effecit
503 3995 619 4070 (lustin.
641 3996 766 4076 hpclog.
788 3996 835 4074 1.).

335 4075 443 4140 Verum
473 4081 499 4142 si
528 4087 610 4142 certo
637 4079 735 4143 nadlus
764 4083 957 4161 pronuntiare
984 4083 1091 4145 audent
1111 4083 1324 4146 Tertullianum
1345 4083 1385 4145 sd
1406 4083 1487 4146 hoec

251 4159 425 4257 collinausse
446 4162 550 4226 lustini
572 4164 670 4262 rerba..
693 4166 805 4264 nemini
826 4167 962 4246 prolecto
984 4167 1106 4230 dubium
1121 4185 1189 4230 esse
1202 4176 1311 4247 potest,
1334 4167 1484 4264 quin-Cy·

250 4245 1487 4417 &liuilniitt)lttltbclttttptittstultiut

249 4417 395 4493 περίστοα
409 4413 515 4477 Sermo
537 4428 567 4478 et
582 4418 677 4482 Filius
693 4420 751 4482 bet
768 4425 912 4492 mittitur,
935 4423 988 4501 put
1004 4439 1064 4501 per
1084 4421 1250 4501 propbetas
1274 4439 1375 4484 omme
1391 4433 1486 4484 retro

249 4495 442 4562 illuminator
470 4509 498 4561 et
526 4501 633 4566 doctor
653 4509 770 4584 pencris
793 4504 920 4571 bumont
935 4506 1174 4585 praedicebatur
1198 4549 1337 4567 .....
1365 4505 1424 4570 Hic
1445 4508 1487 4569 ita
