<?xml version="1.0" encoding="UTF-8"?>
<!DOCTYPE html PUBLIC "-//W3C//DTD XHTML 1.0 Transitional//EN"
    "http://www.w3.org/TR/xhtml1/DTD/xhtml1-transitional.dtd">
<html xmlns="http://www.w3.org/1999/xhtml" xml:lang="en" lang="en">
 <head>
  <title>
</title>
<meta http-equiv="Content-Type" content="text/html;charset=utf-8" />
  <meta name='ocr-system' content='tesseract 3.04.00' />
  <meta name='ocr-capabilities' content='ocr_page ocr_carea ocr_par ocr_line ocrx_word'/>
</head>
<body>
  <div class='ocr_page' id='page_1' title='image "./quaesupersuntom01oehlgoog_0212.png"; bbox 0 0 3144 5236; ppageno 0'>
   <div class='ocr_carea' id='block_1_1' title="bbox 482 341 1551 466">
    <p class='ocr_par' dir='ltr' id='par_1_1' title="bbox 482 341 1551 466">
     <span class='ocr_line' id='line_1_1' title="bbox 482 341 1551 466; baseline 0.022 -40"><span class='ocrx_word' id='word_1_1' title='bbox 482 343 617 426; x_wconf 75' lang='lat' dir='ltr'><strong>onerosa</strong></span> <span class='ocrx_word' id='word_1_2' title='bbox 639 381 698 426; x_wconf 82' lang='lat' dir='ltr'><strong>nro.</strong></span> <span class='ocrx_word' id='word_1_3' title='bbox 721 381 759 426; x_wconf 82' lang='lat' dir='ltr'><strong>us</strong></span> <span class='ocrx_word' id='word_1_4' title='bbox 780 380 908 426; x_wconf 81' lang='lat' dir='ltr'><strong>sonant.</strong></span> <span class='ocrx_word' id='word_1_5' title='bbox 1246 368 1308 434; x_wconf 73' lang='lat'><strong>2⁰5</strong></span> <span class='ocrx_word' id='word_1_6' title='bbox 1435 437 1440 456; x_wconf 65' lang='grc'>,</span> <span class='ocrx_word' id='word_1_7' title='bbox 1504 341 1509 351; x_wconf 36' lang='lat'><strong>¹</strong></span> <span class='ocrx_word' id='word_1_8' title='bbox 1550 445 1551 466; x_wconf 28' lang='lat' dir='ltr'><strong>q</strong></span> 
     </span>
    </p>
   </div>
   <div class='ocr_carea' id='block_1_2' title="bbox 100 518 1308 864">
    <p class='ocr_par' dir='ltr' id='par_1_2' title="bbox 100 518 1308 864">
     <span class='ocr_line' id='line_1_2' title="bbox 101 518 1308 612; baseline 0 -18"><span class='ocrx_word' id='word_1_9' title='bbox 101 550 157 594; x_wconf 88' lang='lat' dir='ltr'><strong>uns</strong></span> <span class='ocrx_word' id='word_1_10' title='bbox 185 539 215 592; x_wconf 93' lang='lat' dir='ltr'><strong>et</strong></span> <span class='ocrx_word' id='word_1_11' title='bbox 246 531 343 592; x_wconf 85' lang='lat' dir='ltr'><strong>atltnuo</strong></span> <span class='ocrx_word' id='word_1_12' title='bbox 363 518 533 594; x_wconf 75' lang='lat' dir='ltr'><strong>noubinnus</strong></span> <span class='ocrx_word' id='word_1_13' title='bbox 554 530 757 594; x_wconf 72' lang='lat' dir='ltr'>barbarismos</span> <span class='ocrx_word' id='word_1_14' title='bbox 779 531 946 610; x_wconf 83' lang='lat' dir='ltr'><strong>modosque</strong></span> <span class='ocrx_word' id='word_1_15' title='bbox 967 531 1105 610; x_wconf 85' lang='lat' dir='ltr'><strong>loquendi</strong></span> <span class='ocrx_word' id='word_1_16' title='bbox 1127 531 1308 612; x_wconf 84' lang='lat' dir='ltr'><strong>improprios</strong></span> 
     </span>
     <span class='ocr_line' id='line_1_3' title="bbox 101 614 1307 695; baseline 0.002 -19"><span class='ocrx_word' id='word_1_17' title='bbox 101 616 281 678; x_wconf 83' lang='lat' dir='ltr'><strong>etinsnatos.</strong></span> <span class='ocrx_word' id='word_1_18' title='bbox 325 614 441 678; x_wconf 85' lang='lat' dir='ltr'><strong>Nomen</strong></span> <span class='ocrx_word' id='word_1_19' title='bbox 461 623 559 678; x_wconf 88' lang='lat' dir='ltr'><strong>autem</strong></span> <span class='ocrx_word' id='word_1_20' title='bbox 590 621 696 695; x_wconf 81' lang='lat' dir='ltr'><strong>portio</strong></span> <span class='ocrx_word' id='word_1_21' title='bbox 724 633 760 676; x_wconf 88' lang='lat' dir='ltr'><strong>eo</strong></span> <span class='ocrx_word' id='word_1_22' title='bbox 783 633 842 694; x_wconf 91' lang='lat' dir='ltr'><strong>quo</strong></span> <span class='ocrx_word' id='word_1_23' title='bbox 865 615 1031 678; x_wconf 82' lang='lat' dir='ltr'><strong>notavimus</strong></span> <span class='ocrx_word' id='word_1_24' title='bbox 1052 634 1143 678; x_wconf 86' lang='lat' dir='ltr'><strong>sensu</strong></span> <span class='ocrx_word' id='word_1_25' title='bbox 1165 615 1232 678; x_wconf 90' lang='lat' dir='ltr'><strong>ideo</strong></span> <span class='ocrx_word' id='word_1_26' title='bbox 1253 617 1307 678; x_wconf 87' lang='lat' dir='ltr'><strong>atl-</strong></span> 
     </span>
     <span class='ocr_line' id='line_1_4' title="bbox 100 699 1307 780; baseline 0.002 -19"><span class='ocrx_word' id='word_1_27' title='bbox 100 700 195 774; x_wconf 77' lang='lat' dir='ltr'><strong>nouit,</strong></span> <span class='ocrx_word' id='word_1_28' title='bbox 225 707 260 761; x_wconf 89' lang='lat' dir='ltr'><strong>ut</strong></span> <span class='ocrx_word' id='word_1_29' title='bbox 280 699 413 762; x_wconf 84' lang='lat' dir='ltr'><strong>Praxean</strong></span> <span class='ocrx_word' id='word_1_30' title='bbox 442 699 589 761; x_wconf 83' lang='lat' dir='ltr'><strong>efficatius</strong></span> <span class='ocrx_word' id='word_1_31' title='bbox 615 699 780 774; x_wconf 74' lang='lat' dir='ltr'><strong>refelleret,</strong></span> <span class='ocrx_word' id='word_1_32' title='bbox 809 699 859 778; x_wconf 91' lang='lat' dir='ltr'><strong>qui</strong></span> <span class='ocrx_word' id='word_1_33' title='bbox 881 699 1033 762; x_wconf 82' lang='lat' dir='ltr'><strong>effutiebat</strong></span> <span class='ocrx_word' id='word_1_34' title='bbox 1052 699 1158 762; x_wconf 85' lang='lat' dir='ltr'><strong>Filium</strong></span> <span class='ocrx_word' id='word_1_35' title='bbox 1180 719 1307 780; x_wconf 86' lang='lat' dir='ltr'><strong>persona</strong></span> 
     </span>
     <span class='ocr_line' id='line_1_5' title="bbox 100 782 587 864; baseline 0 -20"><span class='ocrx_word' id='word_1_36' title='bbox 100 801 267 864; x_wconf 79' lang='lat' dir='ltr'><strong>nequaquam</strong></span> <span class='ocrx_word' id='word_1_37' title='bbox 289 803 306 846; x_wconf 87' lang='lat' dir='ltr'><strong>a</strong></span> <span class='ocrx_word' id='word_1_38' title='bbox 327 783 415 846; x_wconf 88' lang='lat' dir='ltr'><strong>Patre</strong></span> <span class='ocrx_word' id='word_1_39' title='bbox 436 782 587 863; x_wconf 80' lang='lat' dir='ltr'><strong>distingui.</strong></span> 
     </span>
    </p>
   </div>
   <div class='ocr_carea' id='block_1_3' title="bbox 580 1001 813 1052">
    <p class='ocr_par' dir='ltr' id='par_1_3' title="bbox 580 1001 813 1052">
     <span class='ocr_line' id='line_1_6' title="bbox 580 1001 813 1052; baseline 0 -2"><span class='ocrx_word' id='word_1_40' title='bbox 580 1001 747 1052; x_wconf 73' lang='lat' dir='ltr'><strong>Anniculus</strong></span> <span class='ocrx_word' id='word_1_41' title='bbox 765 1001 813 1051; x_wconf 88' lang='lat' dir='ltr'><strong>vll.</strong></span> 
     </span>
    </p>
   </div>
   <div class='ocr_carea' id='block_1_4' title="bbox 98 1103 1305 1227">
    <p class='ocr_par' dir='ltr' id='par_1_4' title="bbox 98 1103 1305 1227">
     <span class='ocr_line' id='line_1_7' title="bbox 98 1103 1305 1162; baseline 0.002 -14"><span class='ocrx_word' id='word_1_42' title='bbox 98 1103 201 1150; x_wconf 75' lang='lat' dir='ltr'><strong>Solvuntur</strong></span> <span class='ocrx_word' id='word_1_43' title='bbox 218 1105 262 1148; x_wconf 83' lang='lat' dir='ltr'><strong>alla</strong></span> <span class='ocrx_word' id='word_1_44' title='bbox 282 1111 420 1160; x_wconf 76' lang='lat' dir='ltr'><strong>argumenta.</strong></span> <span class='ocrx_word' id='word_1_45' title='bbox 443 1104 524 1159; x_wconf 86' lang='lat' dir='ltr'><strong>quihus</strong></span> <span class='ocrx_word' id='word_1_46' title='bbox 542 1103 646 1148; x_wconf 83' lang='lat' dir='ltr'><strong>obiicitur</strong></span> <span class='ocrx_word' id='word_1_47' title='bbox 663 1103 825 1148; x_wconf 73' lang='lat' dir='ltr'><strong>Tertullianum</strong></span> <span class='ocrx_word' id='word_1_48' title='bbox 845 1115 941 1158; x_wconf 71' lang='lat' dir='ltr'><strong>negasse</strong></span> <span class='ocrx_word' id='word_1_49' title='bbox 959 1103 1007 1147; x_wconf 79' lang='lat' dir='ltr'><strong>sinti</strong></span> <span class='ocrx_word' id='word_1_50' title='bbox 1026 1103 1065 1148; x_wconf 82' lang='lat' dir='ltr'><strong>ssei</strong></span> <span class='ocrx_word' id='word_1_51' title='bbox 1084 1104 1229 1160; x_wconf 78' lang='lat' dir='ltr'><strong>diuinitatem,</strong></span> <span class='ocrx_word' id='word_1_52' title='bbox 1254 1107 1305 1162; x_wconf 87' lang='lat' dir='ltr'><strong>quia</strong></span> 
     </span>
     <span class='ocr_line' id='line_1_8' title="bbox 257 1169 1128 1227; baseline -0.002 -11"><span class='ocrx_word' id='word_1_53' title='bbox 257 1172 309 1216; x_wconf 81' lang='lat' dir='ltr'><strong>dixit</strong></span> <span class='ocrx_word' id='word_1_54' title='bbox 325 1171 387 1215; x_wconf 90' lang='lat' dir='ltr'><strong>illum</strong></span> <span class='ocrx_word' id='word_1_55' title='bbox 406 1169 515 1215; x_wconf 84' lang='lat' dir='ltr'><strong>minorem</strong></span> <span class='ocrx_word' id='word_1_56' title='bbox 533 1171 607 1224; x_wconf 84' lang='lat' dir='ltr'><strong>Patre,</strong></span> <span class='ocrx_word' id='word_1_57' title='bbox 625 1171 730 1227; x_wconf 79' lang='lat' dir='ltr'><strong>huncque</strong></span> <span class='ocrx_word' id='word_1_58' title='bbox 747 1171 857 1214; x_wconf 79' lang='lat' dir='ltr'><strong>risibilem</strong></span> <span class='ocrx_word' id='word_1_59' title='bbox 875 1177 897 1214; x_wconf 86' lang='lat' dir='ltr'><strong>et</strong></span> <span class='ocrx_word' id='word_1_60' title='bbox 913 1170 976 1214; x_wconf 91' lang='lat' dir='ltr'><strong>illum</strong></span> <span class='ocrx_word' id='word_1_61' title='bbox 990 1171 1128 1216; x_wconf 72' lang='lat' dir='ltr'><strong>invisibilem.</strong></span> 
     </span>
    </p>
   </div>
   <div class='ocr_carea' id='block_1_5' title="bbox 92 1285 1355 4654">
    <p class='ocr_par' dir='ltr' id='par_1_5' title="bbox 92 1285 1355 4148">
     <span class='ocr_line' id='line_1_9' title="bbox 165 1285 1304 1366; baseline 0.004 -18"><span class='ocrx_word' id='word_1_62' title='bbox 165 1287 251 1349; x_wconf 78' lang='lat' dir='ltr'><strong>Aliud</strong></span> <span class='ocrx_word' id='word_1_63' title='bbox 278 1286 438 1364; x_wconf 82' lang='lat' dir='ltr'><strong>denegatae</strong></span> <span class='ocrx_word' id='word_1_64' title='bbox 459 1305 476 1348; x_wconf 89' lang='lat' dir='ltr'><strong>a</strong></span> <span class='ocrx_word' id='word_1_65' title='bbox 498 1286 680 1349; x_wconf 78' lang='lat' dir='ltr'><strong>Tertulliano</strong></span> <span class='ocrx_word' id='word_1_66' title='bbox 702 1294 754 1349; x_wconf 85' lang='lat' dir='ltr'><strong>aut</strong></span> <span class='ocrx_word' id='word_1_67' title='bbox 774 1285 962 1348; x_wconf 77' lang='lat' dir='ltr'><strong>labefactatae</strong></span> <span class='ocrx_word' id='word_1_68' title='bbox 984 1305 1140 1366; x_wconf 89' lang='lat' dir='ltr'><strong>supremae</strong></span> <span class='ocrx_word' id='word_1_69' title='bbox 1161 1287 1229 1350; x_wconf 84' lang='lat' dir='ltr'><strong>Filii</strong></span> <span class='ocrx_word' id='word_1_70' title='bbox 1251 1288 1304 1352; x_wconf 87' lang='lat' dir='ltr'><strong>llei</strong></span> 
     </span>
     <span class='ocr_line' id='line_1_10' title="bbox 96 1369 1306 1451; baseline 0.003 -19"><span class='ocrx_word' id='word_1_71' title='bbox 96 1369 243 1434; x_wconf 75' lang='lat' dir='ltr'><strong>driniutis</strong></span> <span class='ocrx_word' id='word_1_72' title='bbox 264 1379 477 1450; x_wconf 60' lang='lat' dir='ltr'><strong>⁴argumentum</strong></span> <span class='ocrx_word' id='word_1_73' title='bbox 505 1372 566 1450; x_wconf 86' lang='lat' dir='ltr'><strong>peti</strong></span> <span class='ocrx_word' id='word_1_74' title='bbox 593 1389 684 1451; x_wconf 88' lang='lat' dir='ltr'><strong>posse</strong></span> <span class='ocrx_word' id='word_1_75' title='bbox 705 1379 810 1450; x_wconf 82' lang='lat' dir='ltr'><strong>putant</strong></span> <span class='ocrx_word' id='word_1_76' title='bbox 831 1389 867 1431; x_wconf 84' lang='lat' dir='ltr'><strong>ex</strong></span> <span class='ocrx_word' id='word_1_77' title='bbox 888 1370 937 1430; x_wconf 90' lang='lat' dir='ltr'><strong>his</strong></span> <span class='ocrx_word' id='word_1_78' title='bbox 958 1370 1037 1432; x_wconf 89' lang='lat' dir='ltr'><strong>illius</strong></span> <span class='ocrx_word' id='word_1_79' title='bbox 1060 1371 1175 1434; x_wconf 83' lang='lat' dir='ltr'><strong>vorbis:</strong></span> <span class='ocrx_word' id='word_1_80' title='bbox 1212 1372 1306 1436; x_wconf 85' lang='lat' dir='ltr'><strong>Putet·</strong></span> 
     </span>
     <span class='ocr_line' id='line_1_11' title="bbox 96 1455 1305 1538; baseline 0.002 -20"><span class='ocrx_word' id='word_1_81' title='bbox 96 1465 149 1518; x_wconf 88' lang='lat' dir='ltr'><strong>teto</strong></span> <span class='ocrx_word' id='word_1_82' title='bbox 168 1457 342 1520; x_wconf 79' lang='lat' dir='ltr'><strong>sedatotttt&#39;o</strong></span> <span class='ocrx_word' id='word_1_83' title='bbox 362 1467 418 1526; x_wconf 85' lang='lat' dir='ltr'><strong>est,</strong></span> <span class='ocrx_word' id='word_1_84' title='bbox 449 1455 546 1518; x_wconf 68' lang='lat' dir='ltr'><strong>retius</strong></span> <span class='ocrx_word' id='word_1_85' title='bbox 567 1473 641 1518; x_wconf 88' lang='lat' dir='ltr'><strong>uero</strong></span> <span class='ocrx_word' id='word_1_86' title='bbox 664 1457 811 1518; x_wconf 60' lang='lat' dir='ltr'><strong>dometio</strong></span> <span class='ocrx_word' id='word_1_87' title='bbox 834 1458 927 1518; x_wconf 83' lang='lat' dir='ltr'><strong>tott&#39;tts</strong></span> <span class='ocrx_word' id='word_1_88' title='bbox 951 1465 979 1516; x_wconf 91' lang='lat' dir='ltr'><strong>et</strong></span> <span class='ocrx_word' id='word_1_89' title='bbox 998 1460 1113 1535; x_wconf 82' lang='lat' dir='ltr'><strong>portio,</strong></span> <span class='ocrx_word' id='word_1_90' title='bbox 1142 1459 1221 1518; x_wconf 74' lang='lat' dir='ltr'><strong>simet</strong></span> <span class='ocrx_word' id='word_1_91' title='bbox 1240 1460 1305 1538; x_wconf 77' lang='lat' dir='ltr'><strong>ipae</strong></span> 
     </span>
     <span class='ocr_line' id='line_1_12' title="bbox 93 1538 1305 1620; baseline 0.004 -21"><span class='ocrx_word' id='word_1_92' title='bbox 93 1539 264 1620; x_wconf 72' lang='lat' dir='ltr'><strong>profitetur:</strong></span> <span class='ocrx_word' id='word_1_93' title='bbox 299 1538 394 1602; x_wconf 85' lang='lat' dir='ltr'><strong>Pater</strong></span> <span class='ocrx_word' id='word_1_94' title='bbox 420 1545 519 1602; x_wconf 78' lang='lat' dir='ltr'><strong>motor</strong></span> <span class='ocrx_word' id='word_1_95' title='bbox 545 1558 592 1602; x_wconf 85' lang='lat' dir='ltr'><strong>nte</strong></span> <span class='ocrx_word' id='word_1_96' title='bbox 620 1550 676 1604; x_wconf 84' lang='lat' dir='ltr'><strong>est.</strong></span> <span class='ocrx_word' id='word_1_97' title='bbox 725 1543 750 1600; x_wconf 78' lang='lat' dir='ltr'><strong><em>A</em></strong></span> <span class='ocrx_word' id='word_1_98' title='bbox 779 1556 837 1620; x_wconf 83' lang='lat' dir='ltr'><strong>quo</strong></span> <span class='ocrx_word' id='word_1_99' title='bbox 865 1549 894 1602; x_wconf 90' lang='lat' dir='ltr'><strong>et</strong></span> <span class='ocrx_word' id='word_1_100' title='bbox 920 1542 1093 1604; x_wconf 76' lang='lat' dir='ltr'><strong>minoratus</strong></span> <span class='ocrx_word' id='word_1_101' title='bbox 1123 1543 1245 1602; x_wconf 80' lang='lat' dir='ltr'><strong>metitur</strong></span> <span class='ocrx_word' id='word_1_102' title='bbox 1271 1545 1305 1604; x_wconf 85' lang='lat' dir='ltr'><strong>iss</strong></span> 
     </span>
     <span class='ocr_line' id='line_1_13' title="bbox 93 1622 1305 1705; baseline 0.002 -19"><span class='ocrx_word' id='word_1_103' title='bbox 93 1625 206 1702; x_wconf 75' lang='lat' dir='ltr'><strong>puleio,</strong></span> <span class='ocrx_word' id='word_1_104' title='bbox 234 1625 385 1686; x_wconf 78' lang='lat' dir='ltr'><strong>modicum</strong></span> <span class='ocrx_word' id='word_1_105' title='bbox 413 1625 483 1705; x_wconf 81' lang='lat' dir='ltr'><strong>quid</strong></span> <span class='ocrx_word' id='word_1_106' title='bbox 511 1628 590 1686; x_wconf 82' lang='lat' dir='ltr'><strong>nitro</strong></span> <span class='ocrx_word' id='word_1_107' title='bbox 617 1623 750 1704; x_wconf 79' lang='lat' dir='ltr'><strong>ooqelos.</strong></span> <span class='ocrx_word' id='word_1_108' title='bbox 795 1623 845 1684; x_wconf 82' lang='lat' dir='ltr'><strong>St&#39;o</strong></span> <span class='ocrx_word' id='word_1_109' title='bbox 867 1622 959 1686; x_wconf 86' lang='lat' dir='ltr'><strong>Poter</strong></span> <span class='ocrx_word' id='word_1_110' title='bbox 980 1623 1061 1686; x_wconf 81' lang='lat' dir='ltr'><strong>oliuo</strong></span> <span class='ocrx_word' id='word_1_111' title='bbox 1084 1641 1103 1686; x_wconf 89' lang='lat' dir='ltr'><strong>o</strong></span> <span class='ocrx_word' id='word_1_112' title='bbox 1124 1623 1211 1696; x_wconf 76' lang='lat' dir='ltr'><strong>Filio,</strong></span> <span class='ocrx_word' id='word_1_113' title='bbox 1234 1627 1305 1688; x_wconf 80' lang='lat' dir='ltr'><strong>dunt</strong></span> 
     </span>
     <span class='ocr_line' id='line_1_14' title="bbox 96 1705 1304 1787; baseline 0.003 -19"><span class='ocrx_word' id='word_1_114' title='bbox 96 1705 161 1770; x_wconf 79' lang='lat' dir='ltr'><strong>Filio</strong></span> <span class='ocrx_word' id='word_1_115' title='bbox 179 1712 280 1770; x_wconf 83' lang='lat' dir='ltr'><strong>erutor</strong></span> <span class='ocrx_word' id='word_1_116' title='bbox 307 1707 442 1780; x_wconf 84' lang='lat' dir='ltr'><strong>(Tertull.</strong></span> <span class='ocrx_word' id='word_1_117' title='bbox 463 1707 514 1769; x_wconf 88' lang='lat' dir='ltr'><strong>lib.</strong></span> <span class='ocrx_word' id='word_1_118' title='bbox 537 1707 601 1769; x_wconf 85' lang='lat' dir='ltr'><strong>adv.</strong></span> <span class='ocrx_word' id='word_1_119' title='bbox 623 1708 710 1770; x_wconf 80' lang='lat' dir='ltr'><strong>Pras.</strong></span> <span class='ocrx_word' id='word_1_120' title='bbox 733 1725 797 1786; x_wconf 84' lang='lat' dir='ltr'><strong>eap.</strong></span> <span class='ocrx_word' id='word_1_121' title='bbox 819 1709 874 1783; x_wconf 89' lang='grc'><strong>9.).</strong></span> <span class='ocrx_word' id='word_1_122' title='bbox 917 1706 1023 1770; x_wconf 85' lang='lat' dir='ltr'><strong>Nonne</strong></span> <span class='ocrx_word' id='word_1_123' title='bbox 1045 1726 1127 1787; x_wconf 71' lang='lat' dir='ltr'><strong>erqo,</strong></span> <span class='ocrx_word' id='word_1_124' title='bbox 1159 1708 1304 1787; x_wconf 88' lang='lat' dir='ltr'><strong>inquiunt,</strong></span> 
     </span>
     <span class='ocr_line' id='line_1_15' title="bbox 96 1789 1304 1872; baseline 0.003 -20"><span class='ocrx_word' id='word_1_125' title='bbox 96 1789 135 1852; x_wconf 91' lang='lat' dir='ltr'><strong>ille</strong></span> <span class='ocrx_word' id='word_1_126' title='bbox 159 1791 197 1854; x_wconf 85' lang='lat' dir='ltr'><strong>ini</strong></span> <span class='ocrx_word' id='word_1_127' title='bbox 224 1800 328 1872; x_wconf 84' lang='lat' dir='ltr'><strong>aperte</strong></span> <span class='ocrx_word' id='word_1_128' title='bbox 357 1792 503 1870; x_wconf 78' lang='lat' dir='ltr'><strong>signifieat</strong></span> <span class='ocrx_word' id='word_1_129' title='bbox 530 1792 561 1854; x_wconf 89' lang='lat' dir='ltr'><strong>iu</strong></span> <span class='ocrx_word' id='word_1_130' title='bbox 582 1792 669 1854; x_wconf 87' lang='lat' dir='ltr'><strong>Patro</strong></span> <span class='ocrx_word' id='word_1_131' title='bbox 697 1792 810 1854; x_wconf 86' lang='lat' dir='ltr'><strong>maiore</strong></span> <span class='ocrx_word' id='word_1_132' title='bbox 831 1791 906 1854; x_wconf 87' lang='lat' dir='ltr'><strong>Filio</strong></span> <span class='ocrx_word' id='word_1_133' title='bbox 934 1799 1025 1852; x_wconf 88' lang='lat' dir='ltr'><strong>totam</strong></span> <span class='ocrx_word' id='word_1_134' title='bbox 1054 1811 1123 1854; x_wconf 88' lang='lat' dir='ltr'><strong>ease</strong></span> <span class='ocrx_word' id='word_1_135' title='bbox 1144 1792 1304 1862; x_wconf 84' lang='lat' dir='ltr'><strong>divinitalis</strong></span> 
     </span>
     <span class='ocr_line' id='line_1_16' title="bbox 96 1875 1303 1956; baseline 0.002 -19"><span class='ocrx_word' id='word_1_136' title='bbox 96 1875 287 1948; x_wconf 78' lang='lat' dir='ltr'><strong>substantiam,</strong></span> <span class='ocrx_word' id='word_1_137' title='bbox 315 1884 346 1937; x_wconf 91' lang='lat' dir='ltr'><strong>et</strong></span> <span class='ocrx_word' id='word_1_138' title='bbox 373 1875 499 1956; x_wconf 87' lang='lat' dir='ltr'><strong>aliquam</strong></span> <span class='ocrx_word' id='word_1_139' title='bbox 528 1883 640 1938; x_wconf 86' lang='lat' dir='ltr'><strong>tontum</strong></span> <span class='ocrx_word' id='word_1_140' title='bbox 668 1877 836 1956; x_wconf 88' lang='lat' dir='ltr'><strong>pontionem</strong></span> <span class='ocrx_word' id='word_1_141' title='bbox 865 1877 895 1937; x_wconf 93' lang='lat' dir='ltr'><strong>itt</strong></span> <span class='ocrx_word' id='word_1_142' title='bbox 921 1875 1007 1948; x_wconf 83' lang='lat' dir='ltr'><strong>Filio,</strong></span> <span class='ocrx_word' id='word_1_143' title='bbox 1038 1877 1089 1955; x_wconf 90' lang='lat' dir='ltr'><strong>qui</strong></span> <span class='ocrx_word' id='word_1_144' title='bbox 1115 1877 1225 1940; x_wconf 84' lang='lat' dir='ltr'><strong>idcireo</strong></span> <span class='ocrx_word' id='word_1_145' title='bbox 1253 1878 1303 1942; x_wconf 92' lang='lat' dir='ltr'><strong>illo</strong></span> 
     </span>
     <span class='ocr_line' id='line_1_17' title="bbox 95 1957 1303 2040; baseline 0.003 -20"><span class='ocrx_word' id='word_1_146' title='bbox 95 1957 182 2022; x_wconf 89' lang='lat' dir='ltr'><strong>minor</strong></span> <span class='ocrx_word' id='word_1_147' title='bbox 204 1959 276 2022; x_wconf 80' lang='lat' dir='ltr'><strong>est?</strong></span> <span class='ocrx_word' id='word_1_148' title='bbox 319 1959 402 2022; x_wconf 90' lang='lat' dir='ltr'><strong>ltane</strong></span> <span class='ocrx_word' id='word_1_149' title='bbox 424 1978 495 2022; x_wconf 88' lang='lat' dir='ltr'><strong>nero</strong></span> <span class='ocrx_word' id='word_1_150' title='bbox 523 1960 572 2022; x_wconf 90' lang='lat' dir='ltr'><strong>ille</strong></span> <span class='ocrx_word' id='word_1_151' title='bbox 601 1960 674 2023; x_wconf 85' lang='lat' dir='ltr'><strong>dixit</strong></span> <span class='ocrx_word' id='word_1_152' title='bbox 693 1960 800 2022; x_wconf 85' lang='lat' dir='ltr'><strong>Filium</strong></span> <span class='ocrx_word' id='word_1_153' title='bbox 828 1979 895 2022; x_wconf 86' lang='lat' dir='ltr'><strong>esse</strong></span> <span class='ocrx_word' id='word_1_154' title='bbox 917 1959 1063 2022; x_wconf 87' lang='lat' dir='ltr'><strong>minorem</strong></span> <span class='ocrx_word' id='word_1_155' title='bbox 1085 1960 1183 2035; x_wconf 87' lang='lat' dir='ltr'><strong>Patre,</strong></span> <span class='ocrx_word' id='word_1_156' title='bbox 1204 1980 1303 2040; x_wconf 75' lang='lat' dir='ltr'><strong>quem</strong></span> 
     </span>
     <span class='ocr_line' id='line_1_18' title="bbox 94 2044 1302 2126; baseline 0.001 -22"><span class='ocrx_word' id='word_1_157' title='bbox 94 2051 123 2104; x_wconf 91' lang='lat' dir='ltr'><strong>nt</strong></span> <span class='ocrx_word' id='word_1_158' title='bbox 144 2053 222 2106; x_wconf 86' lang='lat' dir='ltr'><strong>mtea</strong></span> <span class='ocrx_word' id='word_1_159' title='bbox 252 2044 447 2118; x_wconf 77' lang='lat' dir='ltr'><strong>ostendimus,</strong></span> <span class='ocrx_word' id='word_1_160' title='bbox 477 2045 605 2108; x_wconf 86' lang='lat' dir='ltr'><strong>asseruit</strong></span> <span class='ocrx_word' id='word_1_161' title='bbox 624 2045 703 2107; x_wconf 86' lang='lat' dir='ltr'><strong>Patri</strong></span> <span class='ocrx_word' id='word_1_162' title='bbox 731 2063 798 2106; x_wconf 88' lang='lat' dir='ltr'><strong>esse</strong></span> <span class='ocrx_word' id='word_1_163' title='bbox 824 2063 937 2124; x_wconf 85' lang='lat' dir='ltr'><strong>parem,</strong></span> <span class='ocrx_word' id='word_1_164' title='bbox 965 2044 992 2106; x_wconf 89' lang='lat' dir='ltr'><strong>ei</strong></span> <span class='ocrx_word' id='word_1_165' title='bbox 1012 2049 1143 2124; x_wconf 79' lang='lat' dir='ltr'><strong>puriori,</strong></span> <span class='ocrx_word' id='word_1_166' title='bbox 1173 2047 1302 2126; x_wconf 81' lang='lat' dir='ltr'><strong>aequari,</strong></span> 
     </span>
     <span class='ocr_line' id='line_1_19' title="bbox 95 2124 1304 2208; baseline 0.003 -18"><span class='ocrx_word' id='word_1_167' title='bbox 95 2124 163 2207; x_wconf 73' lang='lat' dir='ltr'><strong>imgi</strong></span> <span class='ocrx_word' id='word_1_168' title='bbox 192 2147 251 2190; x_wconf 84' lang='lat' dir='ltr'><strong>nee</strong></span> <span class='ocrx_word' id='word_1_169' title='bbox 270 2128 321 2190; x_wconf 92' lang='lat' dir='ltr'><strong>illo</strong></span> <span class='ocrx_word' id='word_1_170' title='bbox 343 2147 413 2190; x_wconf 87' lang='lat' dir='ltr'><strong>esse</strong></span> <span class='ocrx_word' id='word_1_171' title='bbox 433 2129 590 2203; x_wconf 89' lang='lat' dir='ltr'><strong>minorem,</strong></span> <span class='ocrx_word' id='word_1_172' title='bbox 619 2129 687 2208; x_wconf 85' lang='lat' dir='ltr'><strong>quia</strong></span> <span class='ocrx_word' id='word_1_173' title='bbox 709 2129 774 2208; x_wconf 85' lang='lat' dir='ltr'><strong>ipsa</strong></span> <span class='ocrx_word' id='word_1_174' title='bbox 796 2129 923 2190; x_wconf 83' lang='lat' dir='ltr'><strong>dixerat:</strong></span> <span class='ocrx_word' id='word_1_175' title='bbox 960 2127 1022 2206; x_wconf 74' lang='lat' dir='ltr'><strong>Boo</strong></span> <span class='ocrx_word' id='word_1_176' title='bbox 1044 2141 1074 2192; x_wconf 91' lang='lat' dir='ltr'><strong>et</strong></span> <span class='ocrx_word' id='word_1_177' title='bbox 1094 2128 1188 2194; x_wconf 83' lang='lat' dir='ltr'><strong>Pater</strong></span> <span class='ocrx_word' id='word_1_178' title='bbox 1209 2149 1304 2194; x_wconf 73' lang='lat' dir='ltr'><strong>mm</strong></span> 
     </span>
     <span class='ocr_line' id='line_1_20' title="bbox 96 2211 1304 2293; baseline 0.002 -19"><span class='ocrx_word' id='word_1_179' title='bbox 96 2211 210 2274; x_wconf 72' lang='lat' dir='ltr'><strong>mus?</strong></span> <span class='ocrx_word' id='word_1_180' title='bbox 233 2215 329 2292; x_wconf 85' lang='lat' dir='ltr'><strong>(supr.</strong></span> <span class='ocrx_word' id='word_1_181' title='bbox 353 2213 411 2276; x_wconf 87' lang='lat' dir='ltr'><strong>hoo</strong></span> <span class='ocrx_word' id='word_1_182' title='bbox 431 2232 494 2293; x_wconf 85' lang='lat' dir='ltr'><strong>oap.</strong></span> <span class='ocrx_word' id='word_1_183' title='bbox 516 2215 578 2276; x_wconf 78' lang='lat' dir='ltr'><strong>Art</strong></span> <span class='ocrx_word' id='word_1_184' title='bbox 597 2217 649 2290; x_wconf 87' lang='grc'><strong>1.).</strong></span> <span class='ocrx_word' id='word_1_185' title='bbox 693 2213 799 2276; x_wconf 87' lang='lat' dir='ltr'><strong>Nonne</strong></span> <span class='ocrx_word' id='word_1_186' title='bbox 822 2221 889 2274; x_wconf 89' lang='lat' dir='ltr'><strong>anto</strong></span> <span class='ocrx_word' id='word_1_187' title='bbox 911 2212 1025 2276; x_wconf 82' lang='lat' dir='ltr'><strong>obiecta</strong></span> <span class='ocrx_word' id='word_1_188' title='bbox 1047 2213 1134 2276; x_wconf 81' lang='lat' dir='ltr'><strong>nohis</strong></span> <span class='ocrx_word' id='word_1_189' title='bbox 1155 2213 1246 2276; x_wconf 84' lang='lat' dir='ltr'><strong>narba</strong></span> <span class='ocrx_word' id='word_1_190' title='bbox 1266 2214 1304 2278; x_wconf 88' lang='lat' dir='ltr'><strong>ab</strong></span> 
     </span>
     <span class='ocr_line' id='line_1_21' title="bbox 95 2296 1303 2380; baseline 0.007 -26"><span class='ocrx_word' id='word_1_191' title='bbox 95 2313 124 2354; x_wconf 89' lang='lat' dir='ltr'><strong>eo</strong></span> <span class='ocrx_word' id='word_1_192' title='bbox 143 2297 249 2360; x_wconf 85' lang='lat' dir='ltr'><strong>dietum</strong></span> <span class='ocrx_word' id='word_1_193' title='bbox 270 2297 411 2376; x_wconf 81' lang='lat' dir='ltr'><strong>legimus:</strong></span> <span class='ocrx_word' id='word_1_194' title='bbox 434 2298 474 2360; x_wconf 76' lang='lat' dir='ltr'><strong>dt</strong></span> <span class='ocrx_word' id='word_1_195' title='bbox 495 2317 650 2380; x_wconf 75' lang='lat' dir='ltr'><strong>eunqum</strong></span> <span class='ocrx_word' id='word_1_196' title='bbox 671 2309 864 2378; x_wconf 69' lang='lat' dir='ltr'><strong>separatura</strong></span> <span class='ocrx_word' id='word_1_197' title='bbox 877 2296 980 2369; x_wconf 83' lang='lat' dir='ltr'><strong>Putre,</strong></span> <span class='ocrx_word' id='word_1_198' title='bbox 1004 2309 1058 2360; x_wconf 86' lang='lat' dir='ltr'><strong>out</strong></span> <span class='ocrx_word' id='word_1_199' title='bbox 1072 2297 1153 2361; x_wconf 78' lang='lat' dir='ltr'><strong>otim</strong></span> <span class='ocrx_word' id='word_1_200' title='bbox 1167 2317 1186 2362; x_wconf 88' lang='lat' dir='ltr'><strong>tt</strong></span> <span class='ocrx_word' id='word_1_201' title='bbox 1200 2298 1303 2370; x_wconf 83' lang='lat' dir='ltr'><strong>Putre.</strong></span> 
     </span>
     <span class='ocr_line' id='line_1_22' title="bbox 94 2381 1303 2462; baseline 0.002 -21"><span class='ocrx_word' id='word_1_202' title='bbox 94 2385 166 2458; x_wconf 80' lang='lat' dir='ltr'><strong>quio:</strong></span> <span class='ocrx_word' id='word_1_203' title='bbox 186 2381 251 2462; x_wconf 80' lang='lat' dir='ltr'><strong>ltqo</strong></span> <span class='ocrx_word' id='word_1_204' title='bbox 274 2393 303 2444; x_wconf 87' lang='lat' dir='ltr'><strong>et</strong></span> <span class='ocrx_word' id='word_1_205' title='bbox 316 2381 411 2444; x_wconf 83' lang='lat' dir='ltr'><strong>Peter</strong></span> <span class='ocrx_word' id='word_1_206' title='bbox 430 2401 526 2444; x_wconf 81' lang='lat' dir='ltr'><strong>unum</strong></span> <span class='ocrx_word' id='word_1_207' title='bbox 547 2401 662 2444; x_wconf 81' lang='lat' dir='ltr'><strong>sumus.</strong></span> <span class='ocrx_word' id='word_1_208' title='bbox 693 2381 773 2444; x_wconf 83' lang='lat' dir='ltr'><strong>lloae</strong></span> <span class='ocrx_word' id='word_1_209' title='bbox 794 2385 855 2443; x_wconf 81' lang='lat' dir='ltr'><strong>erit</strong></span> <span class='ocrx_word' id='word_1_210' title='bbox 874 2381 1012 2462; x_wconf 77' lang='lat' dir='ltr'><strong>prodolrt&#39;</strong></span> <span class='ocrx_word' id='word_1_211' title='bbox 1027 2387 1178 2454; x_wconf 78' lang='lat' dir='ltr'><strong>veritatis,</strong></span> <span class='ocrx_word' id='word_1_212' title='bbox 1202 2393 1303 2446; x_wconf 83' lang='lat' dir='ltr'><strong>eustos</strong></span> 
     </span>
     <span class='ocr_line' id='line_1_23' title="bbox 94 2465 1304 2547; baseline 0.002 -22"><span class='ocrx_word' id='word_1_213' title='bbox 94 2469 227 2537; x_wconf 78' lang='lat' dir='ltr'><strong>mritott&#39;s,</strong></span> <span class='ocrx_word' id='word_1_214' title='bbox 253 2485 311 2547; x_wconf 82' lang='lat' dir='ltr'><strong>quo</strong></span> <span class='ocrx_word' id='word_1_215' title='bbox 330 2466 488 2547; x_wconf 82' lang='lat' dir='ltr'><strong>prolotuet</strong></span> <span class='ocrx_word' id='word_1_216' title='bbox 508 2469 634 2530; x_wconf 83' lang='lat' dir='ltr'><strong>dt&#39;oittteta</strong></span> <span class='ocrx_word' id='word_1_217' title='bbox 656 2465 766 2528; x_wconf 80' lang='lat' dir='ltr'><strong>Filium</strong></span> <span class='ocrx_word' id='word_1_218' title='bbox 789 2465 923 2536; x_wconf 85' lang='lat' dir='ltr'><strong>ol&#39;otre,</strong></span> <span class='ocrx_word' id='word_1_219' title='bbox 945 2466 998 2528; x_wconf 83' lang='lat' dir='ltr'><strong>sed</strong></span> <span class='ocrx_word' id='word_1_220' title='bbox 1018 2484 1081 2528; x_wconf 86' lang='lat' dir='ltr'><strong>ttott</strong></span> <span class='ocrx_word' id='word_1_221' title='bbox 1103 2465 1304 2546; x_wconf 76' lang='lat' dir='ltr'><strong>soporatum?</strong></span> 
     </span>
     <span class='ocr_line' id='line_1_24' title="bbox 93 2546 1302 2630; baseline 0.002 -20"><span class='ocrx_word' id='word_1_222' title='bbox 93 2546 173 2621; x_wconf 59' lang='lat' dir='ltr'><strong>(liilr.</strong></span> <span class='ocrx_word' id='word_1_223' title='bbox 194 2551 244 2612; x_wconf 84' lang='lat' dir='ltr'><strong>cit.</strong></span> <span class='ocrx_word' id='word_1_224' title='bbox 268 2568 331 2629; x_wconf 87' lang='lat' dir='ltr'><strong>cap.</strong></span> <span class='ocrx_word' id='word_1_225' title='bbox 356 2551 409 2626; x_wconf 86' lang='lat'><strong>8.).</strong></span> <span class='ocrx_word' id='word_1_226' title='bbox 452 2549 599 2629; x_wconf 87' lang='lat' dir='ltr'><strong>Numquid</strong></span> <span class='ocrx_word' id='word_1_227' title='bbox 628 2569 698 2629; x_wconf 81' lang='lat' dir='ltr'><strong>ergo</strong></span> <span class='ocrx_word' id='word_1_228' title='bbox 730 2550 851 2630; x_wconf 84' lang='lat' dir='ltr'><strong>putidae</strong></span> <span class='ocrx_word' id='word_1_229' title='bbox 878 2558 907 2610; x_wconf 87' lang='lat' dir='ltr'><strong>et</strong></span> <span class='ocrx_word' id='word_1_230' title='bbox 933 2549 1004 2612; x_wconf 89' lang='lat' dir='ltr'><strong>nulli</strong></span> <span class='ocrx_word' id='word_1_231' title='bbox 1031 2568 1159 2628; x_wconf 84' lang='lat' dir='ltr'><strong>unquam</strong></span> <span class='ocrx_word' id='word_1_232' title='bbox 1188 2551 1302 2614; x_wconf 84' lang='lat' dir='ltr'><strong>condo-</strong></span> 
     </span>
     <span class='ocr_line' id='line_1_25' title="bbox 94 2631 1349 2712; baseline 0 -20"><span class='ocrx_word' id='word_1_233' title='bbox 94 2635 193 2696; x_wconf 87' lang='lat' dir='ltr'><strong>nandae</strong></span> <span class='ocrx_word' id='word_1_234' title='bbox 220 2634 464 2697; x_wconf 81' lang='lat' dir='ltr'><strong>contradictionis</strong></span> <span class='ocrx_word' id='word_1_235' title='bbox 487 2635 727 2696; x_wconf 80' lang='lat' dir='ltr'><strong>condemnandus</strong></span> <span class='ocrx_word' id='word_1_236' title='bbox 749 2631 820 2696; x_wconf 77' lang='lat' dir='ltr'><strong>est?</strong></span> <span class='ocrx_word' id='word_1_237' title='bbox 862 2633 1012 2712; x_wconf 90' lang='lat' dir='ltr'><strong>Numquid</strong></span> <span class='ocrx_word' id='word_1_238' title='bbox 1032 2653 1055 2696; x_wconf 41' lang='lat' dir='ltr'><strong>av</strong></span> <span class='ocrx_word' id='word_1_239' title='bbox 1072 2653 1163 2696; x_wconf 84' lang='lat' dir='ltr'><strong>sensu</strong></span> <span class='ocrx_word' id='word_1_240' title='bbox 1186 2636 1303 2698; x_wconf 86' lang='lat' dir='ltr'><strong>animus</strong></span> <span class='ocrx_word' id='word_1_241' title='bbox 1343 2683 1349 2692; x_wconf 36' lang='lat' dir='ltr'><strong>t</strong></span> 
     </span>
     <span class='ocr_line' id='line_1_26' title="bbox 94 2715 1303 2798; baseline 0.001 -19"><span class='ocrx_word' id='word_1_242' title='bbox 94 2715 148 2780; x_wconf 79' lang='lat' dir='ltr'><strong>tius</strong></span> <span class='ocrx_word' id='word_1_243' title='bbox 167 2719 240 2780; x_wconf 86' lang='lat' dir='ltr'><strong>adeo</strong></span> <span class='ocrx_word' id='word_1_244' title='bbox 263 2736 393 2798; x_wconf 89' lang='lat' dir='ltr'><strong>unquam</strong></span> <span class='ocrx_word' id='word_1_245' title='bbox 414 2719 558 2781; x_wconf 88' lang='lat' dir='ltr'><strong>alienatus</strong></span> <span class='ocrx_word' id='word_1_246' title='bbox 580 2729 635 2792; x_wconf 85' lang='lat' dir='ltr'><strong>est,</strong></span> <span class='ocrx_word' id='word_1_247' title='bbox 657 2728 695 2780; x_wconf 89' lang='lat' dir='ltr'><strong>ut</strong></span> <span class='ocrx_word' id='word_1_248' title='bbox 711 2717 817 2780; x_wconf 82' lang='lat' dir='ltr'><strong>Filium</strong></span> <span class='ocrx_word' id='word_1_249' title='bbox 839 2717 947 2780; x_wconf 82' lang='lat' dir='ltr'><strong>dixerit</strong></span> <span class='ocrx_word' id='word_1_250' title='bbox 966 2717 1053 2779; x_wconf 87' lang='lat' dir='ltr'><strong>Patre</strong></span> <span class='ocrx_word' id='word_1_251' title='bbox 1080 2735 1135 2779; x_wconf 88' lang='lat' dir='ltr'><strong>suo</strong></span> <span class='ocrx_word' id='word_1_252' title='bbox 1158 2719 1303 2780; x_wconf 89' lang='lat' dir='ltr'><strong>minorem</strong></span> 
     </span>
     <span class='ocr_line' id='line_1_27' title="bbox 95 2799 1303 2882; baseline 0.002 -23"><span class='ocrx_word' id='word_1_253' title='bbox 95 2809 120 2860; x_wconf 91' lang='lat' dir='ltr'><strong>et</strong></span> <span class='ocrx_word' id='word_1_254' title='bbox 136 2819 193 2864; x_wconf 89' lang='lat' dir='ltr'><strong>non</strong></span> <span class='ocrx_word' id='word_1_255' title='bbox 214 2803 372 2876; x_wconf 86' lang='lat' dir='ltr'><strong>minorem,</strong></span> <span class='ocrx_word' id='word_1_256' title='bbox 394 2821 495 2882; x_wconf 87' lang='lat' dir='ltr'><strong>parom</strong></span> <span class='ocrx_word' id='word_1_257' title='bbox 517 2811 548 2865; x_wconf 92' lang='lat' dir='ltr'><strong>et</strong></span> <span class='ocrx_word' id='word_1_258' title='bbox 567 2821 629 2864; x_wconf 91' lang='lat' dir='ltr'><strong>non</strong></span> <span class='ocrx_word' id='word_1_259' title='bbox 652 2819 764 2882; x_wconf 84' lang='lat' dir='ltr'><strong>parem,</strong></span> <span class='ocrx_word' id='word_1_260' title='bbox 793 2819 885 2864; x_wconf 91' lang='lat' dir='ltr'><strong>unum</strong></span> <span class='ocrx_word' id='word_1_261' title='bbox 906 2819 972 2862; x_wconf 91' lang='lat' dir='ltr'><strong>cum</strong></span> <span class='ocrx_word' id='word_1_262' title='bbox 996 2799 1044 2860; x_wconf 91' lang='lat' dir='ltr'><strong>illo</strong></span> <span class='ocrx_word' id='word_1_263' title='bbox 1068 2809 1097 2862; x_wconf 87' lang='lat' dir='ltr'><strong>et</strong></span> <span class='ocrx_word' id='word_1_264' title='bbox 1119 2818 1179 2862; x_wconf 88' lang='lat' dir='ltr'><strong>non</strong></span> <span class='ocrx_word' id='word_1_265' title='bbox 1202 2820 1303 2874; x_wconf 88' lang='lat' dir='ltr'><strong>unum,</strong></span> 
     </span>
     <span class='ocr_line' id='line_1_28' title="bbox 95 2883 1303 2964; baseline 0 -18"><span class='ocrx_word' id='word_1_266' title='bbox 95 2883 141 2947; x_wconf 85' lang='lat' dir='ltr'><strong>nisi</strong></span> <span class='ocrx_word' id='word_1_267' title='bbox 167 2887 221 2949; x_wconf 81' lang='lat' dir='ltr'><strong>strln</strong></span> <span class='ocrx_word' id='word_1_268' title='bbox 250 2887 366 2950; x_wconf 83' lang='lat' dir='ltr'><strong>diversa</strong></span> <span class='ocrx_word' id='word_1_269' title='bbox 388 2885 527 2950; x_wconf 76' lang='lat' dir='ltr'><strong>ratione?</strong></span> <span class='ocrx_word' id='word_1_270' title='bbox 569 2887 607 2952; x_wconf 78' lang='lat' dir='ltr'><strong>Et</strong></span> <span class='ocrx_word' id='word_1_271' title='bbox 628 2895 707 2948; x_wconf 81' lang='lat' dir='ltr'><strong>corte</strong></span> <span class='ocrx_word' id='word_1_272' title='bbox 729 2885 801 2948; x_wconf 87' lang='lat' dir='ltr'><strong>satis</strong></span> <span class='ocrx_word' id='word_1_273' title='bbox 823 2903 839 2945; x_wconf 88' lang='lat' dir='ltr'><strong>a</strong></span> <span class='ocrx_word' id='word_1_274' title='bbox 861 2884 949 2946; x_wconf 85' lang='lat' dir='ltr'><strong>nohis</strong></span> <span class='ocrx_word' id='word_1_275' title='bbox 970 2883 1127 2964; x_wconf 87' lang='lat' dir='ltr'><strong>probatum</strong></span> <span class='ocrx_word' id='word_1_276' title='bbox 1149 2892 1197 2946; x_wconf 85' lang='lat' dir='ltr'><strong>est</strong></span> <span class='ocrx_word' id='word_1_277' title='bbox 1216 2903 1303 2964; x_wconf 90' lang='lat' dir='ltr'><strong>quam</strong></span> 
     </span>
     <span class='ocr_line' id='line_1_29' title="bbox 95 2965 1302 3046; baseline 0.002 -17"><span class='ocrx_word' id='word_1_278' title='bbox 95 2967 190 3032; x_wconf 85' lang='lat' dir='ltr'><strong>diserto</strong></span> <span class='ocrx_word' id='word_1_279' title='bbox 211 2971 260 3032; x_wconf 89' lang='lat' dir='ltr'><strong>illo</strong></span> <span class='ocrx_word' id='word_1_280' title='bbox 282 2971 417 3034; x_wconf 86' lang='lat' dir='ltr'><strong>docuerit</strong></span> <span class='ocrx_word' id='word_1_281' title='bbox 437 2990 525 3034; x_wconf 88' lang='lat' dir='ltr'><strong>unam</strong></span> <span class='ocrx_word' id='word_1_282' title='bbox 548 2989 615 3034; x_wconf 87' lang='lat' dir='ltr'><strong>ease</strong></span> <span class='ocrx_word' id='word_1_283' title='bbox 637 2971 669 3032; x_wconf 90' lang='lat' dir='ltr'><strong>in</strong></span> <span class='ocrx_word' id='word_1_284' title='bbox 689 2970 778 3031; x_wconf 89' lang='lat' dir='ltr'><strong>Patre</strong></span> <span class='ocrx_word' id='word_1_285' title='bbox 800 2979 830 3032; x_wconf 87' lang='lat' dir='ltr'><strong>et</strong></span> <span class='ocrx_word' id='word_1_286' title='bbox 849 2968 924 3030; x_wconf 87' lang='lat' dir='ltr'><strong>Filio</strong></span> <span class='ocrx_word' id='word_1_287' title='bbox 946 2965 1193 3046; x_wconf 80' lang='lat' dir='ltr'><strong>simplicissimam</strong></span> <span class='ocrx_word' id='word_1_288' title='bbox 1216 2977 1302 3032; x_wconf 89' lang='lat' dir='ltr'><strong>natu·</strong></span> 
     </span>
     <span class='ocr_line' id='line_1_30' title="bbox 95 3052 1304 3135; baseline 0.001 -21"><span class='ocrx_word' id='word_1_289' title='bbox 95 3069 148 3114; x_wconf 88' lang='lat' dir='ltr'><strong>narn</strong></span> <span class='ocrx_word' id='word_1_290' title='bbox 172 3073 206 3118; x_wconf 87' lang='lat' dir='ltr'><strong>ae</strong></span> <span class='ocrx_word' id='word_1_291' title='bbox 234 3054 438 3129; x_wconf 83' lang='lat' dir='ltr'><strong>substantiam,</strong></span> <span class='ocrx_word' id='word_1_292' title='bbox 466 3075 542 3135; x_wconf 80' lang='lat' dir='ltr'><strong>quae</strong></span> <span class='ocrx_word' id='word_1_293' title='bbox 570 3072 626 3116; x_wconf 89' lang='lat' dir='ltr'><strong>neo</strong></span> <span class='ocrx_word' id='word_1_294' title='bbox 652 3054 783 3132; x_wconf 86' lang='lat' dir='ltr'><strong>separari</strong></span> <span class='ocrx_word' id='word_1_295' title='bbox 810 3070 866 3114; x_wconf 85' lang='lat' dir='ltr'><strong>neo</strong></span> <span class='ocrx_word' id='word_1_296' title='bbox 892 3052 984 3114; x_wconf 84' lang='lat' dir='ltr'><strong>dividi</strong></span> <span class='ocrx_word' id='word_1_297' title='bbox 1005 3060 1112 3131; x_wconf 87' lang='lat' dir='ltr'><strong>potest.</strong></span> <span class='ocrx_word' id='word_1_298' title='bbox 1156 3053 1215 3114; x_wconf 89' lang='lat' dir='ltr'><strong>Sed</strong></span> <span class='ocrx_word' id='word_1_299' title='bbox 1236 3053 1304 3132; x_wconf 86' lang='lat' dir='ltr'><strong>quio</strong></span> 
     </span>
     <span class='ocr_line' id='line_1_31' title="bbox 94 3135 1304 3216; baseline -0.001 -17"><span class='ocrx_word' id='word_1_300' title='bbox 94 3135 208 3201; x_wconf 83' lang='lat' dir='ltr'><strong>Praxeas</strong></span> <span class='ocrx_word' id='word_1_301' title='bbox 230 3139 300 3202; x_wconf 87' lang='lat' dir='ltr'><strong>inde</strong></span> <span class='ocrx_word' id='word_1_302' title='bbox 322 3140 431 3202; x_wconf 83' lang='lat' dir='ltr'><strong>interro</strong></span> <span class='ocrx_word' id='word_1_303' title='bbox 452 3139 612 3202; x_wconf 87' lang='lat' dir='ltr'><strong>oonabatur</strong></span> <span class='ocrx_word' id='word_1_304' title='bbox 633 3138 758 3200; x_wconf 84' lang='lat' dir='ltr'><strong>eandem</strong></span> <span class='ocrx_word' id='word_1_305' title='bbox 779 3153 898 3216; x_wconf 89' lang='lat' dir='ltr'><strong>quoque</strong></span> <span class='ocrx_word' id='word_1_306' title='bbox 920 3155 988 3198; x_wconf 87' lang='lat' dir='ltr'><strong>esse</strong></span> <span class='ocrx_word' id='word_1_307' title='bbox 1002 3135 1119 3198; x_wconf 87' lang='lat' dir='ltr'><strong>illorum</strong></span> <span class='ocrx_word' id='word_1_308' title='bbox 1132 3154 1304 3215; x_wconf 84' lang='lat' dir='ltr'><strong>personam,</strong></span> 
     </span>
     <span class='ocr_line' id='line_1_32' title="bbox 94 3219 1304 3301; baseline 0.002 -19"><span class='ocrx_word' id='word_1_309' title='bbox 94 3219 153 3284; x_wconf 85' lang='lat' dir='ltr'><strong>ltine</strong></span> <span class='ocrx_word' id='word_1_310' title='bbox 176 3224 287 3286; x_wconf 81' lang='lat' dir='ltr'><strong>ductor</strong></span> <span class='ocrx_word' id='word_1_311' title='bbox 319 3232 424 3286; x_wconf 88' lang='lat' dir='ltr'><strong>noster</strong></span> <span class='ocrx_word' id='word_1_312' title='bbox 456 3224 586 3286; x_wconf 88' lang='lat' dir='ltr'><strong>ostendit</strong></span> <span class='ocrx_word' id='word_1_313' title='bbox 617 3241 673 3286; x_wconf 86' lang='lat' dir='ltr'><strong>eos</strong></span> <span class='ocrx_word' id='word_1_314' title='bbox 703 3240 765 3284; x_wconf 90' lang='lat' dir='ltr'><strong>non</strong></span> <span class='ocrx_word' id='word_1_315' title='bbox 793 3229 898 3283; x_wconf 81' lang='lat' dir='ltr'><strong>natura</strong></span> <span class='ocrx_word' id='word_1_316' title='bbox 926 3220 1059 3300; x_wconf 82' lang='lat' dir='ltr'><strong>quidem,</strong></span> <span class='ocrx_word' id='word_1_317' title='bbox 1094 3221 1147 3282; x_wconf 89' lang='lat' dir='ltr'><strong>sed</strong></span> <span class='ocrx_word' id='word_1_318' title='bbox 1175 3240 1304 3301; x_wconf 85' lang='lat' dir='ltr'><strong>persona</strong></span> 
     </span>
     <span class='ocr_line' id='line_1_33' title="bbox 94 3303 1355 3388; baseline 0 -18"><span class='ocrx_word' id='word_1_319' title='bbox 94 3303 231 3387; x_wconf 68' lang='lat' dir='ltr'><strong>drumm,</strong></span> <span class='ocrx_word' id='word_1_320' title='bbox 253 3309 322 3388; x_wconf 91' lang='lat' dir='ltr'><strong>quia</strong></span> <span class='ocrx_word' id='word_1_321' title='bbox 343 3307 435 3370; x_wconf 85' lang='lat' dir='ltr'><strong>Filius</strong></span> <span class='ocrx_word' id='word_1_322' title='bbox 457 3327 474 3370; x_wconf 92' lang='lat' dir='ltr'><strong>a</strong></span> <span class='ocrx_word' id='word_1_323' title='bbox 495 3309 583 3371; x_wconf 85' lang='lat' dir='ltr'><strong>Patre</strong></span> <span class='ocrx_word' id='word_1_324' title='bbox 606 3325 662 3370; x_wconf 89' lang='lat' dir='ltr'><strong>suo</strong></span> <span class='ocrx_word' id='word_1_325' title='bbox 684 3307 817 3386; x_wconf 87' lang='lat' dir='ltr'><strong>prolatus</strong></span> <span class='ocrx_word' id='word_1_326' title='bbox 839 3324 873 3367; x_wconf 85' lang='lat' dir='ltr'><strong>ae</strong></span> <span class='ocrx_word' id='word_1_327' title='bbox 886 3305 1003 3384; x_wconf 78' lang='lat' dir='ltr'><strong>genitus</strong></span> <span class='ocrx_word' id='word_1_328' title='bbox 1017 3314 1072 3366; x_wconf 87' lang='lat' dir='ltr'><strong>est.</strong></span> <span class='ocrx_word' id='word_1_329' title='bbox 1103 3305 1304 3378; x_wconf 77' lang='lat' dir='ltr'><strong>Quamobrem</strong></span> <span class='ocrx_word' id='word_1_330' title='bbox 1352 3333 1355 3340; x_wconf 93' lang='lat'>·</span> 
     </span>
     <span class='ocr_line' id='line_1_34' title="bbox 93 3389 1303 3472; baseline 0.002 -21"><span class='ocrx_word' id='word_1_331' title='bbox 93 3399 153 3466; x_wconf 82' lang='lat' dir='ltr'><strong>post</strong></span> <span class='ocrx_word' id='word_1_332' title='bbox 179 3392 227 3454; x_wconf 91' lang='lat' dir='ltr'><strong>illa</strong></span> <span class='ocrx_word' id='word_1_333' title='bbox 249 3393 325 3472; x_wconf 79' lang='lat' dir='ltr'><strong>ipsa,</strong></span> <span class='ocrx_word' id='word_1_334' title='bbox 353 3411 428 3472; x_wconf 85' lang='lat' dir='ltr'><strong>quae</strong></span> <span class='ocrx_word' id='word_1_335' title='bbox 450 3391 539 3455; x_wconf 85' lang='lat' dir='ltr'><strong>nohis</strong></span> <span class='ocrx_word' id='word_1_336' title='bbox 560 3391 749 3464; x_wconf 77' lang='lat' dir='ltr'><strong>obiiciantur,</strong></span> <span class='ocrx_word' id='word_1_337' title='bbox 777 3389 866 3452; x_wconf 85' lang='lat' dir='ltr'><strong>verba</strong></span> <span class='ocrx_word' id='word_1_338' title='bbox 887 3389 1074 3453; x_wconf 76' lang='lat' dir='ltr'><strong>continenter</strong></span> <span class='ocrx_word' id='word_1_339' title='bbox 1094 3390 1216 3454; x_wconf 78' lang='lat' dir='ltr'><strong>adiecit:</strong></span> <span class='ocrx_word' id='word_1_340' title='bbox 1253 3389 1303 3454; x_wconf 82' lang='lat' dir='ltr'><strong>St&#39;o</strong></span> 
     </span>
     <span class='ocr_line' id='line_1_35' title="bbox 93 3473 1304 3557; baseline 0.002 -22"><span class='ocrx_word' id='word_1_341' title='bbox 93 3473 222 3538; x_wconf 85' lang='lat' dir='ltr'><strong>ttPoter</strong></span> <span class='ocrx_word' id='word_1_342' title='bbox 243 3477 324 3540; x_wconf 74' lang='lat' dir='ltr'><strong>auos</strong></span> <span class='ocrx_word' id='word_1_343' title='bbox 346 3475 466 3548; x_wconf 71' lang='lat' dir='ltr'><strong>odilia,</strong></span> <span class='ocrx_word' id='word_1_344' title='bbox 489 3478 559 3538; x_wconf 82' lang='lat' dir='ltr'><strong>dum</strong></span> <span class='ocrx_word' id='word_1_345' title='bbox 580 3475 658 3540; x_wconf 77' lang='lat' dir='ltr'><strong>Filio</strong></span> <span class='ocrx_word' id='word_1_346' title='bbox 679 3479 789 3547; x_wconf 80' lang='lat' dir='ltr'><strong>maior,</strong></span> <span class='ocrx_word' id='word_1_347' title='bbox 813 3476 884 3536; x_wconf 83' lang='lat' dir='ltr'><strong>dueta</strong></span> <span class='ocrx_word' id='word_1_348' title='bbox 905 3473 985 3536; x_wconf 76' lang='lat' dir='ltr'><strong>oldus</strong></span> <span class='ocrx_word' id='word_1_349' title='bbox 1002 3479 1200 3557; x_wconf 81' lang='lat' dir='ltr'><strong>quiqeeterot‚</strong></span> <span class='ocrx_word' id='word_1_350' title='bbox 1222 3475 1304 3537; x_wconf 65' lang='lat' dir='ltr'><strong>ultus</strong></span> 
     </span>
     <span class='ocr_line' id='line_1_36' title="bbox 93 3558 1306 3642; baseline 0.003 -24"><span class='ocrx_word' id='word_1_351' title='bbox 93 3562 137 3636; x_wconf 77' lang='lat' dir='ltr'><strong>qui</strong></span> <span class='ocrx_word' id='word_1_352' title='bbox 152 3574 325 3638; x_wconf 66' lang='lat' dir='ltr'><strong>ueneratur,</strong></span> <span class='ocrx_word' id='word_1_353' title='bbox 347 3563 419 3624; x_wconf 81' lang='lat' dir='ltr'><strong>dum</strong></span> <span class='ocrx_word' id='word_1_354' title='bbox 440 3561 520 3624; x_wconf 67' lang='lat' dir='ltr'><strong>otus</strong></span> <span class='ocrx_word' id='word_1_355' title='bbox 543 3565 596 3642; x_wconf 84' lang='lat' dir='ltr'><strong>qui</strong></span> <span class='ocrx_word' id='word_1_356' title='bbox 613 3564 715 3632; x_wconf 85' lang='lat' dir='ltr'><strong>ett&#39;ttit,</strong></span> <span class='ocrx_word' id='word_1_357' title='bbox 737 3560 818 3622; x_wconf 74' lang='lat' dir='ltr'><strong>ottus</strong></span> <span class='ocrx_word' id='word_1_358' title='bbox 841 3563 895 3639; x_wconf 84' lang='lat' dir='ltr'><strong>qui</strong></span> <span class='ocrx_word' id='word_1_359' title='bbox 905 3562 1050 3635; x_wconf 78' lang='lat' dir='ltr'><strong>mittitur,</strong></span> <span class='ocrx_word' id='word_1_360' title='bbox 1072 3561 1143 3621; x_wconf 85' lang='lat' dir='ltr'><strong>dum</strong></span> <span class='ocrx_word' id='word_1_361' title='bbox 1157 3558 1238 3620; x_wconf 84' lang='lat' dir='ltr'><strong>ottus</strong></span> <span class='ocrx_word' id='word_1_362' title='bbox 1252 3561 1306 3639; x_wconf 83' lang='lat' dir='ltr'><strong>qttt‘</strong></span> 
     </span>
     <span class='ocr_line' id='line_1_37' title="bbox 92 3639 1312 3726; baseline 0.001 -23"><span class='ocrx_word' id='word_1_363' title='bbox 92 3639 165 3718; x_wconf 67' lang='lat' dir='ltr'><strong>leot,</strong></span> <span class='ocrx_word' id='word_1_364' title='bbox 185 3645 266 3707; x_wconf 80' lang='lat' dir='ltr'><strong>trtius</strong></span> <span class='ocrx_word' id='word_1_365' title='bbox 285 3663 345 3725; x_wconf 76' lang='lat' dir='ltr'><strong>pes</strong></span> <span class='ocrx_word' id='word_1_366' title='bbox 364 3663 451 3726; x_wconf 59' lang='lat' dir='ltr'><strong>metet</strong></span> <span class='ocrx_word' id='word_1_367' title='bbox 470 3645 518 3726; x_wconf 75' lang='lat' dir='ltr'><strong>fit.</strong></span> <span class='ocrx_word' id='word_1_368' title='bbox 561 3645 640 3708; x_wconf 81' lang='lat' dir='ltr'><strong>Betae</strong></span> <span class='ocrx_word' id='word_1_369' title='bbox 661 3645 741 3724; x_wconf 80' lang='lat' dir='ltr'><strong>qood</strong></span> <span class='ocrx_word' id='word_1_370' title='bbox 761 3652 791 3706; x_wconf 93' lang='lat' dir='ltr'><strong>et</strong></span> <span class='ocrx_word' id='word_1_371' title='bbox 812 3642 961 3706; x_wconf 80' lang='lat' dir='ltr'><strong>Dominus</strong></span> <span class='ocrx_word' id='word_1_372' title='bbox 982 3661 1058 3706; x_wconf 83' lang='lat' dir='ltr'><strong>usus</strong></span> <span class='ocrx_word' id='word_1_373' title='bbox 1081 3643 1135 3706; x_wconf 84' lang='lat' dir='ltr'><strong>ltoo</strong></span> <span class='ocrx_word' id='word_1_374' title='bbox 1157 3641 1249 3704; x_wconf 83' lang='lat' dir='ltr'><strong>nerto</strong></span> <span class='ocrx_word' id='word_1_375' title='bbox 1270 3645 1312 3714; x_wconf 73' lang='lat' dir='ltr'><strong>itt¹</strong></span> 
     </span>
     <span class='ocr_line' id='line_1_38' title="bbox 92 3723 1302 3809; baseline -0.002 -22"><span class='ocrx_word' id='word_1_376' title='bbox 92 3741 211 3801; x_wconf 74' lang='lat' dir='ltr'><strong>peram</strong></span> <span class='ocrx_word' id='word_1_377' title='bbox 229 3728 385 3793; x_wconf 82' lang='lat' dir='ltr'><strong>Poruolett&#39;</strong></span> <span class='ocrx_word' id='word_1_378' title='bbox 403 3747 468 3792; x_wconf 79' lang='lat' dir='ltr'><strong>non</strong></span> <span class='ocrx_word' id='word_1_379' title='bbox 489 3729 666 3792; x_wconf 77' lang='lat' dir='ltr'><strong>divisionem</strong></span> <span class='ocrx_word' id='word_1_380' title='bbox 687 3728 879 3809; x_wconf 75' lang='lat' dir='ltr'><strong>siqnifioum&#39;t,</strong></span> <span class='ocrx_word' id='word_1_381' title='bbox 902 3728 954 3789; x_wconf 86' lang='lat' dir='ltr'><strong>sed</strong></span> <span class='ocrx_word' id='word_1_382' title='bbox 972 3728 1218 3806; x_wconf 77' lang='lat' dir='ltr'><strong>dispositionem:</strong></span> <span class='ocrx_word' id='word_1_383' title='bbox 1240 3723 1302 3786; x_wconf 83' lang='lat' dir='ltr'><strong>do·</strong></span> 
     </span>
     <span class='ocr_line' id='line_1_39' title="bbox 94 3806 1303 3894; baseline -0.002 -23"><span class='ocrx_word' id='word_1_384' title='bbox 94 3809 158 3886; x_wconf 74' lang='lat' dir='ltr'><strong>uelo</strong></span> <span class='ocrx_word' id='word_1_385' title='bbox 179 3818 265 3884; x_wconf 66' lang='lat' dir='ltr'><strong>meet,</strong></span> <span class='ocrx_word' id='word_1_386' title='bbox 286 3817 394 3894; x_wconf 78' lang='lat' dir='ltr'><strong>inquit,</strong></span> <span class='ocrx_word' id='word_1_387' title='bbox 417 3812 549 3890; x_wconf 79' lang='lat' dir='ltr'><strong>Petreio,</strong></span> <span class='ocrx_word' id='word_1_388' title='bbox 571 3823 603 3875; x_wconf 83' lang='lat' dir='ltr'><strong>et</strong></span> <span class='ocrx_word' id='word_1_389' title='bbox 622 3811 717 3874; x_wconf 79' lang='lat' dir='ltr'><strong>ultum</strong></span> <span class='ocrx_word' id='word_1_390' title='bbox 731 3813 911 3874; x_wconf 83' lang='lat' dir='ltr'><strong>odvoeotttet</strong></span> <span class='ocrx_word' id='word_1_391' title='bbox 924 3815 1020 3872; x_wconf 82' lang='lat' dir='ltr'><strong>mt&#39;ttel</strong></span> <span class='ocrx_word' id='word_1_392' title='bbox 1035 3809 1130 3880; x_wconf 82' lang='lat' dir='ltr'><strong>vodis,</strong></span> <span class='ocrx_word' id='word_1_393' title='bbox 1154 3806 1303 3885; x_wconf 64' lang='lat' dir='ltr'><strong>Spintum</strong></span> 
     </span>
     <span class='ocr_line' id='line_1_40' title="bbox 93 3889 1303 3976; baseline -0.003 -20"><span class='ocrx_word' id='word_1_394' title='bbox 93 3899 229 3959; x_wconf 65' lang='lat' dir='ltr'><strong>tellude.</strong></span> <span class='ocrx_word' id='word_1_395' title='bbox 259 3897 308 3960; x_wconf 79' lang='lat' dir='ltr'><strong>Sin</strong></span> <span class='ocrx_word' id='word_1_396' title='bbox 330 3897 425 3960; x_wconf 69' lang='lat' dir='ltr'><strong>dom</strong></span> <span class='ocrx_word' id='word_1_397' title='bbox 446 3915 466 3958; x_wconf 91' lang='lat' dir='ltr'><strong>o</strong></span> <span class='ocrx_word' id='word_1_398' title='bbox 487 3915 520 3960; x_wconf 85' lang='lat' dir='ltr'><strong>aa</strong></span> <span class='ocrx_word' id='word_1_399' title='bbox 540 3895 743 3967; x_wconf 86' lang='lat' dir='ltr'><strong>Poruoletttstt,</strong></span> <span class='ocrx_word' id='word_1_400' title='bbox 766 3895 911 3976; x_wconf 67' lang='lat' dir='ltr'><strong>quemme</strong></span> <span class='ocrx_word' id='word_1_401' title='bbox 933 3905 962 3956; x_wconf 84' lang='lat' dir='ltr'><strong>et</strong></span> <span class='ocrx_word' id='word_1_402' title='bbox 983 3911 1040 3958; x_wconf 88' lang='lat' dir='ltr'><strong>ttoa</strong></span> <span class='ocrx_word' id='word_1_403' title='bbox 1062 3890 1188 3954; x_wconf 86' lang='lat' dir='ltr'><strong>oPotre</strong></span> <span class='ocrx_word' id='word_1_404' title='bbox 1209 3889 1303 3952; x_wconf 85' lang='lat' dir='ltr'><strong>olium</strong></span> 
     </span>
     <span class='ocr_line' id='line_1_41' title="bbox 94 3973 1304 4060; baseline -0.003 -18"><span class='ocrx_word' id='word_1_405' title='bbox 94 3973 202 4058; x_wconf 68' lang='lat' dir='ltr'><strong>Filium,</strong></span> <span class='ocrx_word' id='word_1_406' title='bbox 224 3991 260 4044; x_wconf 84' lang='lat' dir='ltr'><strong>ut</strong></span> <span class='ocrx_word' id='word_1_407' title='bbox 280 3985 407 4045; x_wconf 70' lang='lat' dir='ltr'><strong>tertium</strong></span> <span class='ocrx_word' id='word_1_408' title='bbox 428 3983 557 4060; x_wconf 66' lang='lat' dir='ltr'><strong>aretium</strong></span> <span class='ocrx_word' id='word_1_409' title='bbox 579 3981 750 4044; x_wconf 70' lang='lat' dir='ltr'><strong>ostenderet</strong></span> <span class='ocrx_word' id='word_1_410' title='bbox 770 3983 804 4052; x_wconf 75' lang='lat' dir='ltr'><strong>iq</strong></span> <span class='ocrx_word' id='word_1_411' title='bbox 825 3978 995 4047; x_wconf 88' lang='lat' dir='ltr'><strong>Poroeleto,</strong></span> <span class='ocrx_word' id='word_1_412' title='bbox 1018 3981 1097 4040; x_wconf 83' lang='lat' dir='ltr'><strong>sieut</strong></span> <span class='ocrx_word' id='word_1_413' title='bbox 1117 3992 1173 4038; x_wconf 81' lang='lat' dir='ltr'><strong>stoa</strong></span> <span class='ocrx_word' id='word_1_414' title='bbox 1197 3993 1304 4038; x_wconf 78' lang='lat' dir='ltr'><strong>aeme-</strong></span> 
     </span>
     <span class='ocr_line' id='line_1_42' title="bbox 94 4058 1211 4148; baseline -0.003 -24"><span class='ocrx_word' id='word_1_415' title='bbox 94 4058 154 4124; x_wconf 78' lang='lat' dir='ltr'><strong>tttst</strong></span> <span class='ocrx_word' id='word_1_416' title='bbox 173 4069 206 4126; x_wconf 83' lang='lat' dir='ltr'><strong>itt</strong></span> <span class='ocrx_word' id='word_1_417' title='bbox 228 4063 315 4138; x_wconf 75' lang='lat' dir='ltr'><strong>netto,</strong></span> <span class='ocrx_word' id='word_1_418' title='bbox 334 4076 468 4148; x_wconf 76' lang='lat' dir='ltr'><strong>propter</strong></span> <span class='ocrx_word' id='word_1_419' title='bbox 490 4069 678 4129; x_wconf 80' lang='lat' dir='ltr'><strong>oeeoetotttt&#39;oe</strong></span> <span class='ocrx_word' id='word_1_420' title='bbox 700 4063 942 4128; x_wconf 76' lang='lat' dir='ltr'><strong>obseruationem</strong></span> <span class='ocrx_word' id='word_1_421' title='bbox 964 4059 1050 4134; x_wconf 80' lang='lat' dir='ltr'><strong>(liniti.</strong></span> <span class='ocrx_word' id='word_1_422' title='bbox 1072 4075 1135 4138; x_wconf 85' lang='lat' dir='ltr'><strong>esp.</strong></span> <span class='ocrx_word' id='word_1_423' title='bbox 1158 4060 1211 4135; x_wconf 83' lang='grc'><strong>9.).</strong></span> 
     </span>
    </p>

    <p class='ocr_par' dir='ltr' id='par_1_6' title="bbox 92 4141 1304 4654">
     <span class='ocr_line' id='line_1_43' title="bbox 165 4141 1304 4220; baseline -0.004 -10"><span class='ocrx_word' id='word_1_424' title='bbox 165 4146 244 4211; x_wconf 84' lang='lat' dir='ltr'><strong>[luas</strong></span> <span class='ocrx_word' id='word_1_425' title='bbox 264 4158 362 4214; x_wconf 85' lang='lat' dir='ltr'><strong>autern</strong></span> <span class='ocrx_word' id='word_1_426' title='bbox 384 4148 426 4212; x_wconf 86' lang='lat' dir='ltr'><strong>ibi</strong></span> <span class='ocrx_word' id='word_1_427' title='bbox 448 4149 546 4212; x_wconf 83' lang='lat' dir='ltr'><strong>reddit</strong></span> <span class='ocrx_word' id='word_1_428' title='bbox 573 4149 715 4220; x_wconf 82' lang='lat' dir='ltr'><strong>rationes,</strong></span> <span class='ocrx_word' id='word_1_429' title='bbox 743 4165 796 4210; x_wconf 88' lang='lat' dir='ltr'><strong>our</strong></span> <span class='ocrx_word' id='word_1_430' title='bbox 816 4147 904 4208; x_wconf 86' lang='lat' dir='ltr'><strong>Pater</strong></span> <span class='ocrx_word' id='word_1_431' title='bbox 926 4144 1021 4206; x_wconf 88' lang='lat' dir='ltr'><strong>maior</strong></span> <span class='ocrx_word' id='word_1_432' title='bbox 1042 4151 1073 4204; x_wconf 89' lang='lat' dir='ltr'><strong>et</strong></span> <span class='ocrx_word' id='word_1_433' title='bbox 1092 4141 1184 4204; x_wconf 85' lang='lat' dir='ltr'><strong>Filius</strong></span> <span class='ocrx_word' id='word_1_434' title='bbox 1206 4141 1304 4206; x_wconf 90' lang='lat' dir='ltr'><strong>minor</strong></span> 
     </span>
     <span class='ocr_line' id='line_1_44' title="bbox 93 4223 1303 4313; baseline -0.002 -19"><span class='ocrx_word' id='word_1_435' title='bbox 93 4223 201 4294; x_wconf 66' lang='lat' dir='ltr'><strong>tiator.</strong></span> <span class='ocrx_word' id='word_1_436' title='bbox 232 4232 329 4296; x_wconf 86' lang='lat' dir='ltr'><strong>Prima</strong></span> <span class='ocrx_word' id='word_1_437' title='bbox 351 4242 408 4308; x_wconf 87' lang='lat' dir='ltr'><strong>ost,</strong></span> <span class='ocrx_word' id='word_1_438' title='bbox 430 4233 498 4313; x_wconf 88' lang='lat' dir='ltr'><strong>quia</strong></span> <span class='ocrx_word' id='word_1_439' title='bbox 518 4234 607 4296; x_wconf 87' lang='lat' dir='ltr'><strong>Pater</strong></span> <span class='ocrx_word' id='word_1_440' title='bbox 627 4231 733 4296; x_wconf 84' lang='lat' dir='ltr'><strong>Filium</strong></span> <span class='ocrx_word' id='word_1_441' title='bbox 753 4231 844 4304; x_wconf 80' lang='lat' dir='ltr'><strong>misit,</strong></span> <span class='ocrx_word' id='word_1_442' title='bbox 867 4238 901 4292; x_wconf 92' lang='lat' dir='ltr'><strong>ut</strong></span> <span class='ocrx_word' id='word_1_443' title='bbox 912 4228 1006 4293; x_wconf 83' lang='lat' dir='ltr'><strong>Filius</strong></span> <span class='ocrx_word' id='word_1_444' title='bbox 1027 4227 1153 4290; x_wconf 88' lang='lat' dir='ltr'><strong>mittitur</strong></span> <span class='ocrx_word' id='word_1_445' title='bbox 1174 4227 1303 4292; x_wconf 85' lang='lat' dir='ltr'><strong>aPatre.</strong></span> 
     </span>
     <span class='ocr_line' id='line_1_45' title="bbox 92 4308 1304 4397; baseline -0.004 -19"><span class='ocrx_word' id='word_1_446' title='bbox 92 4308 123 4371; x_wconf 73' lang='lat' dir='ltr'><strong>tt</strong></span> <span class='ocrx_word' id='word_1_447' title='bbox 146 4313 174 4377; x_wconf 90' lang='lat' dir='ltr'><strong>itl</strong></span> <span class='ocrx_word' id='word_1_448' title='bbox 201 4327 337 4397; x_wconf 75' lang='lat' dir='ltr'><strong>spamam</strong></span> <span class='ocrx_word' id='word_1_449' title='bbox 366 4317 483 4381; x_wconf 85' lang='lat' dir='ltr'><strong>ridetur</strong></span> <span class='ocrx_word' id='word_1_450' title='bbox 508 4318 668 4381; x_wconf 83' lang='lat' dir='ltr'><strong>humanam</strong></span> <span class='ocrx_word' id='word_1_451' title='bbox 688 4315 755 4378; x_wconf 75' lang='lat' dir='ltr'><strong>litii</strong></span> <span class='ocrx_word' id='word_1_452' title='bbox 781 4323 926 4386; x_wconf 82' lang='lat' dir='ltr'><strong>naturam.</strong></span> <span class='ocrx_word' id='word_1_453' title='bbox 954 4331 1011 4392; x_wconf 88' lang='lat' dir='ltr'><strong>qua</strong></span> <span class='ocrx_word' id='word_1_454' title='bbox 1037 4311 1119 4374; x_wconf 89' lang='lat' dir='ltr'><strong>illum</strong></span> <span class='ocrx_word' id='word_1_455' title='bbox 1140 4311 1226 4374; x_wconf 80' lang='lat' dir='ltr'><strong>Pauo</strong></span> <span class='ocrx_word' id='word_1_456' title='bbox 1247 4329 1304 4374; x_wconf 87' lang='lat' dir='ltr'><strong>suo</strong></span> 
     </span>
     <span class='ocr_line' id='line_1_46' title="bbox 92 4395 1303 4478; baseline -0.002 -18"><span class='ocrx_word' id='word_1_457' title='bbox 92 4395 228 4463; x_wconf 74' lang='lat' dir='ltr'><strong>nimiam</strong></span> <span class='ocrx_word' id='word_1_458' title='bbox 250 4421 318 4465; x_wconf 87' lang='lat' dir='ltr'><strong>esse</strong></span> <span class='ocrx_word' id='word_1_459' title='bbox 339 4419 429 4464; x_wconf 83' lang='lat' dir='ltr'><strong>nemo</strong></span> <span class='ocrx_word' id='word_1_460' title='bbox 451 4401 603 4466; x_wconf 84' lang='lat' dir='ltr'><strong>diltitatnr.</strong></span> <span class='ocrx_word' id='word_1_461' title='bbox 647 4399 782 4464; x_wconf 85' lang='lat' dir='ltr'><strong>Seottnda</strong></span> <span class='ocrx_word' id='word_1_462' title='bbox 809 4406 865 4472; x_wconf 83' lang='lat' dir='ltr'><strong>est,</strong></span> <span class='ocrx_word' id='word_1_463' title='bbox 893 4397 962 4478; x_wconf 89' lang='lat' dir='ltr'><strong>quia</strong></span> <span class='ocrx_word' id='word_1_464' title='bbox 983 4396 1075 4460; x_wconf 83' lang='lat' dir='ltr'><strong>Filius</strong></span> <span class='ocrx_word' id='word_1_465' title='bbox 1098 4415 1115 4458; x_wconf 90' lang='lat' dir='ltr'><strong>a</strong></span> <span class='ocrx_word' id='word_1_466' title='bbox 1135 4395 1224 4458; x_wconf 88' lang='lat' dir='ltr'><strong>Patre</strong></span> <span class='ocrx_word' id='word_1_467' title='bbox 1245 4413 1303 4458; x_wconf 88' lang='lat' dir='ltr'><strong>sno</strong></span> 
     </span>
     <span class='ocr_line' id='line_1_47' title="bbox 92 4480 1302 4563; baseline -0.012 -7"><span class='ocrx_word' id='word_1_468' title='bbox 92 4493 240 4555; x_wconf 68' lang='lat' dir='ltr'><strong>smnus</strong></span> <span class='ocrx_word' id='word_1_469' title='bbox 259 4495 288 4550; x_wconf 91' lang='lat' dir='ltr'><strong>et</strong></span> <span class='ocrx_word' id='word_1_470' title='bbox 309 4487 436 4550; x_wconf 78' lang='lat' dir='ltr'><strong>divinam</strong></span> <span class='ocrx_word' id='word_1_471' title='bbox 457 4503 542 4550; x_wconf 82' lang='lat' dir='ltr'><strong>suam</strong></span> <span class='ocrx_word' id='word_1_472' title='bbox 562 4495 697 4550; x_wconf 68' lang='lat' dir='ltr'><strong>nautum</strong></span> <span class='ocrx_word' id='word_1_473' title='bbox 718 4482 840 4563; x_wconf 80' lang='lat' dir='ltr'><strong>ooespit.</strong></span> <span class='ocrx_word' id='word_1_474' title='bbox 869 4480 957 4560; x_wconf 80' lang='lat' dir='ltr'><strong>Atqui</strong></span> <span class='ocrx_word' id='word_1_475' title='bbox 977 4481 1033 4544; x_wconf 81' lang='lat' dir='ltr'><strong>liaa</strong></span> <span class='ocrx_word' id='word_1_476' title='bbox 1046 4480 1237 4560; x_wconf 75' lang='lat' dir='ltr'><strong>generatione</strong></span> <span class='ocrx_word' id='word_1_477' title='bbox 1251 4497 1302 4542; x_wconf 85' lang='lat' dir='ltr'><strong>se-</strong></span> 
     </span>
     <span class='ocr_line' id='line_1_48' title="bbox 92 4563 1303 4654; baseline -0.003 -26"><span class='ocrx_word' id='word_1_478' title='bbox 92 4565 211 4632; x_wconf 75' lang='lat' dir='ltr'><strong>tmt-</strong></span> <span class='ocrx_word' id='word_1_479' title='bbox 233 4587 251 4632; x_wconf 84' lang='lat' dir='ltr'><strong>a</strong></span> <span class='ocrx_word' id='word_1_480' title='bbox 268 4571 354 4636; x_wconf 86' lang='lat' dir='ltr'><strong>Patre</strong></span> <span class='ocrx_word' id='word_1_481' title='bbox 370 4569 466 4634; x_wconf 82' lang='lat' dir='ltr'><strong>tntdnet</strong></span> <span class='ocrx_word' id='word_1_482' title='bbox 486 4570 609 4654; x_wconf 77' lang='lat' dir='ltr'><strong>gradum</strong></span> <span class='ocrx_word' id='word_1_483' title='bbox 630 4579 661 4634; x_wconf 87' lang='lat' dir='ltr'><strong>at</strong></span> <span class='ocrx_word' id='word_1_484' title='bbox 682 4568 827 4642; x_wconf 66' lang='lat' dir='ltr'><strong>ordinet,</strong></span> <span class='ocrx_word' id='word_1_485' title='bbox 849 4584 909 4647; x_wconf 89' lang='lat' dir='ltr'><strong>qno</strong></span> <span class='ocrx_word' id='word_1_486' title='bbox 931 4565 1051 4647; x_wconf 85' lang='lat' dir='ltr'><strong>quidem</strong></span> <span class='ocrx_word' id='word_1_487' title='bbox 1064 4565 1123 4629; x_wconf 81' lang='lat' dir='ltr'><strong>diei</strong></span> <span class='ocrx_word' id='word_1_488' title='bbox 1137 4571 1238 4646; x_wconf 81' lang='lat' dir='ltr'><strong>potest</strong></span> <span class='ocrx_word' id='word_1_489' title='bbox 1252 4563 1303 4626; x_wconf 92' lang='lat' dir='ltr'><strong>illo</strong></span> 
     </span>
    </p>
   </div>
   <div class='ocr_carea' id='block_1_6' title="bbox 0 0 1576 5236">
    <p class='ocr_par' dir='ltr' id='par_1_7' title="bbox 0 0 1576 5236">
     <span class='ocr_line' id='line_1_49' title="bbox 0 0 1576 5236; baseline 0 1"><span class='ocrx_word' id='word_1_490' title='bbox 0 0 1576 5236; x_wconf 95' lang='lat' dir='ltr'><strong> </strong></span> 
     </span>
    </p>
   </div>
  </div>
 </body>
</html>
