3196 5250
506 405 641 450 asaron
662 405 721 450 uta
743 405 781 450 ns
803 405 930 450 nonnas.
1277 393 1340 456 445

110 563 196 630 sumt,
218 563 286 617 ante
308 553 458 634 quoslibet
478 555 629 634 gentilium
652 554 725 618 deos
746 571 910 635 omnesque
931 555 1067 618 homines
1089 563 1249 619 creaverat.
1278 558 1339 620 lta·

113 661 174 722 que
187 639 273 711 nibil,
295 639 336 700 ait
349 638 415 718 ipse
431 639 640 714 Tertullianus,
664 641 853 710 continendo,
875 639 967 700 idest
991 641 1204 714 conservando,
1228 637 1342 706 bomini

113 745 150 788 ao
182 723 347 786 cohibendo
376 741 415 784 ne
437 732 605 786 moreretur
627 734 656 786 et
677 726 863 796 auennendo,
898 723 959 784 sire
981 724 1187 797 sustentando,
1221 725 1337 800 alendo,

111 809 286 881 reficiendo,
306 820 502 888 prospectum
522 827 557 870 ae
578 809 678 870 datum
697 821 768 888 port
791 809 937 870 bominem
958 815 1088 870 creatum
1107 813 1211 889 potuit
1224 812 1341 888 inferri

112 893 226 969 (tainu.
271 893 329 954 Sed
361 891 435 954 haec
466 892 530 954 eius
559 892 647 954 verba
674 911 736 953 non
763 892 804 953 ita
831 892 868 953 ad
890 892 987 954 uiuum
1009 893 1169 954 resecanda
1192 903 1271 967 stunt,
1305 903 1338 956 ut
1424 933 1431 946 ·

111 977 226 1040 dixisse
255 975 392 1038 credatur
418 975 490 1037 nihil
518 985 589 1055 qtost
610 977 760 1038 condition
783 976 934 1038 bominem
956 977 1088 1055 potuisse
1111 996 1127 1037 a
1149 978 1210 1038 lleu
1232 979 1336 1053 creari,

111 1081 172 1142 quo
201 1062 259 1122 vita
287 1060 418 1122 bominis
452 1061 654 1122 contineretur
682 1071 711 1123 ot
738 1061 946 1122 sustineretur.
990 1060 1056 1120 Nou
1079 1061 1158 1122 enim
1180 1061 1238 1123 sibi
1259 1063 1337 1124 aliud

110 1145 217 1218 voluit,
239 1143 299 1206 nisi
321 1152 435 1218 emota,
458 1145 524 1206 sine
545 1145 653 1224 quibus
676 1145 804 1207 humana
825 1145 883 1208 uita
905 1145 1075 1206 conservari
1097 1163 1158 1206 non
1180 1153 1291 1225 potest,
1319 1165 1335 1208 a

110 1231 176 1292 lleo
205 1237 303 1292 ereata
330 1229 424 1290 luisse
452 1237 520 1290 ante
541 1229 678 1290 conditos
699 1247 893 1309 quoscunque
915 1229 1051 1291 homines
1073 1249 1107 1290 ao
1128 1230 1221 1290 multo
1244 1231 1361 1310 magis·

111 1321 183 1376 ante
198 1315 357 1376 Saturnum
378 1331 413 1374 ao
433 1313 545 1385 lovem,
564 1313 698 1393 aliosque
720 1331 825 1374 omnes
848 1314 1030 1375 etbnioorum
1054 1314 1137 1378 ileos.
1168 1315 1240 1375 Tam
1255 1319 1336 1376 (terto

111 1399 204 1478 igitur
225 1415 312 1477 quam
335 1397 486 1459 evidenter
506 1397 555 1458 illo
576 1398 645 1460 inde
667 1397 815 1459 concludit
828 1397 922 1460 Deum
945 1416 1048 1458 verum
1073 1397 1181 1460 nullius
1197 1399 1232 1460 ad
1248 1417 1335 1460 mun-

111 1484 184 1546 dum
210 1481 377 1544 laeiendum
405 1481 568 1560 indiguisse
590 1481 707 1544 auxilio.
751 1481 817 1543 Non
840 1499 910 1562 ergo
934 1482 974 1544 dii
996 1482 1084 1562 aliqui
1105 1483 1181 1544 bauo
1202 1483 1241 1544 ob
1264 1503 1335 1544 oau-

112 1586 179 1630 sam
200 1566 269 1628 laeti
291 1574 370 1628 sunt.

197 1668 292 1728 lnstat
319 1665 414 1728 adhue
440 1667 475 1728 de
502 1676 590 1728 terro
617 1667 800 1729 emeberoase
828 1685 942 1728 omnem
963 1669 1083 1746 frugem
1104 1677 1175 1729 onte
1196 1667 1337 1731 Liberum

111 1763 141 1814 et
164 1752 304 1814 Cererem
326 1761 354 1813 et
377 1751 553 1825 Minervam,
587 1755 675 1813 immo
703 1764 774 1814 onte
793 1750 882 1813 illum
903 1751 1031 1832 aliquem
1050 1755 1218 1831 prinoipem
1239 1752 1336 1814 lomi-

110 1855 179 1898 nem
201 1835 310 1911 (ibid),
339 1834 402 1897 sire
431 1835 600 1906 Saturnum,
630 1853 718 1914 quem
746 1835 854 1896 ethnici
881 1835 1029 1914 potiorem
1057 1835 1244 1914 primumque
1267 1853 1334 1896 om-

110 1919 205 1994 nium,
234 1919 277 1980 uti
305 1918 393 1998 paulo
422 1926 489 1980 ante
517 1918 696 1992 dicebamus,
729 1919 853 1980 deorum
881 1938 950 1982 esse
972 1918 1148 1998 garriebant.
1192 1917 1335 1982 litbnioos

110 2011 209 2068 autem
232 2003 273 2063 ibi
295 2004 428 2081 castigat,
450 2002 501 2082 qui
522 2002 720 2081 opinabantur
740 2003 879 2064 Liberum
901 2003 940 2064 ob
963 2003 1032 2077 uini,
1056 2003 1193 2065 Cererem
1216 2001 1255 2064 ob
1269 2004 1335 2064 lru-

111 2088 214 2160 menti,
236 2086 396 2148 llinervam
420 2093 542 2166 propter
563 2088 645 2148 oleae
667 2086 904 2164 adinventionem
919 2105 1044 2149 numero
1060 2087 1227 2168 adscriptos
1242 2087 1335 2148 luisse

111 2173 247 2234 deorum.
290 2171 377 2232 Prius
400 2170 550 2232 enimvero
571 2171 626 2232 hae
648 2172 747 2251 fruges
770 2171 864 2242 creari
887 2171 1062 2246 debuerunt,
1091 2189 1178 2252 quam
1199 2171 1334 2234 inveniri.

110 2257 198 2336 Atqui
220 2255 270 2317 ille
291 2263 405 2317 tantum
427 2255 506 2316 Deus
529 2262 585 2326 est,
608 2275 625 2316 a
647 2274 705 2334 quo
728 2263 827 2318 creata
848 2255 1041 2335 institutaque
1062 2257 1190 2317 luerunt.
1234 2254 1336 2334 Neque

111 2359 219 2419 urgeas
242 2339 413 2401 Lucretium
441 2339 477 2400 de
499 2338 546 2400 his
568 2339 739 2418 loquentem
761 2359 850 2402 usum
872 2357 941 2401 esse
963 2341 1054 2400 verbo
1076 2344 1255 2412 instituisse,
1285 2338 1334 2400 ubi

112 2424 234 2486 temnit:
1292 2431 1299 2447 ¹

266 2523 398 2604 Namque
422 2525 508 2586 Ceres
530 2525 636 2604 sertnr
656 2525 762 2604 fruges
785 2523 930 2606 Liberque
951 2525 1085 2606 liquores

267 2607 394 2688 Vitigeni
415 2607 533 2670 laticem
553 2607 934 2680 mortalibus'instituisse

265 2693 338 2754 Cum
360 2702 458 2754 tumen
481 2691 527 2754 lu's
546 2705 651 2772 posset
672 2697 736 2754 sine
757 2693 848 2754 rebeus
871 2697 934 2756 vitu
955 2711 1087 2765 monere,

268 2777 306 2838 tn
326 2778 411 2857 sumo
432 2785 477 2838 est
498 2776 615 2857 aliquus
638 2779 726 2838 etium
748 2795 829 2838 nnnc
851 2781 953 2838 vibere
973 2789 1085 2857 pentes.

722 2858 851 2935 (lucret.
873 2859 923 2921 lib.
948 2861 979 2922 V.
1003 2879 1031 2920 v.
1056 2863 1095 2922 14
1119 2867 1148 2919 et
1170 2867 1265 2940 seqq.)

110 2979 202 3042 Poeta
231 2978 310 3040 enim
338 2977 379 3040 ibi
407 2977 444 3038 de
472 2977 518 3038 bis
546 2977 685 3057 loqtritur,
715 2996 790 3057 quae
819 2977 984 3056 aliquorum
1006 2985 1069 3038 arte
1091 2985 1121 3039 et
1141 2976 1259 3055 ingenio
1282 2995 1332 3037 re-

110 3071 193 3142 perta
215 3065 340 3124 luerent
371 3061 498 3123 Verbum
521 3079 591 3140 ergo
614 3065 782 3124 instituisse
803 3079 865 3122 non
886 3061 943 3122 alio
967 3080 1054 3141 quam
1076 3065 1225 3123 invertisse
1241 3079 1334 3132 sensu

111 3147 233 3226 aceepit.
278 3145 398 3225 Siquis
419 3164 490 3206 vero
513 3146 671 3208 contendat
692 3145 728 3206 ab
751 3145 800 3206 illo
823 3149 992 3208 instituisse
1020 3145 1140 3218 dietum,
1168 3143 1237 3223 quia
1257 3145 1332 3206 Bao-

111 3231 182 3292 ebus
212 3239 243 3292 et
264 3230 355 3292 Ceres
382 3229 467 3309 panis
496 3249 532 3290 ex
564 3229 696 3308 frugibus
723 3230 843 3310 riuique
870 3249 906 3292 ex
927 3229 993 3290 uvis
1016 3229 1190 3291 conficiendi
1211 3229 1332 3290 modum

112 3307 252 3378 docuisse
272 3314 452 3386 serebantur,
475 3332 537 3376 non
558 3315 683 3378 multum
705 3313 944 3394 repugnabimus.
981 3315 1089 3376 Verum
1111 3313 1158 3374 bis
1181 3331 1219 3375 ne
1240 3313 1333 3374 hilum

112 3399 230 3477 quidem
257 3397 328 3460 inde
356 3398 500 3478 proficiet
544 3398 637 3460 Nobis
666 3397 745 3460 enim
772 3398 857 3477 plane
886 3398 995 3460 sullicit
1022 3407 1103 3460 oerto
1132 3397 1242 3462 certius
1266 3415 1334 3458 esse

111 3482 206 3544 nullas
235 3482 334 3561 fruges
356 3501 373 3542 a
393 3481 520 3553 naono,
549 3482 655 3544 Cerere
677 3491 707 3544 et
727 3483 857 3544 Minerva
879 3494 1002 3544 creatas.
1045 3481 1140 3544 Nemo
1163 3481 1271 3561 quippe
1294 3481 1332 3542 ob

111 3584 160 3630 sas
183 3575 235 3628 aut
254 3566 397 3628 iudicatas
420 3575 470 3629 aut
491 3575 624 3645 repertas
647 3575 698 3627 aut
719 3567 783 3628 lieri
804 3574 854 3628 aut
875 3585 945 3628 esse
967 3566 1041 3628 deus
1063 3573 1172 3646 potest.

194 3665 297 3745 Neque
325 3666 399 3728 alius
426 3667 565 3744 deinceps
593 3667 756 3729 audiendus
785 3667 835 3747 qui
863 3667 991 3729 obiicere
1019 3667 1125 3729 audeat
1145 3668 1261 3743 frugum
1282 3665 1331 3726 in·

110 3751 279 3812 tentionem
301 3759 397 3812 tanne
417 3749 588 3812 hominibus
611 3769 679 3812 esse
701 3751 827 3824 utilitati,
850 3759 883 3812 ut
903 3759 1028 3830 propter
1048 3751 1146 3811 solum
1168 3751 1226 3811 boo
1239 3748 1332 3810 bane-

110 3833 208 3896 lloinm
223 3834 325 3907 Ceres,
347 3835 478 3896 Bacchum
502 3845 532 3895 et
546 3835 675 3896 bliuerra
697 3834 727 3896 in
750 3835 874 3896 deorum
897 3853 986 3914 grege
1006 3835 1191 3896 annumerari
1213 3851 1332 3894 merue-

109 3918 178 3980 rint.
223 3917 285 3980 lam
308 3919 386 3980 enim
408 3919 481 3980 baec
501 3917 577 3980 ratio
600 3917 672 3979 satis
695 3920 841 3980 confutata
865 3929 921 3982 est
964 3919 1077 3981 Deinde
1098 3935 1168 3979 vero
1191 3917 1216 3980 si
1238 3917 1331 3978 aliou-

111 4001 157 4063 ius
185 4020 220 4063 ea
248 4011 331 4064 esset
358 4003 511 4074 momenti,
539 4002 680 4064 Luetdlus
703 4001 805 4064 debuit
826 4004 913 4065 etiam
934 4004 1009 4064 deus
1031 4003 1105 4074 lieri,
1134 4005 1186 4084 qni
1204 4005 1331 4081 pn'moa,

111 4085 154 4146 nti
176 4085 376 4148 Tertullianus
404 4087 445 4148 ait
474 4105 580 4149 cernae
606 4086 702 4160 (uss
726 4091 855 4165 ceresio)
885 4087 1042 4158 enPonto
1065 4086 1173 4150 ltaliae
1190 4083 1334 4164 promul-

110 4173 192 4248 gorn't
213 4169 400 4244 (Tertullian.
415 4169 509 4248 ibid).
554 4171 597 4231 Ex
618 4171 714 4232 Plinio
737 4177 835 4232 autem
857 4171 999 4233 discimus
1022 4188 1099 4232 anno
1121 4167 1204 4229 urbis
1227 4167 1332 4230 eondi-

111 4259 158 4314 tae
189 4252 355 4316 nchxx.
388 4263 459 4334 post
489 4255 643 4318 victoriam
675 4255 900 4318 Mithridaticam
933 4273 1035 4316 cerasa
1068 4253 1104 4314 ab
1131 4253 1189 4314 boo
1209 4251 1332 4313 Lucullo

111 4343 308 4416 transportata
341 4339 432 4400 luisse
465 4339 495 4399 iu
527 4339 638 4400 ltaliam
667 4357 706 4401 en
732 4339 830 4402 Ponto
861 4339 947 4414 (Plin.
969 4339 1019 4399 lib.
1042 4338 1102 4400 XV.
1130 4336 1231 4398 Naurr.
1254 4335 1333 4396 Hist.

111 4437 172 4500 sep.
196 4424 274 4498 bb),
298 4421 360 4483 sive
382 4429 416 4482 ut
437 4422 477 4483 ait
497 4423 706 4502 Hieronymus,
729 4424 764 4486 de
787 4423 960 4506 Ceropunto
983 4420 1333 4500 (Hieronymnptsuea

110 4503 146 4565 sd
173 4505 316 4568 Eustoob.
349 4525 379 4586 p.
402 4509 477 4582 60),
510 4505 589 4569 uude
622 4523 732 4569 nornen
764 4525 851 4568 suum
885 4515 1046 4568 traxerunt.
1090 4505 1203 4566 llorum
1236 4505 1335 4582 itaque

109 4590 323 4666 praestantium
350 4589 482 4652 suorum
509 4591 682 4654 auotoritate
711 4590 903 4670 corrigendus
932 4599 980 4654 est
1006 4589 1081 4654 alius
1103 4587 1275 4651 Tertulliani
1303 4587 1334 4648 in
