3126 5250
278 365 344 430 306
377 381 569 426 nrssrnrxrro
584 382 615 425 nr
631 381 679 432 ou.
695 379 779 424 serr.
795 379 881 424 raon.
897 379 1090 426 retroneum
1104 380 1332 426 arouoesrrcux
1345 381 1433 426 cerr.

1551 226 1552 274 l

1549 276 1553 317 l

1549 375 1553 410 ι

277 531 332 594 dos
355 531 480 611 populos
501 530 674 605 utebantur,
707 549 768 611 pro
790 539 873 594 atatn
895 530 1024 602 amenti,
1055 530 1088 592 id
1108 539 1155 594 est
1175 530 1308 612 imperii,
1336 541 1370 594 ut
1389 533 1487 596 muns
1553 499 1554 510 ἵ

277 623 360 678 esset
380 635 415 678 ae
436 615 549 688 stabilis
570 635 626 678 nec
646 615 731 678 bellis
754 623 805 677 ant
826 614 1027 678 seditionibus
1043 624 1265 689 concuteretur,
1298 635 1359 698 pro
1387 637 1487 680 reram

277 707 387 784 quiete,
423 710 457 763 ut
478 719 583 763 omnes
603 703 772 763 fruerentur
800 719 919 780 semper
939 699 1084 779 optandae
1110 701 1191 780 pacis
1212 701 1303 786 bono.
1346 701 1488 764 Noveram

276 785 356 848 euim
367 785 525 848 Christiani
540 784 619 865 quod
629 785 788 864 Apostolus
803 793 994 864 praeceperat
1003 785 1067 848 fieri
1077 787 1311 858 obsecrationes,
1328 791 1486 860 orationes,

274 871 507 951 postulationes,
528 875 701 951 gratiarnm
722 873 853 932 oenones
883 888 944 951 pro
976 871 1110 934 omnibns
1133 869 1311 944 bmninibna,
1329 890 1392 952 pro
1415 877 1489 952 regi-

277 957 332 1018 bns
355 967 383 1018 et
405 956 541 1018 omnibns
563 959 668 1036 quiin
688 954 871 1018 areblimitnte
893 966 978 1028 sant,
1015 965 1050 1019 nt
1078 960 1208 1037 gaietam
1236 965 1266 1018 et
1295 957 1487 1036 tranquillam
1554 947 1555 1000 i

275 1042 369 1105 m'tom
391 1059 514 1120 ogomns
536 1044 569 1101 in
591 1043 674 1101 omni
693 1043 802 1120 pietate
824 1050 854 1102 et
877 1043 1013 1102 castitate
1034 1039 1071 1114 (l.
1086 1039 1122 1101 ad
1138 1039 1268 1102 Timoth.
1290 1059 1354 1122 cap.
1369 1039 1408 1102 11.
1431 1046 1484 1104 nl

277 1133 307 1186 et
328 1127 382 1201 2.).
425 1125 468 1186 De
490 1124 536 1186 his
559 1142 650 1204 porro
672 1123 827 1202 precibus,
850 1141 922 1202 quas
945 1123 1103 1185 Christiani
1124 1125 1154 1186 in
1178 1125 1239 1188 suis
1260 1124 1419 1206 synaxibus
1440 1143 1487 1206 pro

277 1227 311 1270 se
339 1216 368 1270 et
394 1208 460 1270 aliis
487 1209 610 1270 fundere
637 1207 788 1282 solebant,
822 1207 889 1270 alibi
918 1209 1113 1272 dissentimus
1142 1209 1307 1285 (llissertat.
1329 1209 1360 1272 in
1381 1211 1488 1272 Aruob.

276 1312 309 1356 ca
332 1339 340 1355 .
363 1295 392 1358 8.
414 1294 476 1355 hrt.
500 1295 552 1371 2.).

311 1311 330 1374 p
361 1379 550 1458 Quapropter
569 1377 641 1440 illud
661 1395 740 1439 nunc
761 1375 917 1438 observare
939 1384 1051 1438 tanturn
1073 1377 1161 1450 iurat,
1184 1377 1264 1457 quod
1284 1377 1396 1440 ibidem
1419 1379 1487 1440 Ter·

276 1461 415 1525 tullianus
438 1462 552 1536 adiecit,
585 1461 767 1524 Christianos
790 1461 820 1521 in
842 1460 924 1523 hisee
947 1461 1104 1542 synaxibus
1125 1462 1219 1538 Deum
1240 1462 1335 1524 adhuc
1356 1473 1488 1542 precatos

275 1547 367 1610 luisse
392 1565 452 1628 pro
479 1565 567 1609 mora
594 1547 665 1627 finis
694 1545 878 1618 (Tertullian.
900 1547 1053 1626 Apologet.
1075 1565 1138 1626 cap.
1162 1549 1236 1623 39.).
1281 1545 1356 1620 Quis
1384 1557 1487 1617 autem

275 1631 380 1694 amabo
402 1639 442 1706 te,
465 1631 514 1693 ille
535 1631 613 1692 linist
627 1639 699 1702 erat,
721 1630 780 1692 nisi
802 1631 893 1691 totius
915 1630 1027 1704 mundi,
1050 1649 1138 1711 συοιο
1160 1649 1225 1693 cum
1241 1631 1366 1694 Romani
1378 1633 1488 1712 imperii
1554 1667 1555 1688 2

276 1717 360 1778 ruina
395 1715 586 1778 evertendum
617 1735 684 1778 esse
716 1715 914 1795 opinabantur
945 1714 1037 1791 (ldem
1066 1715 1117 1777 lib.
1147 1715 1183 1777 ad
1213 1716 1329 1795 Scapul.
1352 1735 1417 1797 cap.
1440 1721 1487 1791 2.).

277 1800 417 1874 Quamvis
439 1809 536 1862 sutem
558 1801 646 1874 haec,
679 1799 716 1862 de
737 1818 794 1880 qua
816 1799 923 1878 aliquid
945 1806 1050 1879 postea
1072 1800 1227 1863 dicendum
1249 1802 1331 1876 (lnlr.
1355 1821 1420 1881 cap.
1442 1805 1487 1866 21.

275 1885 338 1946 hrt.
363 1889 414 1962 1,),
448 1884 568 1947 omnino
590 1885 661 1946 lalsa
683 1885 723 1946 sit
744 1884 860 1964 opinio,
882 1883 951 1946 inde
973 1893 1071 1948 nmen
1091 1885 1287 1965 intellegimus
1308 1886 1488 1948 Christianos

191 1975 197 1990 ⁸
277 1970 367 2034 toties
389 1970 482 2031 Deum
504 1988 559 2049 pro
574 1969 700 2031 Romani
721 1969 837 2048 imperii
859 1969 1049 2031 diuturnitate
1071 1988 1175 2032 orasse
1197 1971 1313 2050 quoties
1333 1971 1415 2034 illum
1435 1989 1485 2050 pro
1556 2001 1557 2024 ι

276 2054 426 2118 allerenda
458 2053 560 2116 mundi
594 2053 714 2116 finiendi
736 2072 819 2115 mera
839 2053 1045 2132 precabantur.
1088 2055 1121 2115 ln
1144 2073 1230 2118 sunm
1253 2056 1333 2118 enim
1354 2056 1485 2126 animum,

274 2148 466 2219 praepostere
487 2139 617 2218 quidem,
646 2139 699 2200 sed
720 2138 839 2218 penitus
862 2147 960 2200 tamen
981 2138 1157 2201 induxerant
1179 2139 1349 2204 elonsalom
1366 2137 1480 2206 saecoli,

275 2224 342 2303 ipsa
364 2224 459 2285 adhuc
479 2232 549 2286 sunt
568 2223 704 2285 Auctoris
726 2222 823 2284 nostri
844 2223 941 2297 rerba,
965 2223 1095 2287 Romani
1114 2228 1238 2306 imperii
1257 2235 1413 2288 commeatu
1433 2241 1482 2284 te-

277 2309 400 2372 tardori
420 2308 513 2384 (ldem
534 2308 688 2388 Apologet
711 2325 773 2386 cap.
797 2309 871 2384 32.)
1323 2347 1325 2352 -

361 2394 399 2454 m
418 2401 559 2472 quantum
580 2392 654 2455 haec
679 2392 766 2465 lalsa,
805 2400 915 2454 tantum
944 2391 992 2453 illa
1026 2411 1096 2454 vera
1123 2401 1194 2455 sunt
1228 2411 1303 2472 quae
1336 2393 1368 2455 in
1398 2390 1485 2453 saeris

277 2477 511 2540 Christianorum
533 2477 691 2558 synaxibus
713 2485 775 2538 acta
798 2477 841 2538 sio
862 2487 1087 2539 commemorat:
1118 2477 1236 2540 Coimns
1259 2479 1299 2540 ad
1320 2477 1488 2541 litterarum

277 2563 449 2624 divmarum
472 2567 779 2625 commemorationem
799 2560 884 2635 (lbid.
908 2579 970 2640 cap.
993 2564 1068 2640 39.),
1096 2562 1127 2623 id
1149 2571 1196 2624 est
1217 2581 1317 2625 earum
1337 2562 1489 2624 lectionem

277 2653 308 2708 et
328 2646 538 2708 recitationem.
582 2645 655 2708 Nam
682 2646 713 2707 in
735 2647 792 2707 hoe
813 2644 942 2707 fidelium
964 2654 1066 2710 coetu:
1098 2641 1141 2710 τὰ
1163 2639 1488 2748 ἆσσμιομονεὺματα,
1556 2709 1557 2720 2

276 2739 309 2795 ut
339 2732 381 2793 ait
409 2732 538 2793 lustinus
569 2731 685 2810 hlartyr,
722 2730 787 2793 τῶν
819 2722 1026 2807 ἀποστόλων,
1063 2720 1147 2817 lind
1169 2751 1406 2814 συγγραμμασα
1427 2731 1488 2794 τῶν

276 2815 459 2901 προφητῶν
474 2807 730 2899 ἀναγινώσκεται
743 2817 855 2897 μέχρις
871 2811 1017 2899 ἒνχωρεῑι
1037 2816 1256 2880 Commentario
1271 2817 1488 2897 apostotorum
1556 2833 1557 2866 r

276 2913 330 2965 ant
351 2905 468 2982 scripto
489 2901 707 2982 apostoloram,
729 2901 827 2980 quood
848 2908 964 2980 tetnpns
985 2902 1058 2980 sert,
1082 2901 1225 2980 legantur
1246 2901 1490 2982 (lustinhpolog.
1556 2871 1557 2958 l

275 2986 298 3047 l.
322 3005 351 3046 n.
374 2989 450 3061 67),
472 2995 521 3048 aut
549 2994 581 3048 ut
608 2985 649 3047 ait
675 2985 890 3046 Tertullianus:
924 2984 959 3048 Si
986 2981 1057 3066 prid
1079 2991 1286 3066 praesentiam
1314 2997 1491 3067 temporam,
1556 2977 1557 3030 l

276 3070 382 3149 quibus
405 3070 515 3134 ethnici
536 3070 567 3130 in
589 3069 774 3132 Christianos
803 3077 883 3131 tanta
905 3070 1076 3132 crudelitate
1103 3071 1329 3148 grassabantur,
1361 3071 1491 3153 paulitas
1556 3071 1557 3140 l

276 3163 330 3215 ont
343 3173 542 3232 praemonere
565 3159 639 3233 cogit
661 3165 716 3217 ont
743 3171 954 3234 recognoscere
976 3154 1158 3226 (Tertulliaa.
1173 3154 1228 3218 loc.
1245 3155 1316 3231 cit).
1346 3155 1402 3218 llis
1416 3156 1492 3216 enim

277 3239 369 3300 saeris
392 3238 512 3302 vocibus
534 3238 622 3300 iidem
643 3239 816 3318 pascebant,
840 3237 990 3318 erigebant
1010 3257 1092 3319 spem
1120 3258 1155 3302 ae
1182 3239 1317 3302 liduoiam
1348 3240 1490 3302 securita-

278 3329 395 3400 temque
418 3341 501 3384 suam
523 3323 659 3402 figebant.
703 3323 821 3385 Tradita
850 3341 967 3404 quoque
992 3323 1022 3386 in
1045 3324 1089 3387 eis
1110 3343 1228 3386 morum
1249 3333 1407 3405 praecepta
1426 3342 1490 3386 sae-

276 3404 345 3484 pius
366 3406 523 3484 relegendo
546 3415 576 3468 et
598 3407 744 3469 audiendo
773 3408 932 3470 firmiorem
959 3408 1121 3470 reddebant
1147 3409 1333 3489 disciplinam
1355 3427 1437 3474 suam
1460 3426 1491 3469 ac
1556 3487 1557 3490 Ἴ

277 3497 358 3552 reete
379 3491 494 3552 riveudi
517 3492 672 3553 rationem.

362 3574 467 3636 Sacrae
495 3594 566 3637 rero
588 3575 755 3654 scripturae
787 3575 944 3638 lectionem
971 3576 1155 3656 excipiebant
1182 3577 1418 3648 exhortationes,
1453 3575 1493 3636 ait

275 3659 386 3724 Auctor
406 3667 519 3722 noster.
560 3661 652 3722 Antea
673 3660 802 3722 lustinus
824 3669 948 3740 martyr:
970 3653 1062 3738 Εἶτα,
1079 3661 1184 3740 inquit,
1205 3665 1418 3743 παυσαμένου
1429 3659 1492 3723 τοῦ
1556 3675 1557 3728 l

277 3737 556 3847 ἀναγινώσκοντος
578 3737 596 3809 ὁ
618 3741 790 3845 προυσσιις
812 3742 868 3810 διὰ
889 3741 986 3828 λόγου
1008 3741 1066 3830 τὴν
1087 3748 1265 3810 νουθεσίαν
1279 3747 1334 3812 καὶ
1349 3741 1493 3830 naima-
1556 3819 1557 3826 ἵ

276 3851 330 3896 σιν
351 3853 409 3914 ang
428 3829 495 3894 τῶν
516 3828 624 3894 καλῶν
645 3850 770 3894 τουτων
790 3826 959 3915 μιμήσεως
972 3837 1136 3895 moesicae:
1158 3830 1270 3895 Deinde
1285 3832 1396 3896 tenore
1408 3836 1492 3913 gnie-

276 3928 376 3978 scente
393 3916 573 3996 proesidans
597 3917 829 3978 admonitionem
842 3918 927 3996 facit,
950 3935 1009 3998 qno
1030 3916 1070 3979 ad
1090 3928 1151 3979 tom
1169 3915 1375 3996 pulchrarum
1388 3933 1493 3980 rernm

276 4004 474 4064 imitationem
500 4001 578 4064 olion
597 4010 748 4082 provocat
776 4010 806 4062 et
828 4001 973 4065 bortatur
994 4000 1108 4076 (lustin.
1131 3999 1226 4078 ibid).
1267 4000 1363 4080 Atque
1384 4001 1423 4063 ita
1440 3998 1492 4060 ille

277 4084 446 4163 explicatius
470 4094 602 4160 enarrat,
632 4103 706 4164 quac
728 4093 758 4147 et
779 4104 796 4147 a
817 4104 875 4166 quo
898 4094 928 4147 et
947 4103 1034 4163 συιιυ
1063 4085 1102 4146 ob
1125 4103 1241 4148 oausam
1271 4087 1364 4150 laetae
1384 4081 1493 4148 tuerint

277 4167 343 4230 illae
365 4169 595 4232 exhortationes.

361 4251 419 4315 lias
433 4262 539 4329 autem,
561 4253 656 4335 pergit
674 4253 882 4327 Tertullianus,
904 4254 1038 4334 proxime
1061 4251 1258 4332 sequebantur
1279 4257 1491 4336 castigationes

277 4347 307 4399 et
329 4355 458 4401 semera
479 4339 581 4403 divino
602 4339 784 4414 (Tertullian.
800 4338 894 4415 ibid),
917 4357 989 4419 quas
1011 4339 1129 4418 quidem
1150 4338 1281 4400 lesbum
1302 4339 1418 4418 ldartyn
1437 4343 1494 4396 aut

278 4420 346 4500 quia
366 4420 500 4486 brevitati
519 4422 692 4488 consulebat
712 4433 763 4486 aut
784 4424 851 4502 quia
866 4423 902 4484 a'd
918 4424 1103 4503 propositum
1118 4441 1205 4486 suum
1220 4441 1324 4502 parum
1338 4420 1491 4492 redamat,

276 4504 396 4585 penitus
417 4509 624 4585 praetermisit.
665 4509 704 4570 m
725 4509 868 4588 Origenes
895 4509 1006 4590 diserte
1034 4508 1161 4588 primum
1182 4508 1287 4570 asserit
1308 4507 1492 4570 Chdstiauos

244 4623 246 4629 ·
278 4591 325 4656 eui
348 4591 490 4675 temporis
512 4612 632 4675 operam
655 4595 791 4660 omnilma
813 4595 910 4660 modis
932 4594 1067 4670 dedisse,
1099 4601 1133 4658 ut
1154 4611 1259 4658 eorum
1280 4599 1433 4658 conventus
1459 4595 1494 4650 et
