3196 5250
494 389 629 435 succosa
649 389 709 434 mc.
730 391 768 435 cs
787 391 916 438 somn.
1244 377 1313 444 421

105 547 185 602 nerat
204 539 240 613 is,
263 539 312 618 qui
334 551 432 604 totum
453 543 564 614 ortem,
587 542 664 605 sicut
684 541 726 604 ait
739 531 947 616 Tertullianus,
969 491 1169 624 aalmlysmus
1184 545 1318 612 aioleac't

103 625 164 696 cel,
196 635 233 686 ut
258 623 346 688 Plato
371 631 509 708 putavit,
545 639 711 707 campestre
737 627 922 691 solummodo
952 627 1137 702 (Termilian.
1158 629 1314 710 apologet

97 729 162 788 cap.
184 713 259 786 411.)
301 709 424 772 Brevius
452 711 483 772 in
511 711 587 772 libro
610 711 646 773 66
672 710 830 773 Nationes:
866 711 970 776 lotum
992 714 1094 776 orbem
1116 715 1314 793 cataclysmus

102 793 312 869 61666666.
334 794 358 855 1.
381 796 417 857 66
438 794 554 858 Nation.
577 815 640 876 cap.
662 797 724 872 9.);
746 796 800 858 sed
821 796 943 859 uberius
965 797 1022 860 alio
1043 799 1074 859 in
1095 797 1188 861 libro:
1210 800 1316 863 Adbuc

98 883 191 940 naris
215 879 351 950 caeciae,
373 879 477 960 inquit,
500 891 530 943 et
551 882 691 944 iaeaece
709 886 994 960 peregnbanterisc
1007 884 1167 954 monades,
1192 889 1315 964 capiere-

102 973 143 1025 tes
166 962 290 1026 Platoni
305 965 441 1044 probare
462 969 556 1028 etiaae
572 967 672 1028 ardua
693 968 833 1045 [luitaase
855 965 949 1038 (idem
970 966 1021 1028 lib.
1037 967 1073 1028 de
1094 967 1166 1029 Pali.
1179 985 1243 1047 cap.
1260 971 1314 1046 2.).

100 1047 188 1109 Nemo
209 1056 259 1109 est
287 1056 384 1111 autem
411 1050 461 1128 qui
489 1068 549 1110 non
572 1049 714 1130 intelligat
735 1049 816 1112 illam
838 1050 878 1112 ibi
899 1051 980 1130 loqui
1002 1052 1038 1115 de
1060 1052 1170 1114 diluvio
1192 1052 1313 1115 univer-

99 1133 166 1206 sali,
198 1133 280 1212 quod
302 1133 332 1195 in
356 1152 442 1196 sacro
464 1134 616 1196 Geneseos
637 1135 713 1196 libro
736 1134 914 1198 describitur
934 1136 1056 1209 (Genea.
1079 1155 1142 1216 cap.
1166 1139 1185 1201 6
1208 1141 1314 1216 eti).

95 1217 246 1280 Platonem
268 1236 338 1280 vero
361 1218 401 1280 ibi
423 1218 560 1298 corripit,
593 1220 643 1299 qni
669 1219 828 1281 arbitratus
857 1227 904 1282 est
930 1221 1018 1282 buius
1045 1221 1144 1283 diluvii
1166 1222 1314 1302 aquaead
1427 1257 1430 1262 ·

96 1319 206 1364 summa
227 1321 293 1364 non
307 1303 477 1383 pervenisse
491 1304 635 1366 montium
651 1305 811 1378 cacumina,
832 1305 864 1368 in
879 1323 963 1384 quae.
984 1305 1026 1369 uti
1041 1305 1088 1367 ille
1104 1307 1311 1382 somniaverat,

96 1395 227 1464 pastores
250 1387 370 1467 plurimi
393 1389 592 1462 convolantes,
615 1407 681 1451 cum
703 1388 767 1450 aliis
789 1407 849 1450 non
872 1392 968 1450 iecere
989 1391 1171 1469 naufragium
1186 1390 1311 1466 (Platon.

71 1479 163 1532 tom.
190 1472 227 1534 ll.
260 1471 311 1534 lib.
339 1471 389 1533 111.
417 1473 455 1534 66
483 1473 584 1552 Legib.
613 1491 679 1552 pag.
711 1476 783 1538 677.
813 1483 843 1536 et
870 1481 942 1535 tom.
971 1475 1021 1536 111.
1044 1475 1120 1536 Τ16.
1144 1492 1209 1554 pag.
1233 1479 1310 1554 22).
1407 1513 1420 1542 c

94 1553 204 1618 Falsam
228 1575 302 1618 vero
325 1558 401 1619 hanc
421 1557 592 1636 opinionem
613 1558 683 1620 inde
695 1560 807 1619 Auctor
827 1566 930 1620 noster
944 1559 1060 1632 refellit,
1082 1559 1160 1638 qnod
1175 1560 1206 1620 in
1220 1577 1311 1622 mon-

93 1640 166 1702 tibus
188 1642 329 1703 inventae
351 1642 459 1703 inerint
482 1643 609 1705 coactae
629 1654 659 1705 et
681 1644 829 1716 secanae,
853 1643 915 1704 sive
930 1643 1062 1717 buccina,
1085 1652 1117 1705 ut
1131 1644 1171 1706 ait
1184 1643 1312 1720 Plinius,

94 1726 140 1804 qni
161 1725 276 1788 ibidem
298 1726 437 1788 observat
457 1728 514 1788 hoe
535 1728 633 1789 minus
655 1745 723 1790 esse
746 1729 924 1790 concharum
946 1747 1049 1806 genus,
1072 1728 1103 1790 in
1124 1728 1239 1790 buccini
1256 1747 1312 1792 sen

92 1810 176 1873 tubae
209 1810 436 1873 similitudinem
469 1811 556 1884 (Plin.
578 1811 629 1873 lib.
650 1812 699 1873 116
722 1811 824 1873 Natur.
846 1812 923 1873 liisc
946 1831 1009 1893 cap.
1033 1815 1074 1878 36
1096 1823 1126 1874 et
1146 1831 1209 1893 cap.
1233 1815 1311 1890 33.)

93 1893 128 1955 dt
146 1895 231 1972 paulo
257 1905 345 1957 antea
369 1895 504 1958 Ovidium
526 1895 694 1968 citavimus,
724 1896 774 1976 qni
796 1898 924 1959 concisas
946 1907 976 1959 et
1002 1916 1138 1959 ancoram
1166 1897 1204 1958 in
1224 1916 1311 1960 sum-

92 1978 146 2039 mis
166 1979 324 2042 montibus
345 1980 478 2043 inventas
501 1981 593 2043 luisse
617 1981 798 2044 testificatur.
842 1981 929 2061 Atqui
951 1981 1095 2062 generalis
1119 1982 1196 2044 illius
1210 1981 1311 2046 diluvii

91 2069 221 2144 tempore
242 2065 379 2127 nondum
402 2073 486 2127 erant
507 2066 652 2128 Saturnus
674 2065 781 2145 aliique
803 2066 843 2128 dii
866 2065 901 2128 ab
924 2067 1050 2128 ethnicis
1072 2066 1211 2146 deinceps
1234 2085 1310 2128 con·-

91 2147 159 2224 ticti,
183 2151 225 2212 nti
249 2150 341 2231 plane
362 2150 567 2212 demonstrant
588 2150 677 2212 urbes
699 2149 735 2212 ab
758 2151 794 2212 iis
816 2151 966 2226 conditae,
995 2159 1046 2213 aut
1067 2152 1097 2212 in
1119 2151 1225 2230 quibus
1247 2151 1311 2214 nati

90 2240 118 2292 et
136 2236 246 2297 mermi
275 2234 331 2307 vel,
352 2234 440 2297 sicuti
460 2235 490 2296 in
513 2235 588 2296 libro
610 2235 648 2296 ad
662 2235 814 2310 Nationes,
836 2240 910 2308 uati,
932 2240 1048 2299 morati
1067 2246 1097 2298 et
1111 2235 1224 2316 sepulti
1236 2243 1312 2300 caat

90 2317 278 2388 (Tennllian.
306 2319 372 2381 loco
400 2319 471 2396 cit).
515 2319 557 2382 lie
584 2320 630 2382 bis
657 2338 749 2399 porro
777 2339 812 2384 ec
840 2321 878 2382 de
911 2321 1034 2383 deo'rnm
1066 2329 1096 2382 et
1127 2319 1310 2382 idololatriae

89 2403 199 2482 origine
222 2406 255 2467 in
283 2404 486 2482 superioribus
514 2403 771 2468 dissertationibus
800 2405 1012 2486 disputavimus
1041 2413 1071 2466 ct
1097 2405 1193 2468 adbuc
1212 2404 1311 2486 aliqua
1414 2469 1415 2474 ,

90 2485 207 2551 interius
231 2490 381 2552 dicentur.

585 2675 752 2728 instemus
770 2675 811 2724 lll.

87 2775 116 2818 lte
134 2779 246 2830 cladibus,
276 2791 333 2833 quae
352 2783 401 2821 ento
420 2777 553 2822 christianae
571 2777 686 2831 religionis
703 2776 821 2833 primordia
844 2777 952 2820 excitatae
970 2783 1021 2819 sunt
1044 2775 1094 2831 igne
1119 2775 1309 2820 6661661666-

87 2845 165 2890 minum
184 2847 274 2890 armis:
297 2849 324 2890 ds
342 2845 438 2890 Sodoma
457 2853 478 2889 st
496 2845 617 2890 liemon-ba
635 2846 725 2896 exosus,
749 2853 816 2899 atque
839 2843 926 2888 illorum
945 2851 1010 2895 terra,
1034 2853 1092 2898 quas
1117 2849 1225 2887 conanum
1240 2853 1307 2898 poma

85 2921 111 2956 sa
133 2913 214 2960 deinde
241 2921 348 2959 contacta
367 2914 521 2962 cinerescuntc
545 2915 572 2957 de
590 2911 701 2964 Volsiniis,
719 2911 829 2968 Pompeiis
852 2923 895 2956 seu
919 2910 1027 2966 Tarpeiis,
1050 2910 1101 2964 igne
1119 2911 1254 2967 absumptise
1278 2911 1307 2956 ds

86 2981 147 3026 elada
165 2983 287 3028 Cannensi
305 2990 356 3038 post
373 2993 439 3040 quam
456 2981 550 3024 Annibal
568 2981 717 3024 liomnnomm
742 2979 823 3024 caedes
840 2985 951 3036 rsptorum
975 2979 1107 3022 annulorum
1124 2977 1198 3024 modio
1215 2989 1308 3044 msnsus

415 3054 455 3102 snt,
475 3060 501 3092 oc
520 3048 546 3090 de
565 3047 671 3103 Capitolio
690 3059 702 3090 a
720 3045 845 3089 Senonibus
862 3053 979 3102 occupato.

165 3165 211 3226 66
242 3165 317 3228 alias
345 3163 442 3225 clades
472 3163 539 3241 igne
567 3161 686 3223 caelesti
715 3171 744 3223 et
765 3161 918 3222 bominum
945 3160 1036 3222 mmia
1064 3160 1204 3224 excitatas
1225 3159 1307 3223 venit

86 3245 307 3321 Tertullianus,
336 3248 537 3320 66866666,
568 3245 680 3326 inquit,
708 3257 735 3309 et
758 3246 929 3309 Gaasarrlea
950 3250 1052 3325 igneus
1075 3247 1169 3308 sbrier
1190 3249 1309 3310 muttit

84 3331 272 3402 (Terurflian.
294 3333 448 3413 Apologat.
471 3351 533 3412 cap.
557 3335 633 3407 46),
664 3339 819 3410 antequam
848 3329 997 3392 israelitae
1025 3349 1062 3392 ex
1088 3331 1218 3410 Aegypto
1246 3329 1306 3392 mi·-

85 3428 220 3493 gressent
235 3421 269 3482 in
284 3416 489 3491 Palaestinam,
511 3435 546 3478 66
566 3416 691 3496 proinde
712 3416 799 3495 longe
813 3415 946 3495 pluribus
967 3415 1092 3478 saemslis
1114 3416 1197 3494 prius
1218 3433 1307 3495 quam

83 3499 243 3566 Christiani
269 3523 306 3566 ex
327 3502 385 3562 iilis
408 3502 466 3563 orti
487 3501 641 3563 venissent
667 3501 697 3562 in
719 3501 871 3564 mundum.
916 3499 1076 3581 Utriusque
1097 3509 1195 3563 autem
1215 3500 1304 3562 buius

85 3587 162 3649 urbis
185 3589 281 3650 ruina
294 3587 461 3649 certissimo
476 3586 582 3648 Sacrae
595 3585 764 3665 Scripturas
779 3585 949 3648 testimonio
963 3584 1170 3664 comprobatur
1184 3583 1305 3658 (Genea.

82 3687 141 3749 cap.
157 3673 239 3736 xix.
266 3693 293 3733 v.
309 3675 385 3746 24.)
429 3670 488 3733 Sed
510 3669 639 3750 quamvis
661 3669 732 3731 illud
754 3669 841 3732 nobis
864 3669 991 3743 deesset,
1014 3669 1103 3732 cladis
1124 3668 1203 3730 illius
1222 3666 1304 3727 indi-

83 3753 155 3818 tium
178 3758 264 3820 haud
288 3755 409 3818 dubium
430 3755 495 3834 ipsa
518 3755 605 3816 etiam
626 3754 719 3826 daret,
741 3772 816 3834 quae
837 3755 880 3815 uti
890 3753 1088 3815 'lertcsllianus
1111 3752 1190 3830 loqui
1211 3759 1304 3812 amat:

86 3837 149 3903 Olet
171 3844 279 3905 adine
301 3842 436 3902 incendio
460 3853 559 3909 terra,
593 3848 624 3900 et
650 3841 679 3900 sl
699 3857 757 3920 qua
784 3838 848 3900 illic
870 3839 1017 3902 arboreas
1041 3857 1131 3919 ponsa
1153 3843 1306 3898 coaaatvr

85 3927 175 3988 oculis
199 3939 305 3998 tenus,
329 3935 460 3988 ceteram
483 3934 620 3987 contacta
642 3926 833 3985 macresceret
854 3922 1035 3996 (Tertullian.
1057 3922 1123 3982 loeo
1146 3920 1218 3995 cit).
1261 3917 1306 3980 lla

80 4007 197 4082 quidem
222 4011 257 4073 in
282 4007 491 4089 manuscriptis
513 4007 625 4069 nosmis
647 4006 798 4068 codicibus
821 4015 852 4068 et
872 4005 948 4068 aliis.
993 4005 1065 4068 itale
1086 4021 1157 4064 vero
1181 4002 1211 4062 in
1233 4001 1305 4082 qui-

83 4087 203 4158 busdam
230 4100 381 4159 ariaatur
403 4101 433 4154 et
455 4103 635 4155 remeatur.
665 4091 738 4152 Nam
761 4090 873 4169 ellipsis
896 4099 941 4152 est
963 4099 993 4152 et
1012 4089 1053 4151 ibi
1069 4085 1304 4150 subandiendum

81 4189 293 4246 maturescere
314 4189 474 4242 conantur.
516 4176 581 4238 Alio
603 4184 700 4238 antem
722 4176 752 4236 in
774 4173 867 4236 libro:
890 4174 1041 4255 Impietas,
1064 4173 1166 4251 inquit,
1189 4175 1305 4252 igaeitm

78 4271 190 4328 uomit
210 4265 340 4328 imbres.
376 4261 670 4325 llacteausSodoaea
691 4271 718 4324 et
740 4260 828 4322 atella
843 4259 1022 4329 Gomorrha,
1045 4268 1074 4319 et
1095 4261 1170 4319 circis
1192 4261 1304 4329 omnia

78 4357 107 4406 et
124 4353 351 4432 propinquitas
372 4351 466 4410 maris
488 4351 576 4409 iusta
598 4365 664 4408 cam
685 4345 750 4407 solo
772 4348 994 4408 marceamus
1015 4339 1106 4417 (idem
1122 4340 1303 4404 iib.dePall'.

80 4445 141 4509 top.
164 4437 224 4510 6.).
275 4431 531 4494 verumenimvero
560 4439 660 4492 narrat
687 4429 832 4508 losepbus
862 4427 903 4489 ibi
931 4425 1026 4489 adbuc
1051 4425 1142 4488 videri
1164 4426 1304 4505 reliquias

81 4511 155 4590 ignis
177 4517 280 4582 divini
302 4527 331 4580 et
351 4517 479 4597 quinque
502 4516 677 4596 oppidorum
699 4513 842 4592 imagines
865 4513 1035 4590 cineresque
1057 4519 1245 4600 renascentes
1266 4527 1304 4572 ex

81 4598 251 4678 iambus..
265 4603 319 4681 qui
337 4602 453 4666 mneui
467 4601 602 4664 edilibus
617 4599 727 4662 eunies
747 4597 883 4670 manibus
904 4605 1002 4660 tamen
1022 4597 1120 4660 attacti
1140 4597 1305 4662 insumam
