3122 5250
297 377 367 444 388.
390 395 580 442 nissenrs'rto
595 395 626 440 tu
642 395 689 446 ott.
705 395 795 438 Mo
806 395 893 440 HM·
909 393 1104 438 mmm}
1118 393 1342 438 APOLOGE'HGU!
1357 393 1434 436 Gbl'l'·

295 545 346 608 ille
373 555 521 608 asseverat
546 561 673 626 prorsus
700 545 935 608 bonsideras-s
958 562 1028 608 esse
1046 544 1183 624 partlm,
1209 544 1261 624 qui
1281 543 1486 624 compluimur

297 648 400 692 ornoes
428 631 594 706 adorarent,
622 630 804 693 Christianos
832 638 930 696 minen
957 631 1024 692 ideo
1046 629 1135 692 buius
1158 629 1355 709 superstitiosi
1376 635 1403 689 et
1421 627 1489 708 inpii

296 715 395 778 orltus
413 731 534 794 argone
555 715 710 792 reddant,
733 715 801 795 quis
822 733 940 780 murem
960 713 1070 802 tbr'ssi
1093 714 1315 776 venerabant·¹

378 799 541 879 Antequam
562 819 633 862 vero
654 807 834 880 armenta,
857 800 963 879 opibus
985 799 1055 862 illud
1070 799 1198 878 probaro
1212 799 1372 870 oontsndit,
1393 795 1484 858 exanti-

296 901 413 958 nemrm,
436 885 721 948 animadvertendum
744 891 791 946 est
812 903 898 966 quarn
920 885 968 946 ille
991 884 1097 946 dixerit
1117 903 1183 946 esse
1197 884 1293 946 mucis
1309 881 1412 945 Chrisb'
1425 882 1485 960 bqr-

294 987 370 1032 ram.
398 967 500 1043 Nobis,
523 970 626 1050 inquit,
649 981 715 1034 toto
736 987 814 1032 eruo
834 974 1012 1050 inperator,
1037 987 1102 1032 eser
1124 979 1255 1031 eatam
1277 968 1386 1032 scilieet
1406 977 1488 1028 saort

296 1073 365 1117 mem
383 1053 438 1117 illo
460 1055 564 1118 sedilis
585 1073 712 1118 emeessvs
746 1053 802 1129 (ld.
822 1054 873 1116 lib.
895 1055 918 1116 b
941 1053 978 1116 ad
998 1053 1113 1115 Notion.
1135 1053 1201 1115 loeo
1223 1054 1294 1130 eit).
1331 1053 1390 1114 llos
1409 1052 1487 1128 itaque

295 1139 383 1201 dooet
403 1157 520 1201 murem
534 1139 641 1202 Christi
662 1140 808 1218 mtegram
827 1140 923 1202 lisso
942 1155 978 1200 aa
996 1141 1165 1218 perfectam,
1194 1146 1299 1218 equote
1320 1155 1393 1217 qnae
1410 1134 1487 1196 tribus

294 1223 427 1304 partibus
455 1225 619 1304 composita
646 1231 717 1298 erat,
744 1224 827 1303 ligne
853 1221 988 1286 videlieet
1013 1231 1105 1298 reete,
1128 1232 1158 1284 et
1178 1231 1304 1284 menna
1326 1223 1385 1283 sise
1405 1230 1485 1281 uane-

294 1327 384 1370 uerso
405 1308 497 1370 altero
518 1309 608 1388 ligno,
631 1317 718 1389 atquo
739 1308 824 1370 sedili
845 1307 913 1370 sive.
929 1308 1097 1380 soabellrdo,
1131 1308 1209 1370 eraoi
1231 1307 1370 1386 imposito
1392 1313 1419 1366 et
1437 1321 1486 1364 ean

296 1394 466 1456 erodente.
506 1393 569 1455 Nor
600 1413 671 1455 vers
704 1393 773 1456 alibi
796 1393 1014 1454 observavimus
1048 1393 1146 1466 (Τοι.
1167 1392 1190 1453 t
1211 1393 1349 1471 Apparet
1370 1409 1398 1470 p.
1419 1389 1486 1460 597.)

296 1487 393 1540 ortana
411 1478 491 1540 inter
509 1477 643 1540 eruditos
664 1478 899 1540 matruersianr
915 1489 1012 1540 uuum
1034 1477 1109 1539 illud
1127 1477 1285 1540 sabelium
1315 1495 1369 1538 sea
1396 1474 1487 1553 lignum

295 1563 439 1626 excedens
470 1563 526 1625 toti
558 1561 1128 1642 hominisonreibriosepooiveleias
1153 1561 1486 1640 animaduerso

293 1655 464 1728 poneretur.
507 1648 567 1710 Sed
594 1667 660 1709 oum
680 1649 772 1711 sedile
794 1667 811 1710 a
832 1647 1015 1710 Tertulliano
1033 1655 1136 1708 nostro
1159 1647 1330 1727 appellatur,
1358 1647 1412 1707 hoo
1428 1656 1484 1722 pro·

295 1731 432 1794 ouldubio
461 1733 580 1794 nomine
608 1732 679 1794 satis
706 1739 806 1812 aperte
829 1732 923 1793 innuit
942 1731 1013 1794 illud
1034 1732 1064 1792 in
1087 1731 1181 1793 mucis
1203 1731 1302 1794 medio
1325 1729 1443 1810 pastun
1461 1742 1485 1786 ao

294 1817 327 1878 in
348 1835 384 1876 eo
406 1816 587 1895 requievisse
608 1817 738 1878 crucifixi
759 1817 890 1878 bominis
911 1833 1028 1895 eorpus,
1051 1835 1089 1878 ne
1111 1816 1235 1895 graviori
1260 1835 1314 1877 sua
1335 1815 1410 1876 mole
1428 1809 1484 1872 dila·

246 1957 253 1968 ,
294 1900 415 1964 metor
435 1909 485 1962 aut
506 1901 606 1962 lraotis
627 1901 763 1962 manibus
785 1902 911 1962 caderet.
951 1900 1088 1962 Nonnulli
1110 1910 1207 1962 autern
1227 1908 1333 1980 putant
1346 1894 1485 1960 hoesodilt
1526 1961 1527 1966 ,

296 1984 441 2064 designari
473 1985 521 2046 his
543 1985 677 2047 eiusdem
698 1985 867 2048 Tertulliani
889 1986 984 2048 nostri
1006 1985 1063 2047 alio
1085 1985 1117 2046 in
1137 1985 1212 2046 libro
1235 1985 1349 2046 verbis:
1386 1984 1485 2045 &mro
1526 1967 1527 2036 l

295 2075 394 2133 enters
416 2073 545 2144 cateiam·
575 2089 646 2132 eom
668 2083 696 2135 et
717 2075 749 2132 io
770 2082 902 2134 ooteaoo
923 2075 1019 2142 eoois,
1048 2089 1122 2152 quoe
1144 2075 1243 2133 erneis
1262 2089 1340 2152 pors
1362 2080 1411 2139 est,
1432 2079 1484 2126 eor·
1526 2041 1527 2134 l

293 2174 357 2216 nuo
389 2159 591 2216 extremitates
624 2165 789 2228 vorentur,
822 2159 979 2219 unicornis
1012 2164 1112 2216 eutem
1143 2156 1241 2216 medio
1274 2157 1383 2234 strpitis
1411 2149 1483 2233 poltt

296 2238 430 2312 tTertull.
452 2238 502 2300 lib.
525 2239 560 2300 ad
581 2239 708 2302 ludaeos
728 2258 789 2319 oap.
813 2243 867 2317 2.).
911 2240 1051 2301 Fatentur
1078 2247 1176 2302 tamen
1205 2257 1268 2300 non
1295 2240 1380 2320 plane
1405 2237 1484 2325 inror-

294 2329 414 2401 ruptum
435 2341 502 2384 esse
525 2323 604 2384 hrrne
636 2323 733 2386 loonm
760 2341 816 2386 neo
842 2324 967 2403 proinde
989 2333 1070 2400 oerto
1091 2325 1207 2386 deliniri
1228 2343 1323 2403 posse
1343 2331 1434 2384 utrum
1451 2316 1486 2376 los

294 2407 514 2488 posterioribus
539 2407 638 2470 uerbis
666 2417 779 2470 rectum
808 2408 903 2472 moab
931 2409 1042 2487 lignum
1069 2428 1131 2470 nou
1157 2409 1325 2480 denotetur,
1369 2407 1403 2470 bt
1422 2411 1483 2492 erto

296 2491 417 2554 dnbirun
444 2511 512 2554 esse
540 2493 654 2554 videtur
679 2492 823 2572 integram
849 2511 883 2555 ae
909 2495 1070 2572 perlaetam
1099 2493 1135 2556 ab
1162 2494 1211 2554 illo
1239 2493 1379 2574 appellari
1399 2487 1483 2552 Christ

295 2594 413 2640 oruoem
435 2585 561 2656 utroque
581 2576 661 2656 ligno
683 2585 764 2640 reeta
787 2585 817 2638 et
837 2585 1007 2640 mansuerso
1030 2597 1064 2646 ao
1085 2578 1172 2642 sedili
1193 2579 1395 2658 conpositas
1526 2641 1527 2646 ,

380 2661 572 2726 Etbuioorum
593 2670 691 2724 autern
713 2661 887 2724 Christianis
907 2663 998 2726 buius
1022 2663 1119 2726 erucis
1144 2662 1255 2726 odron
1272 2655 1484 2743 exprobrantium
1526 2723 1527 2726 ,

294 2753 329 2806 ut
348 2747 542 2810 temeritatem
562 2747 745 2826 comprimat,
768 2746 950 2825 conglobatis
973 2748 1152 2827 mqrrmontis
1174 2749 1305 2810 ostendit
1325 2748 1417 2828 plnres
1430 2739 1484 2831 alias
1526 2735 1527 2746 ’

295 2849 397 2892 eruces
425 2849 484 2892 non
515 2829 610 2892 solum
637 2831 776 2910 integras,
806 2831 860 2894 sed
888 2851 988 2894 earum
1016 2833 1104 2896 etiarn
1120 2840 1223 2911 partos
1245 2833 1284 2894 ab
1305 2831 1360 2896 illis
1381 2829 1484 2892 adoran·
1526 2841 1527 2868 ³

294 2913 360 2976 Non
382 2915 470 2988 enirn,
493 2916 536 2976 uti
558 2915 607 2989 ait,
631 2917 830 2996 distinguitur
850 2937 870 2978 o
892 2922 989 2980 oreris
1011 2921 1113 2997 strpite
1133 2917 1236 2979 Pollos
1253 2921 1398 2980 Attr'ooet
1415 2911 1484 2973 tero
1526 2919 1527 2984 l

266 2997 419 3076 ,Ptorrq
448 3019 522 3084 quoe
549 3004 612 3063 stae
641 2999 741 3148 aptota
768 3002 842 3063 rodi
867 2999 940 3083 polo
963 3011 992 3064 et
1013 3004 1143 3082 informi
1164 3001 1244 3082 liqno
1264 3011 1385 3084 prostat
1413 2993 1481 3070 (Ter-
1526 2993 1527 3034 l

293 3083 404 3145 tullian.
415 3085 567 3164 Apologot.
579 3103 642 3164 cap.
676 3089 729 3162 6.).
751 3083 845 3166 tque
866 3085 939 3146 liaeo
958 3085 1065 3147 iisdenr
1087 3103 1181 3166 paene
1201 3087 1301 3148 verbis
1323 3087 1353 3148 in
1373 3081 1438 3146 libro
1457 3071 1483 3134 tl

293 3164 434 3229 Nationes
456 3169 562 3248 repetit
584 3167 644 3239 (lib.
667 3169 690 3230 l.
713 3168 749 3231 a‘d
770 3169 886 3232 Notion.
909 3187 972 3249 eap.
997 3173 1069 3245 11.).
1115 3169 1176 3233 Sed
1201 3170 1233 3231 in
1261 3170 1371 3233 nostris
1397 3177 1481 3228 nant·

294 3251 412 3330 scriptis
435 3253 648 3331 exemplaribus
671 3253 812 3332 seriptum
834 3261 881 3316 est
897 3253 985 3317 Ceres
1000 3255 1131 3328 Fortem,
1154 3256 1184 3318 in
1206 3253 1414 3336 antiquioribus
1433 3243 1482 3308 ed·
1526 3259 1527 3264 ’

293 3335 333 3396 tis
358 3335 444 3398 Ceres
467 3335 591 3410 Ferrea,
620 3356 694 3417 quae
715 3338 802 3400 lectio
825 3337 958 3418 pluribus
980 3339 1084 3420 placet,
1112 3340 1180 3421 quia
1202 3333 1302 3402 Cereri
1323 3341 1378 3401 boe
1396 3343 1482 3396 nomon
1526 3323 1527 3416 J

293 3417 361 3480 ideo
383 3420 555 3498 impositum
576 3431 705 3508 densent,
727 3423 806 3502 qrrod
828 3423 875 3484 illa
896 3425 940 3485 lar
960 3426 1118 3504 frugesque
1140 3424 1289 3488 invenisse
1310 3419 1481 3506 perlitatu-
1526 3417 1527 3478 1

292 3502 348 3565 Alli
376 3520 445 3565 vero
472 3504 625 3583 legendum
659 3505 771 3567 malunt
791 3505 905 3570 Plorr‘o
927 3527 980 3570 seu
1003 3507 1104 3582 Foeta,
1133 3510 1217 3572 siouti
1239 3510 1270 3571 in
1292 3509 1365 3572 libro
1385 3503 1420 3566 ad
1435 3497 1480 3559 Na·

293 3588 401 3650 tiones.
444 3588 488 3648 Eo
516 3589 596 3650 eninr
624 3590 798 3670 cognomine
827 3591 963 3654 Cererem
991 3593 1163 3674 appellatam
1188 3601 1351 3667 autumant,
1379 3579 1481 3670 quiritt

292 3671 390 3735 Pbalo
418 3673 538 3753 Aegypti
564 3674 659 3736 insula
688 3675 848 3738 colebatur.
891 3673 933 3739 lle
962 3695 996 3740 ea
1023 3695 1114 3758 porro
1144 3679 1252 3758 aliquid
1281 3679 1311 3740 in
1338 3679 1431 3738 nosna
1454 3663 1480 3725 dt

292 3755 423 3822 blinuoii'
432 3757 537 3820 Felicis
561 3759 680 3820 Octavio
703 3761 909 3824 dissertatione
932 3761 1119 3826 observatum
1133 3781 1149 3825 a
1164 3763 1251 3825 nobis
1267 3763 1321 3827 llrit
1342 3753 1479 3838 (disserat

292 3843 325 3906 in
345 3844 451 3906 lllinue.
474 3861 537 3924 cap.
562 3847 610 3908 14.
632 3847 693 3906 brt.
715 3850 769 3922 4.).

377 3927 444 3990 Non
466 3925 556 3991 semel
577 3938 674 3990 autent
696 3929 727 3990 in
749 3930 813 3992 aliis
836 3929 1091 3994 dissertationibus
1114 3931 1212 4007 (Tora.
1234 3931 1258 3996 1.
1280 3931 1408 4013 Apparet
1428 3931 1478 4002 paq.

294 4007 356 4078 734
379 4020 410 4074 et
431 4031 511 4092 seqq.
541 4031 575 4075 ao
601 4011 754 4077 Dissertat
782 4015 813 4076 in
840 4015 949 4077 Arnoh.
982 4033 1044 4096 cap.
1067 4019 1118 4082 to.
1146 4018 1207 4080 Art
1232 4021 1274 4095 1.)
1302 4009 1478 4078 aduoannus

294 4105 448 4176 autequam
478 4098 602 4178 gentiles
625 4099 747 4160 deorum
770 4115 893 4162 suorum
914 4099 1068 4163 simulacra
1090 4102 1126 4162 ad
1147 4101 1279 4164 bominis
1299 4099 1416 4178 effigiem
1434 4089 1476 4148 ΕΠ·

293 4179 418 4254 1issent
445 4201 463 4244 a
489 4183 663 4263 quibusdam
691 4185 846 4257 aoinaeem,
875 4185 914 4246 ab
938 4185 1002 4247 aliis
1031 4186 1169 4265 gladium,
1201 4203 1314 4260 eum,
1339 4185 1476 4246 ruunt

293 4265 445 4327 multis
469 4267 606 4346 lapidem,
634 4268 671 4330 ab
698 4269 762 4332 aliis
788 4270 862 4332 rude
887 4270 1000 4350 lignano
1027 4279 1057 4332 et
1083 4271 1215 4350 su'pitem
1244 4285 1304 4333 mn
1325 4267 1477 4332 elaboratml

293 4365 351 4430 pro
381 4348 565 4414 strumis
590 4353 685 4416 luisse
710 4363 741 4415 et
768 4355 895 4430 adorata
939 4355 997 4428 Qui
1025 4356 1144 4435 quidem
1170 4375 1238 4418 rnos
1264 4355 1343 4436 apud
1361 4343 1476 4430 (ΝΜ

294 4440 398 4580 ξέἓὲῖε
417 4433 771 4584 ffitipsmpersffirasit
789 4437 986 4586 'raptum
1008 4449 1104 4587 πρωΐ
1127 4441 1290 4538 significare
1311 4437 1477 4582 vidtetpffl

294 4601 327 4667 in
347 4602 446 4728 Plnrp
464 4537 561 4666 risula
577 4523 876 4688 afflqbod
896 4533 1313 4692 turdissdeliboritabfflpbleugboble
1321 4541 1478 4688 pm?
1526 4629 1527 4646 ¹
