3144 5236
263 327 323 390 186
360 342 551 385 orsssnrarro
568 341 598 382 ru
613 341 662 390 ou.
679 340 763 382 sarr.
781 339 866 382 raon.
883 339 1079 382 τιιιιιιιιιιιιιι
1094 337 1417 382 mcuocsrrcuucerr.

261 511 293 555 aa
323 493 490 557 cadentium
517 495 620 567 euitat,
648 508 710 552 ιιοιι
743 489 907 552 eaaudieaa
930 502 1002 552 rota
1023 507 1076 552 uec
1098 491 1201 551 uestri
1219 493 1360 572 curiosus
1388 488 1478 566 (idem

259 577 310 638 lih.
333 577 380 636 tv.
404 577 440 637 de
462 575 588 636 Becehc.
612 593 675 652 cap.
702 576 750 637 19.
773 576 890 653 ιι.79.).
921 574 955 634 ln
977 573 1101 652 quadam
1124 591 1243 651 quoque
1265 573 1477 652 epistolaeua·

260 661 328 722 dem
356 659 475 721 illorum
502 677 635 720 errorem
658 658 701 720 sia
722 658 864 737 reprobat
884 677 918 718 aa
938 657 1114 736 proscribit:
1143 657 1212 719 Noa
1234 659 1269 719 de
1291 677 1325 719 ea
1342 657 1477 737 philosa-

257 746 332 826 phr'a
354 745 472 826 loquor,
501 763 575 825 quae
600 747 691 804 ciuem
713 753 804 804 eatra
823 746 960 822 patriam
979 747 1093 822 posuit
1124 752 1215 804 extra
1236 743 1379 804 muudum
1399 744 1475 812 aleae,

260 847 335 910 quae
346 833 488 890 uirtutem
500 828 654 908 uoluptati
663 828 742 889 dedu
759 827 852 900 (ldem
866 827 917 887 lib.
940 825 1067 906 Epistol.
1082 828 1134 890 90.
1150 843 1180 904 p.
1197 829 1246 888 71
1251 833 1271 898 l
1293 825 1475 904 philosophia

259 913 393 974 videlicet
414 911 559 990 epicurea.
589 911 655 972 Non
678 910 846 972 Stoicorum
869 928 949 988 ergo,
973 910 1025 972 sed
1047 910 1260 989 Epicureorum
1282 910 1356 971 hanc
1375 909 1474 970 salsam

259 997 429 1076 opinionem
452 995 542 1058 lauisse
564 995 745 1056 testificatur.

343 1081 449 1142 Nonne
470 1087 566 1142 autem
591 1097 626 1140 ex
648 1079 715 1152 hoc,
738 1078 851 1157 inquiet
872 1077 987 1157 aliquis,
1012 1078 1142 1140 Senecae
1158 1079 1329 1140 testimonio
1344 1077 1473 1138 concludi

258 1173 369 1245 potest,
392 1164 608 1226 emendandum
631 1181 698 1224 esse
721 1161 893 1224 Tertulliani
927 1171 1037 1223 textum
1070 1181 1156 1258 arque
1179 1163 1209 1223 iu
1232 1181 1267 1224 eo
1290 1162 1476 1223 scribendum

257 1249 404 1330 Epicurei
432 1267 487 1329 pro
511 1246 629 1312 Stoici?
671 1248 762 1309 Recte
782 1245 911 1326 quidem,
935 1247 961 1306 si
984 1246 1053 1308 illud
1077 1246 1191 1307 ratione
1213 1246 1309 1326 aliqua
1330 1247 1404 1306 satis
1418 1246 1475 1306 ati-

197 1373 207 1394 .
257 1353 315 1412 que
337 1332 430 1394 valida
452 1332 605 1412 probetur.
634 1335 671 1392 ht
693 1339 770 1392 certe
792 1349 854 1392 non
869 1349 928 1392 una
941 1331 997 1391 tait
1006 1326 1180 1393 Stoicorum
1195 1331 1305 1392 dclleo
1322 1330 1476 1401 sententia,

259 1418 312 1478 sed
340 1417 475 1488 maxima,
505 1416 549 1477 uti
571 1416 708 1489 diximus,
731 1415 905 1495 opinionum
927 1415 1063 1477 varietas.
1108 1415 1139 1475 Si
1161 1415 1211 1493 qui
1233 1423 1330 1476 autem
1352 1433 1390 1476 er
1412 1414 1476 1486 illis,

257 1501 301 1562 uti
327 1503 477 1580 praelatus
499 1502 620 1572 Seneca,
643 1462 737 1578 Derim
766 1498 862 1577 aliquo
895 1499 985 1560 modo
1013 1509 1094 1562 extm
1122 1499 1224 1560 muudi
1252 1501 1328 1560 tiues
1349 1499 1478 1577 positum

216 1605 221 1611 ·
259 1586 490 1658 somniaverunt,
519 1584 590 1646 illud
612 1571 794 1645 Tertulliano
823 1582 896 1644 satis
925 1583 1018 1645 luisse
1041 1583 1108 1662 quis
1130 1601 1257 1662 uuquam
1281 1581 1478 1644 iuticiahitur?

256 1669 356 1730 Potuit
378 1670 457 1730 enim
479 1669 641 1747 Epicureis,
664 1687 739 1746 quos
761 1667 870 1728 ethnici
892 1667 1135 1746 aspernabantur,
1169 1667 1289 1728 omissis
1312 1667 1479 1728 Stoicomm

254 1753 353 1814 lacere
380 1753 572 1814 mentionem.
616 1754 834 1824 Verumtamen,
867 1770 1058 1830 quaecunque
1086 1751 1214 1830 genuina
1240 1751 1280 1812 sit
1307 1750 1479 1812 Tertulliani

257 1837 354 1909 lectio,
384 1838 461 1898 idem
489 1837 546 1898 erit
573 1835 835 1915 argumentationis
866 1835 930 1898 eius
951 1837 1068 1915 pondus
1090 1835 1247 1896 ac‘robur.
1291 1835 1365 1896 Nam
1389 1853 1428 1896 ex
1447 1853 1479 1895 ea

258 1929 288 1980 et
314 1918 361 1982 his
391 1920 528 1982 omnihus
556 1939 630 2000 quae
659 1921 803 1981 hacteuus
831 1920 977 1999 disputata
1000 1927 1080 1992 suut,
1109 1920 1201 1981 cuivis
1225 1919 1334 1998 liquido
1357 1919 1477 1998 patebit,

257 2023 346 2083 quam
367 2004 473 2066 merito
506 2005 571 2065 iure
593 2005 641 2065 ille
663 2013 815 2065 assereret
835 2011 893 2065 tam
917 2004 1033 2066 dilliaile
1056 2003 1149 2066 luisse
1170 2003 1357 2083 philosophis
1380 2003 1480 2064 amni-

255 2088 313 2150 bus
335 2096 481 2162 naturam,
504 2088 671 2167 qualitatem
694 2096 725 2148 et
745 2089 847 2150 sedern
869 2088 921 2149 [tei
944 2088 1109 2166 designare,
1132 2107 1220 2168 quam
1241 2088 1272 2149 id
1294 2087 1338 2149 rel
1360 2087 1478 2149 intimae

257 2173 349 2233 sortis
370 2135 537 2235 Christiano
559 2180 729 2251 promptum
754 2172 895 2251 laudeque
916 2172 979 2234 luit.

341 2258 449 2318 Vemm
476 2256 548 2317 illud
576 2257 671 2317 adhuc
693 2257 866 2317 auctoritate
889 2257 1079 2338 confirmatur
1100 2255 1242 2326 Platonis,
1272 2255 1388 2318 illorum
1410 2274 1480 2316 om-

256 2341 338 2402 nium
361 2340 444 2402 lacilc
465 2341 617 2420 principis,
640 2341 701 2420 qui,
725 2337 802 2402 sieut
822 2340 886 2419 ipse
901 2341 1098 2409 Tertullianus
1113 2349 1259 2402 memorat
1273 2357 1387 2420 uosque
1401 2339 1481 2402 haud

257 2426 349 2486 semel
371 2425 643 2494 animadvertimus,
664 2425 759 2503 palam
781 2443 836 2502 pro
838 2425 938 2486 lessus
962 2433 1018 2495 est,
1031 2425 1246 2525 factitatorem
1267 2428 1481 2487 uaioerutatie

256 2528 351 2591 aeque
373 2513 505 2571 inueniri
525 2509 647 2588 facilem
668 2522 697 2573 et
719 2513 874 2570 iacentum
888 2513 1037 2570 enarrari
1049 2515 1082 2570 iu
1098 2527 1198 2571 amaea
1215 2508 1369 2589 di'sfiailem
1391 2509 1481 2579 (Ter-

256 2593 368 2654 tullian.
389 2593 543 2672 apologet.
566 2611 629 2670 cap.
653 2595 704 2656 46.
729 2593 801 2653 Plat.
824 2593 900 2653 Tim.
923 2612 952 2671 p.
972 2595 1047 2669 ιιι).
1094 2591 1293 2665 Quamobrem
1316 2599 1483 2654 sectatores

256 2676 331 2752 eius,
353 2677 396 2739 uti
419 2677 474 2737 alio
497 2678 527 2738 ιιι
548 2676 624 2737 libro
647 2677 688 2737 ait
708 2676 818 2737 Auctor
839 2686 952 2750 noster,
974 2677 1067 2748 illum,
1089 2697 1172 2757 quem
1194 2696 1257 2738 aaa
1275 2681 1401 2756 penitae
1425 2679 1483 2740 od-

256 2767 403 2825 miseraat
434 2781 528 2841 aeque
557 2780 648 2824 nasae
678 2772 848 2841 potueruut
870 2780 963 2841 aeque
986 2765 1091 2823 timere
1119 2781 1172 2822 uec
1194 2762 1262 2822 iude
1283 2779 1401 2840 sapere,
1426 2781 1483 2824 er.-

257 2848 424 2909 orbitautes
447 2847 559 2908 scillcet
581 2847 617 2908 ab
640 2850 727 2907 initia
751 2849 925 2925 sapientiae,
948 2847 981 2906 id
1003 2856 1048 2907 est
1068 2857 1148 2907 metu
1170 2851 1203 2908 ia
1227 2845 1321 2906 Deum
1342 2844 1445 2917 (Tam.
1459 2845 1482 2906 l.

254 2932 392 3010 Apparet.
415 2950 444 3009 ιι.
467 2933 540 2995 948.
563 2930 717 2990 Dissertat.
740 2929 771 2989 in
792 2929 894 2990 hliuut.
919 2931 1018 2990 Octav.
1043 2929 1111 3008 Cap.
1135 2934 1165 2993 4.
1187 2931 1248 2990 hrt.
1265 2932 1318 3004 2.).
1350 2929 1485 3000 Quilibet

198 3043 202 3052 ¹
255 3033 325 3076 vero
349 3014 533 3076 Christianus
560 3013 641 3076 illum
669 3013 781 3074 invenit
808 3021 838 3074 et
865 3015 997 3094 quadiu
1020 3014 1083 3075 Dea
1105 3020 1274 3094 quaeritur,
1308 3031 1342 3074 re
1363 3033 1483 3094 quoque

256 3101 396 3177 adar'quat
418 3099 600 3171 (Tertulliau.
624 3097 674 3158 lib.
698 3098 734 3158 ll.
758 3097 794 3158 ad
816 3097 931 3158 Nation.
955 3117 1019 3177 cap
1043 3101 1104 3172 2.,)
1132 3099 1230 3176 ipsum
1253 3097 1389 3158 videlicet
1411 3117 1483 3160 esse

255 3199 359 3253 unum,
387 3183 630 3259 omnipotentem,
660 3182 816 3254 infinitum,
845 3181 948 3242 mundi
970 3191 1132 3242 creatorem
1156 3190 1186 3242 et
1207 3200 1266 3260 quo
1288 3181 1362 3242 nihil
1383 3183 1482 3244 maius

255 3263 420 3342 meliusque
449 3265 607 3344 excogitari
634 3273 744 3344 potest.
790 3267 978 3361 Quapropter
1007 3285 1073 3326 eum
1102 3266 1185 3327 timet
1214 3275 1244 3326 et
1270 3265 1358 3343 louge
1386 3267 1482 3346 magis

256 3347 343 3424 sapit,
366 3365 453 3424 quarn
475 3349 505 3408 hi
528 3349 634 3410 ceteris
656 3349 842 3428 philosophis
865 3350 1071 3428 sapientiores.

339 3430 472 3509 lienique
495 3450 554 3492 non
576 3433 729 3494 minimam
753 3433 852 3494 adbuc
869 3453 903 3494 ea
916 3433 1088 3496 Tertulliani
1109 3434 1198 3495 rerba
1220 3432 1329 3494 habent
1351 3433 1483 3496 difficul-

255 3521 354 3586 tatem,
383 3513 490 3593 quibus
517 3517 594 3576 aliud
623 3516 868 3595 philosophorum
897 3519 933 3578 de
955 3518 1018 3578 Deo
1040 3518 1142 3580 mundi
1165 3525 1297 3578 creatore
1320 3517 1483 3579 dissidium

253 3599 380 3660 notavit:
413 3599 524 3668 Totum,
554 3600 658 3678 iuquit,
681 3601 735 3663 bac
756 3602 864 3662 muudi
884 3621 1006 3682 carpus,
1036 3607 1098 3664 sice
1121 3606 1259 3664 iuuatum
1282 3613 1310 3664 et
1332 3602 1483 3680 insertum

254 3686 417 3746 secuudum
446 3683 656 3763 Pythaaararm
689 3689 753 3746 eice
784 3696 891 3748 uatum
919 3697 951 3748 ‘et
981 3688 1098 3766 sactum
1129 3687 1292 3748 secuudum
1321 3684 1484 3749 Platonem

254 3768 436 3844 (Tertulliau.
448 3769 602 3848 Apologet.
615 3787 678 3848 cap.
694 3772 766 3838 ιιι
797 3768 892 3841 Quam
915 3770 994 3832 enim
1016 3779 1129 3832 certum
1151 3779 1198 3832 est
1218 3770 1294 3830 hauc
1314 3769 1352 3830 de
1367 3771 1481 3830 munda

254 3863 352 3915 creato
375 3854 479 3927 luisse,
502 3861 534 3915 ut
555 3852 623 3913 alibi
646 3853 843 3926 ostendimus,
865 3853 996 3916 Platonis
1020 3853 1200 3933 opinionem,
1223 3861 1282 3914 tam
1303 3853 1458 3914 falsum
1431 3873 1482 3914 rr-

233 3937 341 3998 ·detur
366 3938 561 4017 Pythagoram
589 3937 730 3998 docuisse
758 3937 838 4016 illum
867 3939 1000 4000 innatum
1028 3947 1058 3999 et
1084 3939 1223 4000 iniectum
1252 3937 1358 3998 luisse.
1403 3937 1480 3998 Nam

252 4019 363 4080 ibidem
384 4022 605 4083 observavimus
628 4041 643 4081 a
667 4009 820 4083 Lactantio
841 4022 992 4082 adfirmata
1014 4013 1200 4101 pronuntiari
1223 4040 1327 4083 omnes
1350 4022 1388 4082 ad
1402 4021 1481 4099 Epi-

253 4120 356 4163 curum
379 4105 575 4186 philosophos
606 4123 641 4166 ac
661 4105 835 4166 nominatim
860 4107 1069 4185 Pythagoricos
1102 4112 1273 4167 constanter
1305 4106 1480 4167 adseruisse

251 4187 394 4248 muudum
417 4208 485 4250 esse
499 4193 608 4252 lactum
623 4198 653 4250 et
667 4198 795 4250 creatum
819 4189 1009 4261 (Dissertat'
1000 4209 1031 4250 ιιι
1047 4190 1178 4251 bactant.
1196 4189 1266 4268 Cap.
1279 4192 1331 4252 21.
1345 4189 1409 4252 hrt.
1422 4192 1479 4265 2..)

253 4270 333 4341 Quin
355 4269 443 4332 etiam
464 4274 637 4336 Plutarchus
658 4273 858 4335 disertissime
880 4273 1007 4334 declarat
1032 4274 1155 4336 eandem
1177 4274 1272 4336 luisse
1294 4273 1480 4352 Pythagorae

251 4361 338 4430 atque
360 4354 492 4418 Platonis
515 4377 548 4418 ea
569 4359 606 4420 de
628 4377 661 4418 re
684 4357 869 4459 senteutiam.
914 4357 959 4418 En
990 4375 1095 4458 graeca
1123 4358 1187 4420 eius
1209 4357 1315 4419 verba:
1351 4359 1480 4420 Πυθα-

243 4433 350 4520 'atqua
377 4439 431 4500 και
453 4437 597 4505 Πλάτων
624 4439 757 4526 γενητὸν
779 4433 847 4504 ὑπὸ
871 4441 957 4505 Θεοῦ
979 4437 1036 4504 τὸν
1055 4437 1138 4523 iadau
1142 4463 1188 4504 or.
1234 4442 1427 4520 Pythagoraa
1451 4455 1480 4504 et

250 4522 339 4585 Plato
361 4525 506 4585 muudum
527 4544 546 4585 a
567 4527 632 4589 Deo
653 4530 771 4606 sactum
791 4527 939 4588 arbitrati
958 4538 1031 4588 aaut
1043 4526 1201 4603 (Plutarch
1213 4525 1264 4586 lib.
1276 4525 1314 4586 ll.
1326 4525 1481 4586 dePlamt.
