<?xml version="1.0" encoding="UTF-8"?>
<!DOCTYPE html PUBLIC "-//W3C//DTD XHTML 1.0 Transitional//EN"
    "http://www.w3.org/TR/xhtml1/DTD/xhtml1-transitional.dtd">
<html xmlns="http://www.w3.org/1999/xhtml" xml:lang="en" lang="en">
 <head>
  <title>
</title>
<meta http-equiv="Content-Type" content="text/html;charset=utf-8" />
  <meta name='ocr-system' content='tesseract 3.04.00' />
  <meta name='ocr-capabilities' content='ocr_page ocr_carea ocr_par ocr_line ocrx_word'/>
</head>
<body>
  <div class='ocr_page' id='page_1' title='image "./quaesupersuntom01oehlgoog_0436.png"; bbox 0 0 3196 5250; ppageno 0'>
   <div class='ocr_carea' id='block_1_1' title="bbox 508 383 1329 446">
    <p class='ocr_par' dir='ltr' id='par_1_1' title="bbox 508 383 1329 446">
     <span class='ocr_line' id='line_1_1' title="bbox 508 383 1329 446; baseline 0.009 -7"><span class='ocrx_word' id='word_1_1' title='bbox 508 395 641 440; x_wconf 81' lang='lat' dir='ltr'><strong>sacrans</strong></span> <span class='ocrx_word' id='word_1_2' title='bbox 663 395 721 440; x_wconf 83' lang='lat' dir='ltr'><strong>ura.</strong></span> <span class='ocrx_word' id='word_1_3' title='bbox 744 397 782 440; x_wconf 82' lang='lat' dir='ltr'><strong>us</strong></span> <span class='ocrx_word' id='word_1_4' title='bbox 801 395 929 440; x_wconf 72' lang='lat' dir='ltr'><strong>noum</strong></span> <span class='ocrx_word' id='word_1_5' title='bbox 1263 383 1329 446; x_wconf 59' lang='grc' dir='ltr'><strong>ΜΩ</strong></span> 
     </span>
    </p>
   </div>
   <div class='ocr_carea' id='block_1_2' title="bbox 115 545 1327 1902">
    <p class='ocr_par' dir='ltr' id='par_1_2' title="bbox 115 545 1327 1902">
     <span class='ocr_line' id='line_1_2' title="bbox 120 545 1325 626; baseline 0.002 -18"><span class='ocrx_word' id='word_1_6' title='bbox 120 565 196 626; x_wconf 77' lang='lat' dir='ltr'><strong>aym.</strong></span> <span class='ocrx_word' id='word_1_7' title='bbox 216 545 309 625; x_wconf 82' lang='lat' dir='ltr'><strong>Epist.</strong></span> <span class='ocrx_word' id='word_1_8' title='bbox 332 551 385 612; x_wconf 69' lang='lat'><strong>57·</strong></span> <span class='ocrx_word' id='word_1_9' title='bbox 407 548 443 609; x_wconf 87' lang='lat' dir='ltr'><strong>ad</strong></span> <span class='ocrx_word' id='word_1_10' title='bbox 465 548 546 610; x_wconf 81' lang='lat' dir='ltr'><strong>Luat.</strong></span> <span class='ocrx_word' id='word_1_11' title='bbox 570 556 600 610; x_wconf 89' lang='lat' dir='ltr'><strong>et</strong></span> <span class='ocrx_word' id='word_1_12' title='bbox 619 547 668 609; x_wconf 92' lang='lat' dir='ltr'><strong>lih.</strong></span> <span class='ocrx_word' id='word_1_13' title='bbox 691 548 714 610; x_wconf 92' lang='lat' dir='ltr'><strong>l.</strong></span> <span class='ocrx_word' id='word_1_14' title='bbox 738 547 801 609; x_wconf 87' lang='lat' dir='ltr'><strong>adv.</strong></span> <span class='ocrx_word' id='word_1_15' title='bbox 824 547 944 626; x_wconf 87' lang='lat' dir='ltr'><strong>lorin.)‚</strong></span> <span class='ocrx_word' id='word_1_16' title='bbox 978 547 1046 609; x_wconf 87' lang='lat' dir='ltr'><strong>alihi</strong></span> <span class='ocrx_word' id='word_1_17' title='bbox 1073 567 1144 609; x_wconf 88' lang='lat' dir='ltr'><strong>raro</strong></span> <span class='ocrx_word' id='word_1_18' title='bbox 1167 557 1196 610; x_wconf 87' lang='lat' dir='ltr'><strong>et</strong></span> <span class='ocrx_word' id='word_1_19' title='bbox 1216 549 1252 610; x_wconf 90' lang='lat' dir='ltr'><strong>ab</strong></span> <span class='ocrx_word' id='word_1_20' title='bbox 1275 551 1325 611; x_wconf 87' lang='lat' dir='ltr'><strong>ihu</strong></span> 
     </span>
     <span class='ocr_line' id='line_1_3' title="bbox 121 631 1327 712; baseline 0.004 -20"><span class='ocrx_word' id='word_1_21' title='bbox 121 641 148 693; x_wconf 89' lang='lat' dir='ltr'><strong>el</strong></span> <span class='ocrx_word' id='word_1_22' title='bbox 167 631 243 707; x_wconf 90' lang='lat' dir='ltr'><strong>aliis,</strong></span> <span class='ocrx_word' id='word_1_23' title='bbox 277 651 353 712; x_wconf 89' lang='lat' dir='ltr'><strong>quos</strong></span> <span class='ocrx_word' id='word_1_24' title='bbox 375 631 429 694; x_wconf 87' lang='lat' dir='ltr'><strong>alia</strong></span> <span class='ocrx_word' id='word_1_25' title='bbox 451 633 482 694; x_wconf 94' lang='lat' dir='ltr'><strong>in</strong></span> <span class='ocrx_word' id='word_1_26' title='bbox 510 631 721 694; x_wconf 79' lang='lat' dir='ltr'><strong>dissertatione</strong></span> <span class='ocrx_word' id='word_1_27' title='bbox 748 632 914 706; x_wconf 71' lang='lat' dir='ltr'><strong>citavimus,</strong></span> <span class='ocrx_word' id='word_1_28' title='bbox 948 633 1206 712; x_wconf 70' lang='lat' dir='ltr'><strong>gymnosophistae</strong></span> <span class='ocrx_word' id='word_1_29' title='bbox 1227 635 1327 698; x_wconf 84' lang='lat' dir='ltr'><strong>indiae</strong></span> 
     </span>
     <span class='ocr_line' id='line_1_4' title="bbox 119 716 1324 799; baseline 0.003 -22"><span class='ocrx_word' id='word_1_30' title='bbox 119 716 297 794; x_wconf 87' lang='lat' dir='ltr'><strong>appellantur</strong></span> <span class='ocrx_word' id='word_1_31' title='bbox 318 718 415 792; x_wconf 81' lang='lat' dir='ltr'><strong>(Tam.</strong></span> <span class='ocrx_word' id='word_1_32' title='bbox 431 718 453 778; x_wconf 88' lang='lat' dir='ltr'><strong>l.</strong></span> <span class='ocrx_word' id='word_1_33' title='bbox 475 718 611 797; x_wconf 86' lang='lat' dir='ltr'><strong>hpparat.</strong></span> <span class='ocrx_word' id='word_1_34' title='bbox 633 717 683 779; x_wconf 89' lang='lat' dir='ltr'><strong>lih.</strong></span> <span class='ocrx_word' id='word_1_35' title='bbox 706 717 756 779; x_wconf 87' lang='lat' dir='ltr'><strong>ill.</strong></span> <span class='ocrx_word' id='word_1_36' title='bbox 779 717 903 779; x_wconf 87' lang='lat' dir='ltr'><strong>Disserl.</strong></span> <span class='ocrx_word' id='word_1_37' title='bbox 925 720 954 780; x_wconf 73' lang='lat'><strong>2.</strong></span> <span class='ocrx_word' id='word_1_38' title='bbox 978 735 1040 797; x_wconf 82' lang='lat' dir='ltr'><strong>sap.</strong></span> <span class='ocrx_word' id='word_1_39' title='bbox 1059 721 1107 782; x_wconf 86' lang='lat'><strong>19.</strong></span> <span class='ocrx_word' id='word_1_40' title='bbox 1129 719 1191 780; x_wconf 78' lang='lat' dir='ltr'><strong>hrt</strong></span> <span class='ocrx_word' id='word_1_41' title='bbox 1209 724 1237 781; x_wconf 89' lang='lat' dir='ltr'><strong>l.</strong></span> <span class='ocrx_word' id='word_1_42' title='bbox 1259 737 1324 799; x_wconf 88' lang='lat' dir='ltr'><strong>pag.</strong></span> 
     </span>
     <span class='ocr_line' id='line_1_5' title="bbox 121 802 1326 883; baseline 0.002 -20"><span class='ocrx_word' id='word_1_43' title='bbox 121 803 197 866; x_wconf 81' lang='lat'>1160</span> <span class='ocrx_word' id='word_1_44' title='bbox 220 809 250 863; x_wconf 87' lang='lat' dir='ltr'><strong>el</strong></span> <span class='ocrx_word' id='word_1_45' title='bbox 270 808 376 882; x_wconf 69' lang='lat' dir='ltr'><strong>sequ).</strong></span> <span class='ocrx_word' id='word_1_46' title='bbox 420 805 456 864; x_wconf 86' lang='lat' dir='ltr'><strong>ht</strong></span> <span class='ocrx_word' id='word_1_47' title='bbox 477 803 585 864; x_wconf 88' lang='lat' dir='ltr'><strong>ibidem</strong></span> <span class='ocrx_word' id='word_1_48' title='bbox 608 803 733 883; x_wconf 80' lang='lat' dir='ltr'><strong>insuper</strong></span> <span class='ocrx_word' id='word_1_49' title='bbox 753 803 957 864; x_wconf 66' lang='lat' dir='ltr'><strong>annotavimus</strong></span> <span class='ocrx_word' id='word_1_50' title='bbox 981 802 1087 882; x_wconf 76' lang='lat' dir='ltr'><strong>duplex</strong></span> <span class='ocrx_word' id='word_1_51' title='bbox 1110 803 1213 864; x_wconf 89' lang='lat' dir='ltr'><strong>saltem</strong></span> <span class='ocrx_word' id='word_1_52' title='bbox 1234 805 1326 866; x_wconf 87' lang='lat' dir='ltr'><strong>inisse</strong></span> 
     </span>
     <span class='ocr_line' id='line_1_6' title="bbox 117 885 1326 966; baseline 0.002 -20"><span class='ocrx_word' id='word_1_53' title='bbox 117 885 227 947; x_wconf 91' lang='lat' dir='ltr'><strong>illorum</strong></span> <span class='ocrx_word' id='word_1_54' title='bbox 243 904 345 965; x_wconf 90' lang='lat' dir='ltr'><strong>genus.</strong></span> <span class='ocrx_word' id='word_1_55' title='bbox 376 887 496 966; x_wconf 85' lang='lat' dir='ltr'><strong>Siquis</strong></span> <span class='ocrx_word' id='word_1_56' title='bbox 519 905 608 966; x_wconf 84' lang='lat' dir='ltr'><strong>porro</strong></span> <span class='ocrx_word' id='word_1_57' title='bbox 630 887 799 966; x_wconf 88' lang='lat' dir='ltr'><strong>probaverit</strong></span> <span class='ocrx_word' id='word_1_58' title='bbox 819 887 885 947; x_wconf 89' lang='lat' dir='ltr'><strong>illos</strong></span> <span class='ocrx_word' id='word_1_59' title='bbox 906 904 967 948; x_wconf 91' lang='lat' dir='ltr'><strong>non</strong></span> <span class='ocrx_word' id='word_1_60' title='bbox 989 887 1083 948; x_wconf 92' lang='lat' dir='ltr'><strong>solum</strong></span> <span class='ocrx_word' id='word_1_61' title='bbox 1106 887 1137 948; x_wconf 91' lang='lat' dir='ltr'><strong>in</strong></span> <span class='ocrx_word' id='word_1_62' title='bbox 1158 887 1250 954; x_wconf 85' lang='lat' dir='ltr'><strong>ludia,</strong></span> <span class='ocrx_word' id='word_1_63' title='bbox 1273 889 1326 949; x_wconf 88' lang='lat' dir='ltr'><strong>sed</strong></span> 
     </span>
     <span class='ocr_line' id='line_1_7' title="bbox 116 970 1326 1051; baseline 0.003 -21"><span class='ocrx_word' id='word_1_64' title='bbox 116 971 239 1050; x_wconf 73' lang='lat' dir='ltr'><strong>Aegypto</strong></span> <span class='ocrx_word' id='word_1_65' title='bbox 263 971 351 1034; x_wconf 91' lang='lat' dir='ltr'><strong>eliam</strong></span> <span class='ocrx_word' id='word_1_66' title='bbox 374 991 444 1034; x_wconf 89' lang='lat' dir='ltr'><strong>suas</strong></span> <span class='ocrx_word' id='word_1_67' title='bbox 466 971 603 1051; x_wconf 79' lang='lat' dir='ltr'><strong>posuisse</strong></span> <span class='ocrx_word' id='word_1_68' title='bbox 625 973 729 1045; x_wconf 87' lang='lat' dir='ltr'><strong>sedes,</strong></span> <span class='ocrx_word' id='word_1_69' title='bbox 763 971 789 1032; x_wconf 88' lang='lat' dir='ltr'><strong>is</strong></span> <span class='ocrx_word' id='word_1_70' title='bbox 812 970 895 1032; x_wconf 88' lang='lat' dir='ltr'><strong>lacile</strong></span> <span class='ocrx_word' id='word_1_71' title='bbox 917 972 1129 1034; x_wconf 82' lang='lat' dir='ltr'><strong>Tertullianum</strong></span> <span class='ocrx_word' id='word_1_72' title='bbox 1157 973 1289 1051; x_wconf 82' lang='lat' dir='ltr'><strong>aliosque</strong></span> <span class='ocrx_word' id='word_1_73' title='bbox 1310 993 1326 1034; x_wconf 95' lang='lat' dir='ltr'><strong>a</strong></span> 
     </span>
     <span class='ocr_line' id='line_1_8' title="bbox 116 1054 1323 1134; baseline 0.003 -20"><span class='ocrx_word' id='word_1_74' title='bbox 116 1054 290 1117; x_wconf 81' lang='lat' dir='ltr'><strong>Philostrato</strong></span> <span class='ocrx_word' id='word_1_75' title='bbox 311 1057 445 1118; x_wconf 89' lang='lat' dir='ltr'><strong>laudalos</strong></span> <span class='ocrx_word' id='word_1_76' title='bbox 468 1058 545 1134; x_wconf 78' lang='lat' dir='ltr'><strong>inter</strong></span> <span class='ocrx_word' id='word_1_77' title='bbox 566 1075 600 1117; x_wconf 89' lang='lat' dir='ltr'><strong>se</strong></span> <span class='ocrx_word' id='word_1_78' title='bbox 621 1056 797 1119; x_wconf 77' lang='lat' dir='ltr'><strong>conciliabit</strong></span> <span class='ocrx_word' id='word_1_79' title='bbox 826 1055 961 1118; x_wconf 82' lang='lat' dir='ltr'><strong>Ceterum</strong></span> <span class='ocrx_word' id='word_1_80' title='bbox 985 1056 1035 1130; x_wconf 85' lang='lat' dir='ltr'><strong>illi,</strong></span> <span class='ocrx_word' id='word_1_81' title='bbox 1057 1057 1142 1118; x_wconf 88' lang='lat' dir='ltr'><strong>sicuti</strong></span> <span class='ocrx_word' id='word_1_82' title='bbox 1165 1066 1195 1118; x_wconf 87' lang='lat' dir='ltr'><strong>el</strong></span> <span class='ocrx_word' id='word_1_83' title='bbox 1213 1057 1323 1118; x_wconf 89' lang='lat' dir='ltr'><strong>Brach-</strong></span> 
     </span>
     <span class='ocr_line' id='line_1_9' title="bbox 117 1141 1325 1204; baseline 0.003 -4"><span class='ocrx_word' id='word_1_84' title='bbox 117 1157 212 1201; x_wconf 84' lang='lat' dir='ltr'><strong>manae</strong></span> <span class='ocrx_word' id='word_1_85' title='bbox 234 1141 271 1202; x_wconf 92' lang='lat' dir='ltr'><strong>uh</strong></span> <span class='ocrx_word' id='word_1_86' title='bbox 294 1141 359 1202; x_wconf 87' lang='lat' dir='ltr'><strong>aliis</strong></span> <span class='ocrx_word' id='word_1_87' title='bbox 382 1141 551 1204; x_wconf 88' lang='lat' dir='ltr'><strong>hominihus</strong></span> <span class='ocrx_word' id='word_1_88' title='bbox 574 1142 699 1202; x_wconf 87' lang='lat' dir='ltr'><strong>seiuncti</strong></span> <span class='ocrx_word' id='word_1_89' title='bbox 727 1141 916 1203; x_wconf 88' lang='lat' dir='ltr'><strong>durissimam</strong></span> <span class='ocrx_word' id='word_1_90' title='bbox 945 1141 1189 1204; x_wconf 89' lang='lat' dir='ltr'><strong>consectabantur</strong></span> <span class='ocrx_word' id='word_1_91' title='bbox 1210 1141 1325 1204; x_wconf 84' lang='lat' dir='ltr'><strong>vivendi</strong></span> 
     </span>
     <span class='ocr_line' id='line_1_10' title="bbox 117 1225 1267 1306; baseline 0.003 -22"><span class='ocrx_word' id='word_1_92' title='bbox 117 1231 144 1284; x_wconf 89' lang='lat' dir='ltr'><strong>el</strong></span> <span class='ocrx_word' id='word_1_93' title='bbox 163 1243 179 1286; x_wconf 94' lang='lat' dir='ltr'><strong>a</strong></span> <span class='ocrx_word' id='word_1_94' title='bbox 200 1225 275 1286; x_wconf 87' lang='lat' dir='ltr'><strong>cibis</strong></span> <span class='ocrx_word' id='word_1_95' title='bbox 298 1225 464 1288; x_wconf 87' lang='lat' dir='ltr'><strong>abstinendi</strong></span> <span class='ocrx_word' id='word_1_96' title='bbox 487 1227 641 1298; x_wconf 86' lang='lat' dir='ltr'><strong>rationem,</strong></span> <span class='ocrx_word' id='word_1_97' title='bbox 663 1246 678 1287; x_wconf 94' lang='lat' dir='ltr'><strong>a</strong></span> <span class='ocrx_word' id='word_1_98' title='bbox 700 1226 788 1287; x_wconf 90' lang='lat' dir='ltr'><strong>nohis</strong></span> <span class='ocrx_word' id='word_1_99' title='bbox 810 1225 875 1286; x_wconf 89' lang='lat' dir='ltr'><strong>loco</strong></span> <span class='ocrx_word' id='word_1_100' title='bbox 897 1225 955 1286; x_wconf 88' lang='lat' dir='ltr'><strong>iarn</strong></span> <span class='ocrx_word' id='word_1_101' title='bbox 977 1227 1065 1287; x_wconf 82' lang='lat' dir='ltr'><strong>citato</strong></span> <span class='ocrx_word' id='word_1_102' title='bbox 1088 1227 1267 1306; x_wconf 79' lang='lat' dir='ltr'><strong>explicatam.</strong></span> 
     </span>
     <span class='ocr_line' id='line_1_11' title="bbox 195 1309 1326 1389; baseline 0.002 -18"><span class='ocrx_word' id='word_1_103' title='bbox 195 1309 252 1372; x_wconf 88' lang='lat' dir='ltr'><strong>Sed</strong></span> <span class='ocrx_word' id='word_1_104' title='bbox 274 1311 361 1389; x_wconf 88' lang='lat' dir='ltr'><strong>longe</strong></span> <span class='ocrx_word' id='word_1_105' title='bbox 383 1311 545 1384; x_wconf 71' lang='lat' dir='ltr'><strong>desinitis,</strong></span> <span class='ocrx_word' id='word_1_106' title='bbox 574 1320 607 1373; x_wconf 91' lang='lat' dir='ltr'><strong>nt</strong></span> <span class='ocrx_word' id='word_1_107' title='bbox 627 1319 707 1372; x_wconf 92' lang='lat' dir='ltr'><strong>recle</strong></span> <span class='ocrx_word' id='word_1_108' title='bbox 730 1309 928 1372; x_wconf 77' lang='lat' dir='ltr'><strong>Tertullianus</strong></span> <span class='ocrx_word' id='word_1_109' title='bbox 951 1319 1054 1372; x_wconf 88' lang='lat' dir='ltr'><strong>noster</strong></span> <span class='ocrx_word' id='word_1_110' title='bbox 1075 1320 1233 1384; x_wconf 83' lang='lat' dir='ltr'><strong>asseverat,</strong></span> <span class='ocrx_word' id='word_1_111' title='bbox 1263 1320 1326 1373; x_wconf 86' lang='lat' dir='ltr'><strong>erat</strong></span> 
     </span>
     <span class='ocr_line' id='line_1_12' title="bbox 117 1393 1324 1474; baseline 0.003 -20"><span class='ocrx_word' id='word_1_112' title='bbox 117 1393 289 1456; x_wconf 89' lang='lat' dir='ltr'><strong>abstinentia</strong></span> <span class='ocrx_word' id='word_1_113' title='bbox 311 1395 559 1469; x_wconf 85' lang='lat' dir='ltr'><strong>Chrisliannrum,</strong></span> <span class='ocrx_word' id='word_1_114' title='bbox 591 1395 641 1474; x_wconf 90' lang='lat' dir='ltr'><strong>qui</strong></span> <span class='ocrx_word' id='word_1_115' title='bbox 664 1395 746 1458; x_wconf 90' lang='lat' dir='ltr'><strong>cibos</strong></span> <span class='ocrx_word' id='word_1_116' title='bbox 770 1395 828 1457; x_wconf 91' lang='lat' dir='ltr'><strong>sihi</strong></span> <span class='ocrx_word' id='word_1_117' title='bbox 850 1415 866 1456; x_wconf 91' lang='lat' dir='ltr'><strong>a</strong></span> <span class='ocrx_word' id='word_1_118' title='bbox 888 1395 950 1456; x_wconf 87' lang='lat' dir='ltr'><strong>Deo</strong></span> <span class='ocrx_word' id='word_1_119' title='bbox 972 1395 1056 1456; x_wconf 88' lang='lat' dir='ltr'><strong>datos</strong></span> <span class='ocrx_word' id='word_1_120' title='bbox 1080 1415 1144 1457; x_wconf 89' lang='lat' dir='ltr'><strong>cum</strong></span> <span class='ocrx_word' id='word_1_121' title='bbox 1168 1397 1324 1474; x_wconf 60' lang='lat' dir='ltr'><strong>mariarum</strong></span> 
     </span>
     <span class='ocr_line' id='line_1_13' title="bbox 117 1477 1324 1560; baseline 0.004 -22"><span class='ocrx_word' id='word_1_122' title='bbox 117 1480 224 1541; x_wconf 78' lang='lat' dir='ltr'><strong>aulone</strong></span> <span class='ocrx_word' id='word_1_123' title='bbox 247 1480 419 1554; x_wconf 88' lang='lat' dir='ltr'><strong>sumebant,</strong></span> <span class='ocrx_word' id='word_1_124' title='bbox 454 1481 507 1542; x_wconf 90' lang='lat' dir='ltr'><strong>sed</strong></span> <span class='ocrx_word' id='word_1_125' title='bbox 536 1477 662 1542; x_wconf 82' lang='lat' dir='ltr'><strong>servatis</strong></span> <span class='ocrx_word' id='word_1_126' title='bbox 685 1497 802 1559; x_wconf 86' lang='lat' dir='ltr'><strong>semper</strong></span> <span class='ocrx_word' id='word_1_127' title='bbox 823 1480 1035 1559; x_wconf 83' lang='lat' dir='ltr'><strong>temperantiae</strong></span> <span class='ocrx_word' id='word_1_128' title='bbox 1055 1480 1179 1559; x_wconf 88' lang='lat' dir='ltr'><strong>legibus.</strong></span> <span class='ocrx_word' id='word_1_129' title='bbox 1222 1481 1324 1560; x_wconf 86' lang='lat' dir='ltr'><strong>Neque</strong></span> 
     </span>
     <span class='ocr_line' id='line_1_14' title="bbox 115 1564 1326 1646; baseline 0.002 -22"><span class='ocrx_word' id='word_1_130' title='bbox 115 1564 186 1625; x_wconf 89' lang='lat' dir='ltr'><strong>enirn</strong></span> <span class='ocrx_word' id='word_1_131' title='bbox 223 1565 314 1627; x_wconf 90' lang='lat' dir='ltr'><strong>ullum</strong></span> <span class='ocrx_word' id='word_1_132' title='bbox 350 1566 502 1644; x_wconf 82' lang='lat' dir='ltr'><strong>fructum,</strong></span> <span class='ocrx_word' id='word_1_133' title='bbox 536 1565 628 1644; x_wconf 91' lang='lat' dir='ltr'><strong>inquit</strong></span> <span class='ocrx_word' id='word_1_134' title='bbox 661 1565 724 1638; x_wconf 88' lang='lat' dir='ltr'><strong>ille,</strong></span> <span class='ocrx_word' id='word_1_135' title='bbox 759 1583 883 1646; x_wconf 89' lang='lat' dir='ltr'><strong>operum</strong></span> <span class='ocrx_word' id='word_1_136' title='bbox 905 1565 962 1626; x_wconf 82' lang='lat' dir='ltr'><strong>ilci</strong></span> <span class='ocrx_word' id='word_1_137' title='bbox 987 1567 1198 1644; x_wconf 75' lang='lat' dir='ltr'><strong>repudiamus:</strong></span> <span class='ocrx_word' id='word_1_138' title='bbox 1232 1567 1326 1646; x_wconf 88' lang='lat' dir='ltr'><strong>plnua</strong></span> 
     </span>
     <span class='ocr_line' id='line_1_15' title="bbox 116 1649 1323 1730; baseline 0.002 -21"><span class='ocrx_word' id='word_1_139' title='bbox 116 1659 330 1730; x_wconf 87' lang='lat' dir='ltr'><strong>temperamus,</strong></span> <span class='ocrx_word' id='word_1_140' title='bbox 367 1669 404 1712; x_wconf 82' lang='lat' dir='ltr'><strong>aa</strong></span> <span class='ocrx_word' id='word_1_141' title='bbox 435 1649 520 1712; x_wconf 83' lang='lat' dir='ltr'><strong>ultra</strong></span> <span class='ocrx_word' id='word_1_142' title='bbox 552 1651 673 1712; x_wconf 76' lang='lat' dir='ltr'><strong>mollum</strong></span> <span class='ocrx_word' id='word_1_143' title='bbox 703 1663 757 1712; x_wconf 85' lang='lat' dir='ltr'><strong>our</strong></span> <span class='ocrx_word' id='word_1_144' title='bbox 785 1667 948 1729; x_wconf 81' lang='lat' dir='ltr'><strong>perperam</strong></span> <span class='ocrx_word' id='word_1_145' title='bbox 980 1660 1104 1712; x_wconf 88' lang='lat' dir='ltr'><strong>utamur</strong></span> <span class='ocrx_word' id='word_1_146' title='bbox 1141 1649 1323 1722; x_wconf 82' lang='lat' dir='ltr'><strong>(Tertullian.</strong></span> 
     </span>
     <span class='ocr_line' id='line_1_16' title="bbox 115 1732 1324 1814; baseline 0.003 -22"><span class='ocrx_word' id='word_1_147' title='bbox 115 1732 260 1814; x_wconf 86' lang='lat' dir='ltr'><strong>hpologet.</strong></span> <span class='ocrx_word' id='word_1_148' title='bbox 285 1753 348 1813; x_wconf 87' lang='lat' dir='ltr'><strong>cap.</strong></span> <span class='ocrx_word' id='word_1_149' title='bbox 370 1737 445 1810; x_wconf 76' lang='lat'>42).</span> <span class='ocrx_word' id='word_1_150' title='bbox 489 1733 590 1813; x_wconf 88' lang='lat' dir='ltr'><strong>Neque</strong></span> <span class='ocrx_word' id='word_1_151' title='bbox 613 1734 699 1794; x_wconf 88' lang='lat' dir='ltr'><strong>etiarn</strong></span> <span class='ocrx_word' id='word_1_152' title='bbox 721 1733 810 1794; x_wconf 89' lang='lat' dir='ltr'><strong>iidem</strong></span> <span class='ocrx_word' id='word_1_153' title='bbox 832 1733 990 1795; x_wconf 85' lang='lat' dir='ltr'><strong>Christiani</strong></span> <span class='ocrx_word' id='word_1_154' title='bbox 1012 1743 1095 1796; x_wconf 85' lang='lat' dir='ltr'><strong>erant</strong></span> <span class='ocrx_word' id='word_1_155' title='bbox 1116 1733 1253 1806; x_wconf 84' lang='lat' dir='ltr'><strong>silvarum</strong></span> <span class='ocrx_word' id='word_1_156' title='bbox 1275 1735 1324 1796; x_wconf 88' lang='lat' dir='ltr'><strong>in-</strong></span> 
     </span>
     <span class='ocr_line' id='line_1_17' title="bbox 116 1817 1324 1902; baseline 0.002 -25"><span class='ocrx_word' id='word_1_157' title='bbox 116 1819 199 1892; x_wconf 85' lang='lat' dir='ltr'><strong>colae,</strong></span> <span class='ocrx_word' id='word_1_158' title='bbox 222 1839 256 1881; x_wconf 91' lang='lat' dir='ltr'><strong>aa</strong></span> <span class='ocrx_word' id='word_1_159' title='bbox 277 1818 369 1880; x_wconf 83' lang='lat' dir='ltr'><strong>reluli</strong></span> <span class='ocrx_word' id='word_1_160' title='bbox 391 1817 587 1902; x_wconf 80' lang='lat' dir='ltr'><strong>Brachmanae</strong></span> <span class='ocrx_word' id='word_1_161' title='bbox 609 1827 639 1879; x_wconf 90' lang='lat' dir='ltr'><strong>el</strong></span> <span class='ocrx_word' id='word_1_162' title='bbox 660 1819 928 1898; x_wconf 77' lang='lat' dir='ltr'><strong>gymnosophistae,</strong></span> <span class='ocrx_word' id='word_1_163' title='bbox 958 1820 1061 1880; x_wconf 78' lang='lat' dir='ltr'><strong>ocules</strong></span> <span class='ocrx_word' id='word_1_164' title='bbox 1083 1825 1162 1881; x_wconf 86' lang='lat' dir='ltr'><strong>uitae</strong></span> <span class='ocrx_word' id='word_1_165' title='bbox 1190 1838 1324 1880; x_wconf 89' lang='lat' dir='ltr'><strong>commn-</strong></span> 
     </span>
    </p>
   </div>
   <div class='ocr_carea' id='block_1_3' title="bbox 115 1901 1415 1985">
    <p class='ocr_par' dir='ltr' id='par_1_3' title="bbox 115 1901 1415 1985">
     <span class='ocr_line' id='line_1_18' title="bbox 115 1901 1415 1985; baseline 0.007 -25"><span class='ocrx_word' id='word_1_166' title='bbox 115 1901 158 1961; x_wconf 88' lang='lat' dir='ltr'><strong>nis</strong></span> <span class='ocrx_word' id='word_1_167' title='bbox 178 1904 287 1980; x_wconf 76' lang='lat' dir='ltr'><strong>(thiu),</strong></span> <span class='ocrx_word' id='word_1_168' title='bbox 311 1911 340 1964; x_wconf 92' lang='lat' dir='ltr'><strong>et</strong></span> <span class='ocrx_word' id='word_1_169' title='bbox 362 1923 378 1964; x_wconf 91' lang='lat' dir='ltr'><strong>a</strong></span> <span class='ocrx_word' id='word_1_170' title='bbox 400 1912 564 1964; x_wconf 87' lang='lat' dir='ltr'><strong>ceterorum</strong></span> <span class='ocrx_word' id='word_1_171' title='bbox 586 1903 738 1964; x_wconf 90' lang='lat' dir='ltr'><strong>hominum</strong></span> <span class='ocrx_word' id='word_1_172' title='bbox 761 1903 913 1964; x_wconf 89' lang='lat' dir='ltr'><strong>consortio</strong></span> <span class='ocrx_word' id='word_1_173' title='bbox 936 1903 1020 1982; x_wconf 88' lang='lat' dir='ltr'><strong>plane</strong></span> <span class='ocrx_word' id='word_1_174' title='bbox 1043 1905 1180 1985; x_wconf 89' lang='lat' dir='ltr'><strong>separati.</strong></span> <span class='ocrx_word' id='word_1_175' title='bbox 1211 1905 1244 1965; x_wconf 93' lang='lat' dir='ltr'><strong>ln</strong></span> <span class='ocrx_word' id='word_1_176' title='bbox 1267 1923 1324 1983; x_wconf 88' lang='lat' dir='ltr'><strong>op·</strong></span> <span class='ocrx_word' id='word_1_177' title='bbox 1405 1945 1415 1969; x_wconf 69' lang='lat' dir='ltr'><em>t</em></span> 
     </span>
    </p>
   </div>
   <div class='ocr_carea' id='block_1_4' title="bbox 111 1986 1327 4013">
    <p class='ocr_par' dir='ltr' id='par_1_4' title="bbox 113 1986 1327 2830">
     <span class='ocr_line' id='line_1_19' title="bbox 116 1986 1324 2068; baseline 0.003 -23"><span class='ocrx_word' id='word_1_178' title='bbox 116 1986 185 2064; x_wconf 79' lang='lat' dir='ltr'><strong>piatis</strong></span> <span class='ocrx_word' id='word_1_179' title='bbox 207 1988 363 2068; x_wconf 82' lang='lat' dir='ltr'><strong>siqnidem·</strong></span> <span class='ocrx_word' id='word_1_180' title='bbox 379 1996 408 2049; x_wconf 89' lang='lat' dir='ltr'><strong>el</strong></span> <span class='ocrx_word' id='word_1_181' title='bbox 429 1987 553 2050; x_wconf 90' lang='lat' dir='ltr'><strong>urbibus</strong></span> <span class='ocrx_word' id='word_1_182' title='bbox 578 2005 645 2050; x_wconf 89' lang='lat' dir='ltr'><strong>cnm</strong></span> <span class='ocrx_word' id='word_1_183' title='bbox 670 1987 805 2057; x_wconf 89' lang='lat' dir='ltr'><strong>ethnicis,</strong></span> <span class='ocrx_word' id='word_1_184' title='bbox 835 1987 911 2048; x_wconf 90' lang='lat' dir='ltr'><strong>sicut</strong></span> <span class='ocrx_word' id='word_1_185' title='bbox 935 1988 992 2049; x_wconf 92' lang='lat' dir='ltr'><strong>iam</strong></span> <span class='ocrx_word' id='word_1_186' title='bbox 1018 1988 1154 2060; x_wconf 84' lang='lat' dir='ltr'><strong>diximus,</strong></span> <span class='ocrx_word' id='word_1_187' title='bbox 1178 1987 1324 2050; x_wconf 86' lang='lat' dir='ltr'><strong>commisti</strong></span> 
     </span>
     <span class='ocr_line' id='line_1_20' title="bbox 116 2069 1324 2152; baseline 0.006 -23"><span class='ocrx_word' id='word_1_188' title='bbox 116 2069 278 2135; x_wconf 88' lang='lat' dir='ltr'><strong>habitabant</strong></span> <span class='ocrx_word' id='word_1_189' title='bbox 310 2091 344 2133; x_wconf 87' lang='lat' dir='ltr'><strong>ac</strong></span> <span class='ocrx_word' id='word_1_190' title='bbox 371 2091 542 2134; x_wconf 88' lang='lat' dir='ltr'><strong>communes</strong></span> <span class='ocrx_word' id='word_1_191' title='bbox 572 2071 718 2133; x_wconf 88' lang='lat' dir='ltr'><strong>cumillis</strong></span> <span class='ocrx_word' id='word_1_192' title='bbox 746 2071 856 2152; x_wconf 87' lang='lat' dir='ltr'><strong>ubique</strong></span> <span class='ocrx_word' id='word_1_193' title='bbox 876 2073 1039 2134; x_wconf 88' lang='lat' dir='ltr'><strong>miscebant</strong></span> <span class='ocrx_word' id='word_1_194' title='bbox 1060 2091 1166 2152; x_wconf 90' lang='lat' dir='ltr'><strong>operas</strong></span> <span class='ocrx_word' id='word_1_195' title='bbox 1187 2079 1221 2136; x_wconf 88' lang='lat' dir='ltr'><strong>in</strong></span> <span class='ocrx_word' id='word_1_196' title='bbox 1241 2074 1324 2152; x_wconf 83' lang='lat' dir='ltr'><strong>soro,</strong></span> 
     </span>
     <span class='ocr_line' id='line_1_21' title="bbox 114 2157 1325 2238; baseline 0.003 -24"><span class='ocrx_word' id='word_1_197' title='bbox 114 2158 241 2230; x_wconf 83' lang='lat' dir='ltr'><strong>musello,</strong></span> <span class='ocrx_word' id='word_1_198' title='bbox 272 2159 427 2232; x_wconf 80' lang='lat' dir='ltr'><strong>nundinis,</strong></span> <span class='ocrx_word' id='word_1_199' title='bbox 456 2162 547 2238; x_wconf 83' lang='lat' dir='ltr'><strong>apris,</strong></span> <span class='ocrx_word' id='word_1_200' title='bbox 577 2158 700 2228; x_wconf 81' lang='lat' dir='ltr'><strong>balucis,</strong></span> <span class='ocrx_word' id='word_1_201' title='bbox 730 2158 863 2219; x_wconf 78' lang='lat' dir='ltr'><strong>tabernis</strong></span> <span class='ocrx_word' id='word_1_202' title='bbox 887 2157 995 2234; x_wconf 77' lang='lat' dir='ltr'><strong>(thiu),</strong></span> <span class='ocrx_word' id='word_1_203' title='bbox 1018 2175 1078 2218; x_wconf 90' lang='lat' dir='ltr'><strong>non</strong></span> <span class='ocrx_word' id='word_1_204' title='bbox 1100 2158 1218 2237; x_wconf 89' lang='lat' dir='ltr'><strong>quidem</strong></span> <span class='ocrx_word' id='word_1_205' title='bbox 1239 2159 1325 2218; x_wconf 84' lang='lat' dir='ltr'><strong>vina·</strong></span> 
     </span>
     <span class='ocr_line' id='line_1_22' title="bbox 115 2239 1325 2320; baseline 0.004 -22"><span class='ocrx_word' id='word_1_206' title='bbox 115 2239 172 2313; x_wconf 87' lang='lat' dir='ltr'><strong>riis,</strong></span> <span class='ocrx_word' id='word_1_207' title='bbox 199 2243 253 2305; x_wconf 87' lang='lat' dir='ltr'><strong>sed</strong></span> <span class='ocrx_word' id='word_1_208' title='bbox 276 2241 429 2313; x_wconf 83' lang='lat' dir='ltr'><strong>aediliciis,</strong></span> <span class='ocrx_word' id='word_1_209' title='bbox 457 2259 541 2320; x_wconf 90' lang='lat' dir='ltr'><strong>quae,</strong></span> <span class='ocrx_word' id='word_1_210' title='bbox 571 2251 605 2302; x_wconf 90' lang='lat' dir='ltr'><strong>nt</strong></span> <span class='ocrx_word' id='word_1_211' title='bbox 626 2242 665 2303; x_wconf 88' lang='lat' dir='ltr'><strong>ait</strong></span> <span class='ocrx_word' id='word_1_212' title='bbox 686 2241 791 2302; x_wconf 84' lang='lat' dir='ltr'><strong>Festus</strong></span> <span class='ocrx_word' id='word_1_213' title='bbox 814 2241 905 2314; x_wconf 80' lang='lat' dir='ltr'><strong>(Fest.</strong></span> <span class='ocrx_word' id='word_1_214' title='bbox 929 2243 963 2302; x_wconf 87' lang='lat' dir='ltr'><strong>ad</strong></span> <span class='ocrx_word' id='word_1_215' title='bbox 981 2245 1013 2302; x_wconf 82' lang='lat' dir='ltr'><strong>&#39;v.</strong></span> <span class='ocrx_word' id='word_1_216' title='bbox 1037 2242 1259 2319; x_wconf 85' lang='lat' dir='ltr'><strong>Taberuaoula),</strong></span> <span class='ocrx_word' id='word_1_217' title='bbox 1289 2260 1325 2304; x_wconf 82' lang='lat' dir='ltr'><strong>ex</strong></span> 
     </span>
     <span class='ocr_line' id='line_1_23' title="bbox 114 2324 1324 2407; baseline 0.002 -23"><span class='ocrx_word' id='word_1_218' title='bbox 114 2324 212 2389; x_wconf 90' lang='lat' dir='ltr'><strong>tabulis</strong></span> <span class='ocrx_word' id='word_1_219' title='bbox 240 2335 409 2389; x_wconf 85' lang='lat' dir='ltr'><strong>constructa</strong></span> <span class='ocrx_word' id='word_1_220' title='bbox 436 2331 522 2398; x_wconf 88' lang='lat' dir='ltr'><strong>usui,</strong></span> <span class='ocrx_word' id='word_1_221' title='bbox 554 2335 631 2388; x_wconf 87' lang='lat' dir='ltr'><strong>teste</strong></span> <span class='ocrx_word' id='word_1_222' title='bbox 659 2326 772 2397; x_wconf 87' lang='lat' dir='ltr'><strong>Nonio,</strong></span> <span class='ocrx_word' id='word_1_223' title='bbox 807 2335 892 2388; x_wconf 87' lang='lat' dir='ltr'><strong>erant</strong></span> <span class='ocrx_word' id='word_1_224' title='bbox 917 2327 1067 2407; x_wconf 88' lang='lat' dir='ltr'><strong>populari</strong></span> <span class='ocrx_word' id='word_1_225' title='bbox 1093 2327 1216 2400; x_wconf 82' lang='lat' dir='ltr'><strong>(Nonius</strong></span> <span class='ocrx_word' id='word_1_226' title='bbox 1238 2328 1274 2388; x_wconf 86' lang='lat' dir='ltr'><strong>ad</strong></span> <span class='ocrx_word' id='word_1_227' title='bbox 1295 2346 1324 2388; x_wconf 87' lang='lat' dir='ltr'><strong>v.</strong></span> 
     </span>
     <span class='ocr_line' id='line_1_24' title="bbox 115 2407 1327 2492; baseline 0.003 -24"><span class='ocrx_word' id='word_1_228' title='bbox 115 2407 257 2488; x_wconf 78' lang='lat' dir='ltr'><strong>laborm).</strong></span> <span class='ocrx_word' id='word_1_229' title='bbox 296 2411 383 2472; x_wconf 85' lang='lat' dir='ltr'><strong>hrles</strong></span> <span class='ocrx_word' id='word_1_230' title='bbox 406 2410 492 2472; x_wconf 89' lang='lat' dir='ltr'><strong>etiarn</strong></span> <span class='ocrx_word' id='word_1_231' title='bbox 515 2429 584 2472; x_wconf 90' lang='lat' dir='ltr'><strong>suas</strong></span> <span class='ocrx_word' id='word_1_232' title='bbox 607 2410 780 2472; x_wconf 85' lang='lat' dir='ltr'><strong>exercebant</strong></span> <span class='ocrx_word' id='word_1_233' title='bbox 800 2411 829 2471; x_wconf 94' lang='lat' dir='ltr'><strong>in</strong></span> <span class='ocrx_word' id='word_1_234' title='bbox 854 2412 985 2492; x_wconf 75' lang='lat' dir='ltr'><strong>osfiu&#39;uis</strong></span> <span class='ocrx_word' id='word_1_235' title='bbox 1007 2411 1126 2473; x_wconf 87' lang='lat' dir='ltr'><strong>cuilibet</strong></span> <span class='ocrx_word' id='word_1_236' title='bbox 1146 2411 1327 2490; x_wconf 87' lang='lat' dir='ltr'><strong>patentibus,</strong></span> 
     </span>
     <span class='ocr_line' id='line_1_25' title="bbox 115 2495 1326 2571; baseline 0.005 -19"><span class='ocrx_word' id='word_1_237' title='bbox 115 2511 145 2554; x_wconf 90' lang='lat' dir='ltr'><strong>aa</strong></span> <span class='ocrx_word' id='word_1_238' title='bbox 169 2496 427 2558; x_wconf 88' lang='lat' dir='ltr'><strong>commorabantur</strong></span> <span class='ocrx_word' id='word_1_239' title='bbox 454 2496 485 2557; x_wconf 92' lang='lat' dir='ltr'><strong>iu</strong></span> <span class='ocrx_word' id='word_1_240' title='bbox 505 2496 640 2559; x_wconf 84' lang='lat' dir='ltr'><strong>&#39;stabulis</strong></span> <span class='ocrx_word' id='word_1_241' title='bbox 668 2495 850 2569; x_wconf 80' lang='lat' dir='ltr'><strong>(Tenuhian.</strong></span> <span class='ocrx_word' id='word_1_242' title='bbox 878 2495 977 2571; x_wconf 77' lang='lat' dir='ltr'><strong>ibin),</strong></span> <span class='ocrx_word' id='word_1_243' title='bbox 1012 2513 1066 2557; x_wconf 87' lang='lat' dir='ltr'><strong>seu</strong></span> <span class='ocrx_word' id='word_1_244' title='bbox 1096 2497 1266 2559; x_wconf 86' lang='lat' dir='ltr'><strong>diversoriis</strong></span> <span class='ocrx_word' id='word_1_245' title='bbox 1296 2505 1326 2558; x_wconf 90' lang='lat' dir='ltr'><strong>et</strong></span> 
     </span>
     <span class='ocr_line' id='line_1_26' title="bbox 114 2577 1323 2660; baseline 0.004 -23"><span class='ocrx_word' id='word_1_246' title='bbox 114 2577 256 2660; x_wconf 83' lang='lat' dir='ltr'><strong>hospitiis,</strong></span> <span class='ocrx_word' id='word_1_247' title='bbox 280 2580 332 2642; x_wconf 93' lang='lat' dir='ltr'><strong>uhi</strong></span> <span class='ocrx_word' id='word_1_248' title='bbox 355 2581 487 2658; x_wconf 87' lang='lat' dir='ltr'><strong>hospites</strong></span> <span class='ocrx_word' id='word_1_249' title='bbox 503 2589 532 2642; x_wconf 89' lang='lat' dir='ltr'><strong>el</strong></span> <span class='ocrx_word' id='word_1_250' title='bbox 545 2581 719 2659; x_wconf 90' lang='lat' dir='ltr'><strong>peregrinos</strong></span> <span class='ocrx_word' id='word_1_251' title='bbox 735 2579 926 2658; x_wconf 81' lang='lat' dir='ltr'><strong>excipiebant,</strong></span> <span class='ocrx_word' id='word_1_252' title='bbox 949 2599 1002 2641; x_wconf 93' lang='lat' dir='ltr'><strong>seu</strong></span> <span class='ocrx_word' id='word_1_253' title='bbox 1018 2581 1118 2658; x_wconf 89' lang='lat' dir='ltr'><strong>potius</strong></span> <span class='ocrx_word' id='word_1_254' title='bbox 1134 2580 1323 2642; x_wconf 88' lang='lat' dir='ltr'><strong>habitationi-</strong></span> 
     </span>
     <span class='ocr_line' id='line_1_27' title="bbox 113 2659 1324 2746; baseline 0.005 -26"><span class='ocrx_word' id='word_1_255' title='bbox 113 2659 164 2724; x_wconf 88' lang='lat' dir='ltr'><strong>hus</strong></span> <span class='ocrx_word' id='word_1_256' title='bbox 185 2675 214 2728; x_wconf 91' lang='lat' dir='ltr'><strong>el</strong></span> <span class='ocrx_word' id='word_1_257' title='bbox 235 2664 358 2746; x_wconf 86' lang='lat' dir='ltr'><strong>privatis</strong></span> <span class='ocrx_word' id='word_1_258' title='bbox 379 2666 572 2744; x_wconf 87' lang='lat' dir='ltr'><strong>quorundam,</strong></span> <span class='ocrx_word' id='word_1_259' title='bbox 595 2665 682 2725; x_wconf 87' lang='lat' dir='ltr'><strong>veluti</strong></span> <span class='ocrx_word' id='word_1_260' title='bbox 704 2665 907 2742; x_wconf 77' lang='lat' dir='ltr'><strong>agricolarum,</strong></span> <span class='ocrx_word' id='word_1_261' title='bbox 931 2662 1078 2738; x_wconf 89' lang='lat' dir='ltr'><strong>domibus,</strong></span> <span class='ocrx_word' id='word_1_262' title='bbox 1102 2666 1139 2726; x_wconf 91' lang='lat' dir='ltr'><strong>da</strong></span> <span class='ocrx_word' id='word_1_263' title='bbox 1153 2664 1262 2745; x_wconf 74' lang='lat' dir='ltr'><strong>ouibus</strong></span> <span class='ocrx_word' id='word_1_264' title='bbox 1285 2666 1324 2726; x_wconf 88' lang='lat' dir='ltr'><strong>ila</strong></span> 
     </span>
     <span class='ocr_line' id='line_1_28' title="bbox 115 2749 1084 2830; baseline 0 -22"><span class='ocrx_word' id='word_1_265' title='bbox 115 2749 185 2810; x_wconf 86' lang='lat' dir='ltr'><strong>canil</strong></span> <span class='ocrx_word' id='word_1_266' title='bbox 206 2749 362 2830; x_wconf 86' lang='lat' dir='ltr'><strong>Virgilius:</strong></span> <span class='ocrx_word' id='word_1_267' title='bbox 1077 2793 1084 2808; x_wconf 89' lang='lat'><strong>.</strong></span> 
     </span>
    </p>

    <p class='ocr_par' dir='ltr' id='par_1_5' title="bbox 258 2831 1090 2914">
     <span class='ocr_line' id='line_1_29' title="bbox 258 2831 1090 2914; baseline -0.004 -17"><span class='ocrx_word' id='word_1_268' title='bbox 258 2835 367 2897; x_wconf 80' lang='lat' dir='ltr'><strong>Ardua</strong></span> <span class='ocrx_word' id='word_1_269' title='bbox 388 2845 466 2896; x_wconf 82' lang='lat' dir='ltr'><strong>tectu</strong></span> <span class='ocrx_word' id='word_1_270' title='bbox 484 2835 562 2914; x_wconf 86' lang='lat' dir='ltr'><strong>petit</strong></span> <span class='ocrx_word' id='word_1_271' title='bbox 583 2831 697 2894; x_wconf 83' lang='lat' dir='ltr'><strong>stabuli</strong></span> <span class='ocrx_word' id='word_1_272' title='bbox 718 2845 746 2895; x_wconf 83' lang='lat' dir='ltr'><strong>at</strong></span> <span class='ocrx_word' id='word_1_273' title='bbox 769 2833 803 2894; x_wconf 79' lang='lat' dir='ltr'><strong>cla</strong></span> <span class='ocrx_word' id='word_1_274' title='bbox 825 2831 954 2894; x_wconf 85' lang='lat' dir='ltr'><strong>culmina</strong></span> <span class='ocrx_word' id='word_1_275' title='bbox 977 2851 1090 2896; x_wconf 90' lang='lat' dir='ltr'><strong>summo</strong></span> 
     </span>
    </p>

    <p class='ocr_par' dir='ltr' id='par_1_6' title="bbox 112 2919 1326 3251">
     <span class='ocr_line' id='line_1_30' title="bbox 258 2919 899 2996; baseline 0.003 -14"><span class='ocrx_word' id='word_1_276' title='bbox 258 2919 419 2982; x_wconf 85' lang='lat' dir='ltr'><strong>Pastorale</strong></span> <span class='ocrx_word' id='word_1_277' title='bbox 441 2923 523 2980; x_wconf 86' lang='lat' dir='ltr'><strong>cauit</strong></span> <span class='ocrx_word' id='word_1_278' title='bbox 545 2921 671 2996; x_wconf 75' lang='lat' dir='ltr'><strong>siguum.</strong></span> <span class='ocrx_word' id='word_1_279' title='bbox 896 2977 899 2984; x_wconf 91' lang='lat'>.</span> 
     </span>
     <span class='ocr_line' id='line_1_31' title="bbox 663 3000 1239 3078; baseline 0.002 -17"><span class='ocrx_word' id='word_1_280' title='bbox 663 3000 773 3078; x_wconf 85' lang='lat' dir='ltr'><strong>(Virgil.</strong></span> <span class='ocrx_word' id='word_1_281' title='bbox 795 3000 845 3060; x_wconf 92' lang='lat' dir='ltr'><strong>lib.</strong></span> <span class='ocrx_word' id='word_1_282' title='bbox 868 3001 929 3061; x_wconf 80' lang='lat' dir='ltr'><strong>vll.</strong></span> <span class='ocrx_word' id='word_1_283' title='bbox 950 3001 1070 3062; x_wconf 83' lang='lat' dir='ltr'><strong>heneid.</strong></span> <span class='ocrx_word' id='word_1_284' title='bbox 1093 3019 1120 3062; x_wconf 89' lang='lat' dir='ltr'><strong>v.</strong></span> <span class='ocrx_word' id='word_1_285' title='bbox 1143 3005 1239 3078; x_wconf 76' lang='lat'>512).</span> 
     </span>
     <span class='ocr_line' id='line_1_32' title="bbox 112 3081 1326 3164; baseline 0.003 -20"><span class='ocrx_word' id='word_1_286' title='bbox 112 3082 199 3164; x_wconf 80' lang='lat' dir='ltr'><strong>Atque</strong></span> <span class='ocrx_word' id='word_1_287' title='bbox 213 3089 253 3150; x_wconf 88' lang='lat' dir='ltr'><strong>ita</strong></span> <span class='ocrx_word' id='word_1_288' title='bbox 270 3087 439 3159; x_wconf 85' lang='lat' dir='ltr'><strong>Christiani,</strong></span> <span class='ocrx_word' id='word_1_289' title='bbox 462 3087 503 3148; x_wconf 88' lang='lat' dir='ltr'><strong>ait</strong></span> <span class='ocrx_word' id='word_1_290' title='bbox 517 3085 626 3147; x_wconf 80' lang='lat' dir='ltr'><strong>Auctor</strong></span> <span class='ocrx_word' id='word_1_291' title='bbox 639 3093 753 3158; x_wconf 87' lang='lat' dir='ltr'><strong>noster,</strong></span> <span class='ocrx_word' id='word_1_292' title='bbox 776 3085 982 3146; x_wconf 85' lang='lat' dir='ltr'><strong>cohabitabant</strong></span> <span class='ocrx_word' id='word_1_293' title='bbox 1003 3085 1057 3148; x_wconf 87' lang='lat' dir='ltr'><strong>hoa</strong></span> <span class='ocrx_word' id='word_1_294' title='bbox 1079 3081 1240 3164; x_wconf 82' lang='lat' dir='ltr'><strong>sacculum,</strong></span> <span class='ocrx_word' id='word_1_295' title='bbox 1263 3087 1326 3148; x_wconf 89' lang='lat' dir='ltr'><strong>sive</strong></span> 
     </span>
     <span class='ocr_line' id='line_1_33' title="bbox 114 3168 1029 3251; baseline 0.005 -25"><span class='ocrx_word' id='word_1_296' title='bbox 114 3168 186 3232; x_wconf 89' lang='lat' dir='ltr'><strong>sicut</strong></span> <span class='ocrx_word' id='word_1_297' title='bbox 206 3172 237 3233; x_wconf 90' lang='lat' dir='ltr'><strong>in</strong></span> <span class='ocrx_word' id='word_1_298' title='bbox 260 3171 473 3251; x_wconf 89' lang='lat' dir='ltr'><strong>manuscriptis</strong></span> <span class='ocrx_word' id='word_1_299' title='bbox 493 3170 606 3232; x_wconf 86' lang='lat' dir='ltr'><strong>nostris</strong></span> <span class='ocrx_word' id='word_1_300' title='bbox 628 3169 744 3249; x_wconf 89' lang='lat' dir='ltr'><strong>legitur,</strong></span> <span class='ocrx_word' id='word_1_301' title='bbox 767 3173 799 3230; x_wconf 89' lang='lat' dir='ltr'><strong>iu</strong></span> <span class='ocrx_word' id='word_1_302' title='bbox 823 3171 876 3232; x_wconf 88' lang='lat' dir='ltr'><strong>hoc</strong></span> <span class='ocrx_word' id='word_1_303' title='bbox 899 3171 1029 3232; x_wconf 89' lang='lat' dir='ltr'><strong>soeculo.</strong></span> 
     </span>
    </p>

    <p class='ocr_par' dir='ltr' id='par_1_7' title="bbox 111 3254 1325 4013">
     <span class='ocr_line' id='line_1_34' title="bbox 193 3254 1325 3334; baseline 0 -16"><span class='ocrx_word' id='word_1_304' title='bbox 193 3256 397 3330; x_wconf 80' lang='lat' dir='ltr'><strong>Quamobrem</strong></span> <span class='ocrx_word' id='word_1_305' title='bbox 419 3255 544 3334; x_wconf 88' lang='lat' dir='ltr'><strong>gentiles</strong></span> <span class='ocrx_word' id='word_1_306' title='bbox 566 3254 648 3334; x_wconf 91' lang='lat' dir='ltr'><strong>ipsos</strong></span> <span class='ocrx_word' id='word_1_307' title='bbox 671 3255 716 3316; x_wconf 89' lang='lat' dir='ltr'><strong>sie</strong></span> <span class='ocrx_word' id='word_1_308' title='bbox 736 3263 835 3333; x_wconf 88' lang='lat' dir='ltr'><strong>urget:</strong></span> <span class='ocrx_word' id='word_1_309' title='bbox 860 3255 1041 3334; x_wconf 78' lang='lat' dir='ltr'><strong>Navigamus</strong></span> <span class='ocrx_word' id='word_1_310' title='bbox 1057 3266 1157 3317; x_wconf 86' lang='lat' dir='ltr'><strong>etuas</strong></span> <span class='ocrx_word' id='word_1_311' title='bbox 1172 3256 1325 3318; x_wconf 83' lang='lat' dir='ltr'><strong>uobiscum</strong></span> 
     </span>
     <span class='ocr_line' id='line_1_35' title="bbox 114 3335 1322 3419; baseline 0.006 -24"><span class='ocrx_word' id='word_1_312' title='bbox 114 3347 138 3396; x_wconf 85' lang='lat' dir='ltr'><strong>et</strong></span> <span class='ocrx_word' id='word_1_313' title='bbox 158 3342 313 3404; x_wconf 85' lang='lat' dir='ltr'><strong>nobiscum</strong></span> <span class='ocrx_word' id='word_1_314' title='bbox 335 3343 403 3417; x_wconf 87' lang='lat' dir='ltr'><strong>(hoc</strong></span> <span class='ocrx_word' id='word_1_315' title='bbox 423 3341 557 3402; x_wconf 89' lang='lat' dir='ltr'><strong>ultimum</strong></span> <span class='ocrx_word' id='word_1_316' title='bbox 581 3335 739 3401; x_wconf 64' lang='lat' dir='ltr'><strong>verbnm‘a</strong></span> <span class='ocrx_word' id='word_1_317' title='bbox 761 3339 972 3419; x_wconf 87' lang='lat' dir='ltr'><strong>manuscriptis</strong></span> <span class='ocrx_word' id='word_1_318' title='bbox 994 3341 1105 3401; x_wconf 87' lang='lat' dir='ltr'><strong>nostris</strong></span> <span class='ocrx_word' id='word_1_319' title='bbox 1127 3339 1210 3401; x_wconf 90' lang='lat' dir='ltr'><strong>libris</strong></span> <span class='ocrx_word' id='word_1_320' title='bbox 1227 3341 1322 3417; x_wconf 86' lang='lat' dir='ltr'><strong>abest)</strong></span> 
     </span>
     <span class='ocr_line' id='line_1_36' title="bbox 115 3423 1324 3506; baseline 0.007 -26"><span class='ocrx_word' id='word_1_321' title='bbox 115 3423 275 3489; x_wconf 82' lang='lat' dir='ltr'><strong>militamus</strong></span> <span class='ocrx_word' id='word_1_322' title='bbox 298 3437 326 3489; x_wconf 87' lang='lat' dir='ltr'><strong>el</strong></span> <span class='ocrx_word' id='word_1_323' title='bbox 348 3431 535 3490; x_wconf 75' lang='lat' dir='ltr'><strong>recusamur</strong></span> <span class='ocrx_word' id='word_1_324' title='bbox 557 3435 586 3486; x_wconf 82' lang='lat' dir='ltr'><strong>et</strong></span> <span class='ocrx_word' id='word_1_325' title='bbox 605 3441 783 3497; x_wconf 85' lang='lat' dir='ltr'><strong>mercamur,</strong></span> <span class='ocrx_word' id='word_1_326' title='bbox 809 3426 938 3506; x_wconf 81' lang='lat' dir='ltr'><strong>proinde</strong></span> <span class='ocrx_word' id='word_1_327' title='bbox 957 3430 1113 3487; x_wconf 81' lang='lat' dir='ltr'><strong>miscemus</strong></span> <span class='ocrx_word' id='word_1_328' title='bbox 1135 3435 1228 3500; x_wconf 83' lang='lat' dir='ltr'><strong>ortes,</strong></span> <span class='ocrx_word' id='word_1_329' title='bbox 1253 3445 1324 3506; x_wconf 83' lang='lat' dir='ltr'><strong>ope-</strong></span> 
     </span>
     <span class='ocr_line' id='line_1_37' title="bbox 115 3509 1323 3590; baseline 0.007 -26"><span class='ocrx_word' id='word_1_330' title='bbox 115 3523 163 3568; x_wconf 88' lang='lat' dir='ltr'><strong>ras</strong></span> <span class='ocrx_word' id='word_1_331' title='bbox 184 3521 312 3574; x_wconf 85' lang='lat' dir='ltr'><strong>nostros</strong></span> <span class='ocrx_word' id='word_1_332' title='bbox 334 3511 537 3590; x_wconf 83' lang='lat' dir='ltr'><strong>(manuscripti</strong></span> <span class='ocrx_word' id='word_1_333' title='bbox 560 3519 590 3571; x_wconf 90' lang='lat' dir='ltr'><strong>el</strong></span> <span class='ocrx_word' id='word_1_334' title='bbox 611 3517 678 3572; x_wconf 88' lang='lat' dir='ltr'><strong>ante</strong></span> <span class='ocrx_word' id='word_1_335' title='bbox 693 3509 847 3589; x_wconf 87' lang='lat' dir='ltr'><strong>Rigallinm</strong></span> <span class='ocrx_word' id='word_1_336' title='bbox 870 3509 940 3571; x_wconf 87' lang='lat' dir='ltr'><strong>editi</strong></span> <span class='ocrx_word' id='word_1_337' title='bbox 963 3511 1078 3571; x_wconf 88' lang='lat' dir='ltr'><strong>codices</strong></span> <span class='ocrx_word' id='word_1_338' title='bbox 1096 3528 1188 3590; x_wconf 88' lang='lat' dir='ltr'><strong>opera</strong></span> <span class='ocrx_word' id='word_1_339' title='bbox 1202 3516 1323 3587; x_wconf 87' lang='lat' dir='ltr'><strong>nostru)</strong></span> 
     </span>
     <span class='ocr_line' id='line_1_38' title="bbox 111 3593 1324 3673; baseline 0.002 -22"><span class='ocrx_word' id='word_1_340' title='bbox 111 3593 296 3666; x_wconf 88' lang='lat' dir='ltr'><strong>publicamus</strong></span> <span class='ocrx_word' id='word_1_341' title='bbox 317 3601 392 3657; x_wconf 83' lang='lat' dir='ltr'><strong>usui</strong></span> <span class='ocrx_word' id='word_1_342' title='bbox 412 3607 522 3666; x_wconf 86' lang='lat' dir='ltr'><strong>vestro,</strong></span> <span class='ocrx_word' id='word_1_343' title='bbox 551 3603 636 3673; x_wconf 88' lang='lat' dir='ltr'><strong>atque</strong></span> <span class='ocrx_word' id='word_1_344' title='bbox 659 3595 698 3656; x_wconf 88' lang='lat' dir='ltr'><strong>ila</strong></span> <span class='ocrx_word' id='word_1_345' title='bbox 720 3595 830 3656; x_wconf 88' lang='lat' dir='ltr'><strong>mutuis</strong></span> <span class='ocrx_word' id='word_1_346' title='bbox 853 3595 992 3673; x_wconf 91' lang='lat' dir='ltr'><strong>operibns</strong></span> <span class='ocrx_word' id='word_1_347' title='bbox 1015 3614 1070 3656; x_wconf 92' lang='lat' dir='ltr'><strong>nos</strong></span> <span class='ocrx_word' id='word_1_348' title='bbox 1092 3595 1216 3655; x_wconf 88' lang='lat' dir='ltr'><strong>invicem</strong></span> <span class='ocrx_word' id='word_1_349' title='bbox 1239 3596 1324 3655; x_wconf 90' lang='lat' dir='ltr'><strong>adiu-</strong></span> 
     </span>
     <span class='ocr_line' id='line_1_39' title="bbox 113 3678 1322 3760; baseline 0 -22"><span class='ocrx_word' id='word_1_350' title='bbox 113 3691 218 3741; x_wconf 78' lang='lat' dir='ltr'><strong>vemus.</strong></span> <span class='ocrx_word' id='word_1_351' title='bbox 264 3680 352 3760; x_wconf 78' lang='lat' dir='ltr'><strong>Atqui</strong></span> <span class='ocrx_word' id='word_1_352' title='bbox 374 3699 408 3742; x_wconf 90' lang='lat' dir='ltr'><strong>ea</strong></span> <span class='ocrx_word' id='word_1_353' title='bbox 430 3679 529 3750; x_wconf 90' lang='lat' dir='ltr'><strong>omnia</strong></span> <span class='ocrx_word' id='word_1_354' title='bbox 552 3697 587 3739; x_wconf 92' lang='lat' dir='ltr'><strong>en</strong></span> <span class='ocrx_word' id='word_1_355' title='bbox 615 3678 758 3742; x_wconf 90' lang='lat' dir='ltr'><strong>maiorem</strong></span> <span class='ocrx_word' id='word_1_356' title='bbox 780 3680 832 3740; x_wconf 89' lang='lat' dir='ltr'><strong>toti</strong></span> <span class='ocrx_word' id='word_1_357' title='bbox 855 3679 1032 3758; x_wconf 86' lang='lat' dir='ltr'><strong>reipublicae</strong></span> <span class='ocrx_word' id='word_1_358' title='bbox 1060 3679 1221 3740; x_wconf 89' lang='lat' dir='ltr'><strong>allerebant</strong></span> <span class='ocrx_word' id='word_1_359' title='bbox 1242 3678 1322 3738; x_wconf 87' lang='lat' dir='ltr'><strong>utili-</strong></span> 
     </span>
     <span class='ocr_line' id='line_1_40' title="bbox 115 3761 1323 3845; baseline -0.001 -23"><span class='ocrx_word' id='word_1_360' title='bbox 115 3765 206 3838; x_wconf 77' lang='lat' dir='ltr'><strong>ulem,</strong></span> <span class='ocrx_word' id='word_1_361' title='bbox 237 3783 299 3845; x_wconf 90' lang='lat' dir='ltr'><strong>quo</strong></span> <span class='ocrx_word' id='word_1_362' title='bbox 321 3765 416 3826; x_wconf 91' lang='lat' dir='ltr'><strong>maior</strong></span> <span class='ocrx_word' id='word_1_363' title='bbox 436 3773 515 3836; x_wconf 90' lang='lat' dir='ltr'><strong>tnnc,</strong></span> <span class='ocrx_word' id='word_1_364' title='bbox 545 3763 622 3824; x_wconf 89' lang='lat' dir='ltr'><strong>sicut</strong></span> <span class='ocrx_word' id='word_1_365' title='bbox 642 3771 727 3824; x_wconf 89' lang='lat' dir='ltr'><strong>antea</strong></span> <span class='ocrx_word' id='word_1_366' title='bbox 748 3763 885 3836; x_wconf 89' lang='lat' dir='ltr'><strong>vidimus,</strong></span> <span class='ocrx_word' id='word_1_367' title='bbox 913 3773 976 3823; x_wconf 91' lang='lat' dir='ltr'><strong>erat</strong></span> <span class='ocrx_word' id='word_1_368' title='bbox 997 3763 1157 3825; x_wconf 88' lang='lat' dir='ltr'><strong>eorundem</strong></span> <span class='ocrx_word' id='word_1_369' title='bbox 1181 3761 1323 3822; x_wconf 83' lang='lat' dir='ltr'><strong>Christia-</strong></span> 
     </span>
     <span class='ocr_line' id='line_1_41' title="bbox 113 3845 1324 3926; baseline 0 -20"><span class='ocrx_word' id='word_1_370' title='bbox 113 3858 214 3909; x_wconf 84' lang='lat' dir='ltr'><strong>norum</strong></span> <span class='ocrx_word' id='word_1_371' title='bbox 229 3867 381 3911; x_wconf 90' lang='lat' dir='ltr'><strong>numerus.</strong></span> <span class='ocrx_word' id='word_1_372' title='bbox 411 3848 487 3911; x_wconf 93' lang='lat' dir='ltr'><strong>Nihil</strong></span> <span class='ocrx_word' id='word_1_373' title='bbox 509 3865 580 3926; x_wconf 87' lang='lat' dir='ltr'><strong>ergo</strong></span> <span class='ocrx_word' id='word_1_374' title='bbox 602 3846 760 3908; x_wconf 83' lang='lat' dir='ltr'><strong>averitale</strong></span> <span class='ocrx_word' id='word_1_375' title='bbox 782 3847 875 3926; x_wconf 87' lang='lat' dir='ltr'><strong>magis</strong></span> <span class='ocrx_word' id='word_1_376' title='bbox 898 3846 1025 3909; x_wconf 90' lang='lat' dir='ltr'><strong>alienum</strong></span> <span class='ocrx_word' id='word_1_377' title='bbox 1047 3846 1203 3924; x_wconf 87' lang='lat' dir='ltr'><strong>excogitari</strong></span> <span class='ocrx_word' id='word_1_378' title='bbox 1211 3845 1324 3924; x_wconf 83' lang='lat' dir='ltr'><strong>potuit,</strong></span> 
     </span>
     <span class='ocr_line' id='line_1_42' title="bbox 116 3931 903 4013; baseline -0.003 -19"><span class='ocrx_word' id='word_1_379' title='bbox 116 3943 195 4004; x_wconf 69' lang='lat' dir='ltr'><strong>mam</strong></span> <span class='ocrx_word' id='word_1_380' title='bbox 218 3934 404 3996; x_wconf 88' lang='lat' dir='ltr'><strong>Christianos</strong></span> <span class='ocrx_word' id='word_1_381' title='bbox 425 3931 550 4013; x_wconf 89' lang='lat' dir='ltr'><strong>puhlicis</strong></span> <span class='ocrx_word' id='word_1_382' title='bbox 572 3931 662 3992; x_wconf 90' lang='lat' dir='ltr'><strong>rebus</strong></span> <span class='ocrx_word' id='word_1_383' title='bbox 686 3949 754 3993; x_wconf 89' lang='lat' dir='ltr'><strong>esse</strong></span> <span class='ocrx_word' id='word_1_384' title='bbox 776 3931 903 3993; x_wconf 89' lang='lat' dir='ltr'><strong>inutiles.</strong></span> 
     </span>
    </p>
   </div>
   <div class='ocr_carea' id='block_1_5' title="bbox 607 4167 825 4220">
    <p class='ocr_par' dir='ltr' id='par_1_8' title="bbox 607 4167 825 4220">
     <span class='ocr_line' id='line_1_43' title="bbox 607 4167 825 4220; baseline -0.014 0"><span class='ocrx_word' id='word_1_385' title='bbox 607 4169 775 4220; x_wconf 83' lang='lat' dir='ltr'><strong>suricunns</strong></span> <span class='ocrx_word' id='word_1_386' title='bbox 795 4167 825 4218; x_wconf 90' lang='lat'><strong>11.</strong></span> 
     </span>
    </p>
   </div>
   <div class='ocr_carea' id='block_1_6' title="bbox 115 4263 1323 4466">
    <p class='ocr_par' dir='ltr' id='par_1_9' title="bbox 115 4263 1323 4466">
     <span class='ocr_line' id='line_1_44' title="bbox 115 4263 1323 4330; baseline 0.003 -22"><span class='ocrx_word' id='word_1_387' title='bbox 115 4263 198 4315; x_wconf 86' lang='lat' dir='ltr'><strong>Nullum</strong></span> <span class='ocrx_word' id='word_1_388' title='bbox 217 4273 356 4330; x_wconf 84' lang='lat' dir='ltr'><strong>reipublicae</strong></span> <span class='ocrx_word' id='word_1_389' title='bbox 374 4275 478 4318; x_wconf 83' lang='lat' dir='ltr'><strong>damnum</strong></span> <span class='ocrx_word' id='word_1_390' title='bbox 496 4272 572 4316; x_wconf 75' lang='lat' dir='ltr'><strong>inferri</strong></span> <span class='ocrx_word' id='word_1_391' title='bbox 590 4284 603 4316; x_wconf 87' lang='grc' dir='ltr'>ι</span> <span class='ocrx_word' id='word_1_392' title='bbox 621 4271 758 4323; x_wconf 77' lang='lat' dir='ltr'><strong>camussia,</strong></span> <span class='ocrx_word' id='word_1_393' title='bbox 783 4271 822 4326; x_wconf 77' lang='lat' dir='ltr'><strong>qui</strong></span> <span class='ocrx_word' id='word_1_394' title='bbox 846 4269 984 4314; x_wconf 81' lang='lat' dir='ltr'><strong>ethnicarum</strong></span> <span class='ocrx_word' id='word_1_395' title='bbox 1003 4267 1142 4312; x_wconf 80' lang='lat' dir='ltr'><strong>ceremonias</strong></span> <span class='ocrx_word' id='word_1_396' title='bbox 1159 4279 1203 4314; x_wconf 91' lang='lat' dir='ltr'><strong>non</strong></span> <span class='ocrx_word' id='word_1_397' title='bbox 1220 4269 1323 4324; x_wconf 81' lang='lat' dir='ltr'><strong>trequen-</strong></span> 
     </span>
     <span class='ocr_line' id='line_1_45' title="bbox 115 4335 1322 4392; baseline 0.003 -14"><span class='ocrx_word' id='word_1_398' title='bbox 115 4335 187 4382; x_wconf 83' lang='lat' dir='ltr'><strong>tahrnt</strong></span> <span class='ocrx_word' id='word_1_399' title='bbox 203 4351 247 4386; x_wconf 85' lang='lat' dir='ltr'><strong>nea</strong></span> <span class='ocrx_word' id='word_1_400' title='bbox 267 4340 419 4386; x_wconf 84' lang='lat' dir='ltr'><strong>Saturnalibus</strong></span> <span class='ocrx_word' id='word_1_401' title='bbox 437 4341 541 4385; x_wconf 76' lang='lat' dir='ltr'><strong>lavabunt</strong></span> <span class='ocrx_word' id='word_1_402' title='bbox 558 4339 665 4392; x_wconf 81' lang='lat' dir='ltr'><strong>diluculo,</strong></span> <span class='ocrx_word' id='word_1_403' title='bbox 682 4339 724 4383; x_wconf 85' lang='lat' dir='ltr'><strong>sed</strong></span> <span class='ocrx_word' id='word_1_404' title='bbox 740 4339 796 4383; x_wconf 85' lang='lat' dir='ltr'><strong>hara</strong></span> <span class='ocrx_word' id='word_1_405' title='bbox 813 4337 893 4390; x_wconf 80' lang='lat' dir='ltr'><strong>nahita,</strong></span> <span class='ocrx_word' id='word_1_406' title='bbox 912 4349 953 4382; x_wconf 90' lang='lat' dir='ltr'><strong>nea</strong></span> <span class='ocrx_word' id='word_1_407' title='bbox 970 4335 1099 4380; x_wconf 84' lang='lat' dir='ltr'><strong>liberalibus</strong></span> <span class='ocrx_word' id='word_1_408' title='bbox 1118 4337 1283 4382; x_wconf 81' lang='lat' dir='ltr'><strong>discumbebant</strong></span> <span class='ocrx_word' id='word_1_409' title='bbox 1300 4338 1322 4382; x_wconf 93' lang='lat' dir='ltr'><strong>in</strong></span> 
     </span>
     <span class='ocr_line' id='line_1_46' title="bbox 346 4404 1087 4466; baseline -0.008 -14"><span class='ocrx_word' id='word_1_410' title='bbox 346 4409 444 4466; x_wconf 88' lang='lat' dir='ltr'><strong>publico,</strong></span> <span class='ocrx_word' id='word_1_411' title='bbox 468 4410 525 4452; x_wconf 84' lang='lat' dir='ltr'><strong>sicut</strong></span> <span class='ocrx_word' id='word_1_412' title='bbox 542 4407 651 4452; x_wconf 86' lang='lat' dir='ltr'><strong>bestiariis</strong></span> <span class='ocrx_word' id='word_1_413' title='bbox 670 4418 798 4463; x_wconf 88' lang='lat' dir='ltr'><strong>supremum</strong></span> <span class='ocrx_word' id='word_1_414' title='bbox 817 4404 962 4449; x_wconf 90' lang='lat' dir='ltr'><strong>coenantihus</strong></span> <span class='ocrx_word' id='word_1_415' title='bbox 979 4415 1027 4448; x_wconf 88' lang='lat' dir='ltr'><strong>mos</strong></span> <span class='ocrx_word' id='word_1_416' title='bbox 1046 4411 1087 4447; x_wconf 85' lang='lat' dir='ltr'><strong>est.</strong></span> 
     </span>
    </p>
   </div>
   <div class='ocr_carea' id='block_1_7' title="bbox 114 4497 1323 4690">
    <p class='ocr_par' dir='ltr' id='par_1_10' title="bbox 114 4497 1323 4690">
     <span class='ocr_line' id='line_1_47' title="bbox 196 4497 1321 4596; baseline -0.002 -12"><span class='ocrx_word' id='word_1_417' title='bbox 196 4523 387 4596; x_wconf 76' lang='lat' dir='ltr'><strong>eranurmvis</strong></span> <span class='ocrx_word' id='word_1_418' title='bbox 410 4526 487 4587; x_wconf 89' lang='lat' dir='ltr'><strong>clare</strong></span> <span class='ocrx_word' id='word_1_419' title='bbox 509 4534 540 4586; x_wconf 89' lang='lat' dir='ltr'><strong>et</strong></span> <span class='ocrx_word' id='word_1_420' title='bbox 559 4532 640 4586; x_wconf 88' lang='lat' dir='ltr'><strong>certo</strong></span> <span class='ocrx_word' id='word_1_421' title='bbox 655 4497 853 4586; x_wconf 72' lang='lat' dir='ltr'><strong>Tertullianu&#39;s</strong></span> <span class='ocrx_word' id='word_1_422' title='bbox 874 4522 1118 4584; x_wconf 82' lang='lat' dir='ltr'><strong>demonstraverit</strong></span> <span class='ocrx_word' id='word_1_423' title='bbox 1140 4519 1321 4582; x_wconf 82' lang='lat' dir='ltr'><strong>Christianos</strong></span> 
     </span>
     <span class='ocr_line' id='line_1_48' title="bbox 114 4603 1323 4690; baseline 0.002 -23"><span class='ocrx_word' id='word_1_424' title='bbox 114 4603 201 4668; x_wconf 83' lang='lat' dir='ltr'><strong>rebus</strong></span> <span class='ocrx_word' id='word_1_425' title='bbox 222 4607 348 4688; x_wconf 89' lang='lat' dir='ltr'><strong>puhlicis</strong></span> <span class='ocrx_word' id='word_1_426' title='bbox 369 4611 512 4674; x_wconf 80' lang='lat' dir='ltr'><strong>maximae</strong></span> <span class='ocrx_word' id='word_1_427' title='bbox 535 4629 602 4672; x_wconf 87' lang='lat' dir='ltr'><strong>ease</strong></span> <span class='ocrx_word' id='word_1_428' title='bbox 623 4609 756 4684; x_wconf 87' lang='lat' dir='ltr'><strong>utilitati,</strong></span> <span class='ocrx_word' id='word_1_429' title='bbox 779 4606 902 4690; x_wconf 89' lang='lat' dir='ltr'><strong>gentiles</strong></span> <span class='ocrx_word' id='word_1_430' title='bbox 924 4615 1022 4670; x_wconf 87' lang='lat' dir='ltr'><strong>tamen</strong></span> <span class='ocrx_word' id='word_1_431' title='bbox 1043 4605 1323 4672; x_wconf 66' lang='lat' dir='ltr'><strong>muneremunere</strong></span> 
     </span>
    </p>
   </div>
   <div class='ocr_carea' id='block_1_8' title="bbox 0 0 1602 5250">
    <p class='ocr_par' dir='ltr' id='par_1_11' title="bbox 0 0 1602 5250">
     <span class='ocr_line' id='line_1_49' title="bbox 0 0 1602 5250; baseline 0 2"><span class='ocrx_word' id='word_1_432' title='bbox 0 0 1602 5250; x_wconf 95' lang='lat' dir='ltr'><strong> </strong></span> 
     </span>
    </p>
   </div>
  </div>
 </body>
</html>
