3082 5238
271 366 335 434 582
355 385 395 429 oe
408 385 484 428 vem
498 361 612 428 ieram
626 383 663 428 tc
675 381 825 428 noemam
834 381 1025 428 commonuit
1039 381 1237 428 retroneum
1251 383 1432 428 orsaorrrm

272 533 484 598 Tertullianum
507 551 583 613 opus
604 534 739 595 nondum
760 534 923 614 perlectum
946 531 1069 597 citasse!
1106 534 1238 596 Hoccine
1259 551 1333 595 vero
1356 543 1388 594 et
1408 537 1493 612 ponit

272 627 355 682 tanto
384 619 448 680 viro
478 617 649 696 scrupulum
675 619 806 692 iniicere,
835 618 886 697 qui
908 617 1014 685 millies
1034 618 1065 678 in
1087 617 1309 680 commentariis
1332 619 1399 679 suis
1422 619 1492 698 ipsos

271 703 365 766 libros
388 721 460 766 suos
481 719 641 781 numquam
662 702 816 765 absolutos
839 707 1002 764 antestatus
1025 700 1094 764 est?
1124 699 1288 782 endemqm
1311 702 1406 762 modo
1430 703 1492 764 Ter-

272 786 425 849 tullianum
447 785 545 866 egisse
567 785 634 864 quis
656 786 783 866 negabit,
805 785 832 849 si
855 786 974 864 quidem
995 793 1112 848 nostras
1133 787 1231 848 nostri
1252 785 1427 866 argrunenti
1440 788 1492 848 rie

271 870 363 934 dicias
394 870 508 950 legerit.
551 869 685 950 Denique
713 870 784 954 dicit
810 863 1023 932 Tertullianum
1056 871 1093 932 de
1123 869 1201 943 loco,
1234 888 1293 949 quo
1323 871 1425 932 sancd
1451 871 1492 930 riri

271 955 478 1018 contineantur
504 972 522 1016 a
548 961 646 1016 morte
673 953 710 1016 ad
735 955 830 1017 ultimi
858 953 957 1016 iudicii
984 951 1073 1028 diem,
1101 953 1157 1016 alia
1186 953 1217 1014 iu
1236 951 1314 1016 libro
1338 953 1382 1016 dc
1402 954 1493 1016 duim

179 1057 184 1066 ·
272 1042 311 1115 (o.
322 1043 387 1114 55.)
410 1039 505 1118 deque
515 1037 746 1102 Resurrectione
768 1045 805 1112 (c
814 1039 890 1115 tt).
914 1037 969 1100 alia
992 1037 1022 1100 in
1033 1038 1253 1100 Antimarcione
1276 1037 1341 1114 (lib.
1354 1037 1494 1112 Item,

271 1123 400 1185 tradere.
443 1121 549 1184 dudio.
593 1122 653 1186 Sed
675 1123 816 1202 numquid
838 1121 889 1184 isti
910 1117 979 1184 libri
999 1133 1132 1202 pugnant
1153 1123 1184 1183 in
1206 1121 1242 1184 iis
1263 1121 1353 1194 locis,
1379 1142 1494 1202 quosse

272 1207 313 1268 ait
340 1207 371 1268 in
401 1205 599 1286 disputatione
626 1207 769 1268 adversus
792 1205 969 1268 Marcionem
998 1203 1222 1286 pertractasse?
1265 1206 1332 1268 Hoc
1355 1225 1431 1268 vero
1453 1227 1495 1266 nee

272 1290 480 1353 'tillemontius
509 1309 637 1370 unquam
666 1290 812 1369 probarit,
843 1310 899 1352 nec
928 1291 1093 1370 quisquam,
1125 1290 1150 1351 si
1179 1290 1209 1350 in
1232 1289 1302 1350 aliis'
1321 1290 1363 1350 ad
1388 1309 1494 1352 oeusau

273 1375 426 1455 propriam
453 1383 514 1435 non
540 1373 757 1454 pertinentibus
780 1394 797 1436 a
819 1394 854 1436 se
875 1373 1074 1437 Tertullianus
1096 1374 1247 1448 deiecerit,
1275 1373 1362 1447 dicit,
1392 1375 1494 1436 admitn'

274 1455 360 1522 taleni
381 1457 603 1521 conclusionem
627 1477 731 1538 posse.
852 1451 856 1464 “

813 1629 843 1702 5.
866 1623 958 1686 XXX.

361 1743 422 1802 lam
443 1742 533 1802 nobis
555 1741 684 1803 libellum
708 1742 745 1802 de
765 1741 857 1802 Pallio
881 1739 1066 1802 tractandum
1089 1757 1252 1812 sumamus,
1276 1739 1447 1802 obscurum
1467 1744 1494 1800 il-

272 1827 335 1887 ium
357 1826 475 1904 quidem
497 1834 528 1887 et
549 1826 621 1888 satis
644 1827 817 1898 contusum,
851 1825 904 1886 sed
932 1841 1037 1902 magna
1066 1832 1165 1885 tamen
1194 1824 1293 1885 omnis
1317 1827 1495 1904 antiquitas

274 1910 397 1970 scientia
419 1911 571 1972 retortum.
614 1909 657 1970 De
679 1910 765 1971 cuins
786 1915 881 1970 aetate
903 1927 969 1970 cnm
992 1908 1053 1970 sint
1078 1915 1123 1968 tot
1145 1907 1351 1987 discrepantes
1377 1909 1494 1970 riromn

274 1994 515 2055 doctissimorum
538 1993 718 2066 sententiae,
747 1992 777 2053 id
799 2011 920 2072 agamus
943 2010 1068 2054 necesse
1090 1999 1153 2065 est,
1180 1999 1214 2052 nt
1233 1991 1279 2052 rel
1302 2011 1358 2054 eas
1383 1995 1493 2054 candid

273 2078 474 2139 examinemus
503 2077 549 2139 rel
570 2085 705 2138 nostram
726 2095 940 2156 proponamus.
996 2075 1102 2137 Exietit
1123 2084 1221 2138 autem
1242 2075 1292 2136 bic
1313 2076 1420 2154 primo
1443 2079 1494 2138 loo·

275 2163 418 2238 quaedam
440 2161 575 2239 quaestio
598 2161 681 2222 facile
704 2161 902 2240 expedienda,
934 2178 1079 2238 quaenam
1107 2159 1148 2221 sit
1168 2160 1225 2220 ista
1244 2165 1430 2239 proesentis
1452 2167 1496 2222 iu-

220 2269 225 2278 ·
271 2248 356 2326 perii
377 2245 492 2324 triplae
514 2248 631 2315 virtus,
655 2243 716 2306 Deo
740 2256 784 2306 tot
806 2245 949 2325 depactio
970 2248 1003 2304 in
1024 2262 1119 2304 unum
1140 2245 1276 2324 suntote,
1307 2245 1361 2305 cui
1385 2245 1496 2306 Temni

274 2328 372 2389 lianus
393 2326 497 2388 tribuit
519 2345 622 2389 eorum
645 2335 811 2410 temporum
833 2327 1030 2388 felicitatem&
1074 2327 1206 2405 Namque
1229 2327 1297 2387 aliil
1331 2327 1386 2389 his
1416 2347 1497 2390 unnn

276 2411 419 2474 Severum
442 2410 601 2472 indicatum
623 2412 725 2473 volunt
746 2419 918 2491 propterea,
954 2411 1034 2489 quod
1055 2419 1116 2472 tres
1137 2410 1205 2471 illos
1228 2409 1347 2490 imperii
1371 2415 1496 2474 aemulos

274 2494 434 2574 lulianum,
467 2494 590 2574 Nigrum
612 2503 642 2556 et
661 2495 797 2556 Albinum
820 2503 1025 2574 superaveram
1063 2495 1112 2555 alii
1134 2512 1200 2556 cnm
1223 2493 1314 2573 Nigro
1344 2504 1379 2557 et
1399 2497 1496 2557 Albim

277 2577 450 2652 Sevrrnm‘a
473 2578 521 2640 alii
537 2579 683 2652 Albinum,
706 2581 849 2641 Severum
871 2589 901 2639 ot
914 2577 1128 2653 Antoninumk,
1151 2577 1277 2657 denique
1292 2579 1341 2658 alii
1361 2579 1495 2641 Serenam

113 2639 119 2646 ¹
200 2659 205 2664 ’
276 2681 343 2723 oum
371 2661 488 2723 duobus
516 2663 583 2724 liliis
611 2663 755 2725 bassiano
783 2662 911 2741 Getaque
940 2663 1132 2740 intelligunt.⁴
1160 2661 1218 2723 Sed
1247 2663 1338 2723 trium
1370 2666 1493 2742 priorue

231 2799 237 2822 ,
275 2747 449 2826 opinionum
477 2747 586 2808 nullam
613 2747 720 2827 probo.
763 2746 837 2808 Nam
867 2765 901 2808 ea
923 2746 1056 2807 Gutberii
1088 2746 1218 2824 opinatio
1242 2755 1385 2808 contorta
1410 2759 1496 2810 este

213 2856 222 2868 ·
274 2831 438 2910 perinepta,
461 2839 494 2892 ut
515 2849 609 2911 paene
631 2831 774 2903 academ,
803 2849 839 2892 an
862 2830 928 2909 quis
949 2849 1079 2908 unquam
1102 2839 1161 2890 tam
1183 2838 1284 2908 aperte
1307 2839 1337 2891 et
1360 2849 1497 2910 perversa

276 2923 306 2975 et
327 2915 401 2977 laisa
422 2923 542 2976 secutus
565 2915 614 2976 sit.
657 2915 723 2975 Non
745 2922 863 2992 tangam
885 2915 914 2975 id
937 2913 1070 2992 quidem,
1102 2915 1214 2974 bonum
1242 2913 1339 2975 virum
1373 2935 1441 2977 non
1462 2919 1497 2974 ri-

275 2997 373 3072 diese,
408 2997 554 3079 triplicem
575 2998 653 3060 illam
675 2999 812 3060 virtutem
838 3002 1011 3077 proesentis
1034 2998 1166 3076 imperii,
1198 2998 1354 3077 Deumque
1377 2999 1441 3061 dici
1465 3015 1498 3063 to·

222 3093 230 3108 ·
274 3083 417 3162 depastis
439 3085 554 3160 scotere
574 3083 605 3142 in
626 3101 729 3155 unum,
752 3083 807 3143 bos
823 3082 908 3143 etiam
925 3082 1031 3142 multas
1046 3081 1135 3142 urbes
1157 3081 1346 3160 produxisse,
1372 3085 1497 3144 auxisse.

274 3165 456 3240 reddidisse3
479 3165 559 3245 quod
581 3166 658 3227 dicat
680 3165 750 3226 mibi
773 3165 850 3244 quis,
873 3184 911 3226 an
933 3165 969 3225 de
992 3165 1113 3238 iuliano,
1137 3166 1227 3244 Nigro
1250 3164 1408 3227 etdlbino
1426 3171 1498 3228 anr-

274 3251 350 3310 mari
381 3248 494 3327 queat?
530 3249 658 3310 maxime
689 3259 767 3322 tum,
800 3267 867 3310 oum
894 3249 952 3310 iam
981 3260 1083 3310 essent
1109 3249 1266 3311 interemti.
1312 3249 1378 3312 Neo
1399 3251 1498 3312 diram

275 3348 363 3409 quam
384 3332 460 3392 male
482 3332 610 3394 adhibita
633 3333 693 3394 sint
713 3333 874 3394 Herodiani
896 3332 985 3394 rerba
1006 3332 1068 3406 (lib.
1084 3333 1134 3392 ill.
1158 3353 1183 3393 c.
1208 3337 1261 3406 7.),
1284 3332 1335 3410 qui
1361 3335 1498 3396 Severm

275 3415 400 3476 miratur
422 3411 479 3478 ἕνα
501 3410 605 3499 ἄνδρα
626 3423 715 3499 τρεῖς
736 3413 922 3480 καθελόντα
943 3416 1101 3497 βασιλέας
1121 3410 1184 3501 ἤδη
1206 3417 1416 3498 rpoream,-
1443 3432 1498 3479 sue

276 3498 355 3560 enim
378 3499 451 3559 baec
472 3499 529 3560 iam
552 3519 568 3560 a
589 3499 731 3564 Boeclero
755 3501 828 3562 satis
850 3501 1030 3580 disputata¹.
1075 3500 1140 3561 lioc
1166 3519 1260 3562 unum
1282 3500 1369 3564 lubet
1390 3507 1498 3565 exarsi

274 3601 357 3658 nare,
380 3584 460 3663 quod
482 3582 517 3644 ad
539 3602 603 3645 rem
626 3593 760 3646 nostram
782 3584 939 3664 inprimis
962 3571 1100 3662 strtinet,
1135 3593 1233 3646 nuum
1256 3584 1328 3646 Geta
1353 3587 1430 3648 viro
1455 3590 1498 3648 S*

273 3687 344 3729 vero
379 3685 528 3746 nunquam
561 3669 600 3729 sit
621 3669 715 3730 lactus
736 3665 912 3748 Augustus?
943 3668 1029 3741 Quod
1051 3687 1118 3728 cnm
1140 3668 1210 3729 velit
1232 3667 1422 3744 Gntberius‚
1449 3673 1499 3751 pri·

274 3770 355 3814 mum
379 3752 483 3812 Getam
506 3752 607 3814 Severi
629 3754 750 3814 tratrem
771 3771 788 3813 a
811 3752 883 3813 Geta
905 3751 1042 3824 Caesare,
1065 3751 1166 3812 Severi
1187 3751 1259 3824 lilio,
1286 3770 1351 3813 non
1375 3757 1498 3834 quidem

273 3843 307 3896 ut
328 3854 383 3916 par
407 3843 479 3909 erat,
502 3835 663 3915 distinguit.
707 3836 779 3896 Nam
802 3855 868 3897 cum
892 3835 1066 3914 Spartianus
1089 3835 1133 3910 (in
1149 3835 1334 3912 Ser.c.10.)
1360 3837 1498 3900 Sesea-m

274 3919 346 3981 dicit
373 3920 467 3981 illium
495 3937 581 3980 suum
610 3920 784 3982 Bassianum
813 3919 969 3981 Caesarem
998 3919 1180 3998 appellasse,
1214 3929 1247 3980 ut
1267 3919 1396 3984 staterem
1424 3943 1497 3984 suun

276 4003 377 4064 Getam
399 4023 416 4064 a
440 4021 494 4083 spe
516 4003 643 4083 imperii,
673 4021 760 4082 quam
782 4003 847 4083 ipse
870 4011 1055 4083 conceperat,
1079 4002 1278 4074 submoveret,
1300 4021 1411 4067 nonne
1438 4027 1500 4067 coe

275 4095 450 4150 sentamum
472 4095 533 4164 est,
556 4105 623 4149 eum
645 4088 682 4148 de
704 4087 793 4160 Geta,
815 4087 917 4150 Severi
938 4088 1043 4160 fratre,
1071 4086 1164 4148 luisse
1185 4085 1345 4148 locutum?
1393 4089 1498 4152 neiat

308 4252 331 4299 a.
350 4237 580 4302 tepuerant:
599 4241 712 4298 oooatoaa
720 4242 862 4292 estimant
948 4241 962 4290 i.
982 4239 1163 4290 Centuriatorea
1176 4238 1368 4304 llagdebnrgiei.
1390 4241 1503 4296 Geuttit

274 4305 386 4384 producit
410 4314 451 4384 oet
470 4307 537 4386 coeit
554 4313 594 4357 ont
611 4307 716 4358 reddidit
731 4309 860 4388 procreatio
912 4322 936 4371 p.
955 4305 1013 4356 tlt.

275 4372 861 4560 πξζῑξέᾎὶξῖἶὲΞέξὶζὲῗῖἔξὲβῖἕὲἒὲἕ
914 4407 1107 4526 ¹4lapideam
1125 4407 1148 4457 tn
1168 4404 1379 4458 transennam
1399 4424 1430 4473 p.
1449 4408 1503 4458 ror.

276 4577 367 4632 gnatae.
388 4571 444 4623 edit.
462 4572 528 4638 lips.
546 4588 570 4637 p.
588 4571 646 4624 277.
946 4573 963 4624 l.
981 4573 1008 4624 ln
1026 4582 1108 4625 annot.
1126 4575 1157 4626 ad
1176 4573 1265 4626 llerod.
1283 4587 1310 4638 p.
1328 4573 1396 4626 tro.
