3092 5234
143 373 148 380 ·
245 337 308 398 ota
330 349 368 393 ua
382 351 457 392 vam
470 349 584 394 scrire
599 350 634 392 ac
649 348 794 392 uocraun
810 347 994 392 scararouuu
1009 315 1203 390 ressuscitati
1219 344 1403 388 ursaorirro

245 498 414 578 poutissent
435 498 542 570 dicere,
566 496 623 558 uisi
644 497 695 570 ita,
725 496 971 574 quemadmodum
998 495 1178 566 dicebamus,
1206 493 1333 554 luisset?
1386 495 1486 564 Quod

246 582 412 652 sideest,
440 581 588 642 neminem
611 582 756 642 allirmare
782 579 875 640 audeo
905 579 960 640 sub
988 580 1077 638 11σεισ
1101 595 1179 640 saec.
1201 577 1237 637 ll.
1261 578 1359 637 luisse
1384 576 1485 636 Chri-

244 666 419 737 stiauorum,
455 664 503 742 qui
535 664 707 726 huiusmodi
734 663 868 723 lacultate
896 661 1131 740 splendescerem
1164 679 1259 738 neque
1287 659 1372 720 euim
1403 667 1485 726 tum,

245 748 294 826 qui
317 748 352 808 ab
374 746 523 826 apostolis
545 766 609 808 eam
630 746 799 825 potuissent
819 746 961 824 accipere,
984 745 1014 806 in
1037 744 1109 806 vivis
1132 745 1332 804 versabantur.
1372 744 1485 804 Altera

244 831 318 891 ratio
342 830 372 890 iu
400 831 465 891 loco
487 831 563 910 Eph.
586 830 633 890 lv.
664 833 748 908 7sq.
773 829 950 892 continetur.
998 828 1115 890 Etenim
1143 845 1210 889 cum
1237 827 1348 888 Paulus
1381 827 1484 887 multa

244 913 383 992 superius
406 915 595 992 disputasset,
617 913 724 992 quibus
747 912 784 974 iis
805 913 904 984 etiam,
932 911 982 991 qui
1004 913 1099 974 adhue
1120 914 1236 973 lucrant
1255 912 1372 972 cultum
1398 912 1481 971 deo-

244 1017 310 1058 rum
332 999 443 1070 secuti,
472 997 595 1060 eandem
623 1016 688 1060 cum
716 996 833 1058 ludaeis
862 1006 975 1074 partem
1002 995 1371 1074 vindicaret‘gratiamque
1395 995 1481 1056 diri-

243 1099 321 1154 nam,
345 1089 378 1141 ut
398 1081 606 1143 dissentientes
628 1081 706 1143 inter
727 1079 908 1142 Christianos
929 1080 1054 1142 ludaeos
1077 1099 1111 1140 ao
1132 1079 1256 1158 gentiles
1284 1079 1314 1138 in
1336 1097 1480 1138 concor-

244 1165 322 1231 diam
343 1163 506 1243 redigeret,
538 1173 642 1243 postea
664 1165 909 1236 animadvertens,
937 1163 1088 1224 facultates
1116 1165 1151 1224 ad
1178 1163 1316 1223 miracula
1339 1163 1479 1224 multum

244 1250 280 1310 ad
316 1247 448 1310 alendam
477 1257 669 1326 utrorumque
696 1248 872 1309 discordiam
902 1249 1018 1319 lacere,
1052 1255 1081 1306 et
1107 1248 1185 1325 quod
1210 1245 1291 1325 ipsae
1319 1247 1383 1307 hae
1421 1265 1480 1324 pro

245 1331 366 1398 arbitrio
390 1332 499 1394 Christi
521 1332 740 1411 sapientissime
763 1331 886 1409 singulis
915 1330 974 1391 sint
995 1331 1178 1404 distributae,
1208 1339 1238 1391 et
1258 1349 1346 1408 quem
1382 1330 1479 1390 linem

245 1415 380 1490 habeant,
404 1424 433 1477 et
454 1416 532 1495 quod
554 1435 616 1476 nou
637 1415 779 1477 extiturae
800 1415 861 1478 sint
881 1415 938 1475 nisi
961 1415 996 1474 ad
1019 1424 1130 1475 eertum
1153 1423 1285 1492 tempus,
1307 1414 1479 1492 perspicue

245 1500 407 1575 coufirmat.
452 1499 518 1572 Quo
540 1499 571 1560 in
592 1499 658 1560 loco
681 1499 751 1577 quin
772 1498 978 1576 intelligendae
1008 1497 1066 1558 sint
1088 1516 1147 1558 nou
1169 1516 1343 1558 communes
1371 1497 1479 1557 omni-

244 1583 301 1644 bus
324 1583 498 1644 Christianis
521 1601 631 1662 eaeque
652 1582 820 1660 spirituales
843 1582 1004 1653 facultates,
1033 1583 1087 1643 sed
1113 1583 1295 1659 quorundam
1319 1581 1478 1642 Christia-

244 1683 351 1727 norum
375 1667 410 1726 ad
432 1666 553 1745 propria
575 1667 715 1727 miracula
736 1666 925 1745 producenda
946 1665 1081 1735 idoneae,
1108 1684 1206 1736 nemo,
1236 1665 1355 1744 opinor,
1383 1665 1477 1724 dubi-

245 1749 327 1822 tabit,
357 1751 407 1830 qui
433 1751 478 1810 vel
508 1751 581 1812 haee
608 1769 674 1811 cum
702 1750 738 1811 iis
766 1749 938 1821 contulerit,
967 1767 1041 1826 quae
1063 1748 1190 1810 suntab
1211 1749 1357 1827 Apostolo
1386 1747 1477 1808 Rom.

245 1827 308 1896 Xll.
332 1835 415 1898 3-8
438 1834 525 1895 etad
550 1838 576 1898 l.
601 1834 668 1895 Cor.
691 1833 753 1894 llll.
776 1851 839 1912 seq.
863 1833 1019 1911 disputata.
1052 1834 1147 1910 Atque
1169 1832 1234 1892 illas
1256 1832 1339 1892 addit
1359 1831 1478 1892 Paulus

246 1921 284 1992 (v.
311 1919 372 1992 13.)
395 1917 477 1979 datas
499 1936 568 1978 esse
587 1919 683 1998 μέχρι
704 1911 955 2001 καταντήσωμεν
977 1913 1010 1978 ol
1037 1913 1159 1990 πάντες
1182 1913 1228 1991 εἰς
1248 1909 1307 1998 τὴν
1330 1911 1478 1995 ἑνότητα

245 2001 303 2082 τῆς
325 2003 470 2076 πίστεως
491 2000 545 2068 καὶ
567 2001 625 2085 τῆς
640 1997 848 2082 ἐπιγνώσεως
869 2001 927 2062 τοῦ
949 1991 1023 2062 icoo
1038 2001 1097 2062 τοῦ
1111 2000 1207 2076 Θεοῦ,
1230 1995 1278 2074 εἷς
1292 1993 1407 2080 ἄνδρα
1424 2003 1476 2060 τὲ-

246 2083 344 2161 teros,
376 2081 423 2159 εἰς
457 2087 576 2168 μέτρον
607 2077 735 2168 ἡλικίας
765 2085 836 2150 τοῦ,
859 2078 1074 2166 πλερώματσς
1107 2083 1166 2145 τοῦ
1193 2084 1344 2164 Χριστοῦ
1388 2082 1476 2144 nh:

246 2169 324 2228 uude
347 2169 474 2228 efficitur
495 2189 531 2228 eo
555 2178 687 2248 tempore
708 2168 850 2230 extinctas
872 2169 925 2228 has
947 2167 1098 2228 laeultates
1126 2167 1228 2238 luisse,
1257 2186 1317 2272 spuo
1348 2186 1423 2228 cum
1445 2167 1476 2238 ii,

247 2251 297 2329 qui
320 2269 336 2310 e
357 2251 483 2324 ludaeis,
506 2259 568 2311 tum
589 2251 639 2330 qui
655 2271 671 2312 e
688 2252 845 2330 gentilibus
860 2251 1019 2314 Christiani
1040 2251 1107 2311 lacti
1130 2258 1213 2310 eraut
1235 2255 1279 2325 (σι
1301 2247 1476 2326 managu,

247 2334 277 2395 in
299 2333 405 2395 iisdem
431 2335 520 2396 rebus
548 2334 702 2396 credendis
730 2335 976 2414 agnoscendoque
1009 2353 1067 2396 uno
1095 2334 1145 2394 illo
1172 2334 1232 2394 lilio
1255 2333 1307 2393 llei
1337 2353 1472 2396 cousen-

248 2417 368 2490 sissent,
391 2426 419 2478 et
440 2418 575 2478 uniuersa
597 2437 633 2479 ex
654 2419 807 2498 uuiusque
828 2418 948 2480 collecta
969 2418 1095 2480 societas
1118 2417 1354 2478 Christianorum
1385 2422 1473 2497 (quae

246 2501 296 2560 hic
317 2500 402 2561 ducta
424 2520 439 2560 a
462 2501 650 2563 tabernaculo
671 2503 812 2575 Moesico,
844 2502 957 2580 repleto
985 2501 1038 2562 illo
1061 2501 1159 2562 divino
1183 2501 1353 2579 splendore,
1385 2502 1472 2562 sirni-

248 2583 370 2646 htudiue
381 2580 544 2668 ττλήρωμα
554 2584 614 2648 τοῦ
624 2587 772 2668 Χριστοῦ
783 2619 823 2630 -
835 2586 901 2646 coll.
918 2585 988 2658 ε.1.,
1003 2587 1113 2649 2223.
1126 2617 1166 2630 -
1179 2584 1296 2658 dicitur)
1307 2585 1345 2644 ad
1357 2585 1472 2645 virilem

248 2667 332 2746 quasi
354 2676 478 2730 aetatem
499 2670 640 2747 perducta
670 2688 731 2730 nou
754 2688 787 2730 se
810 2669 972 2730 iactandam
994 2667 1117 2746 amplius
1139 2667 1290 2729 fraudibus
1310 2668 1473 2728 doctorum

142 2749 149 2764 ⁸
249 2747 481 2828 ἰουδαϊζόντων
507 2753 699 2832 permitteret.
749 2753 809 2814 Sed
844 2753 924 2814 istud
960 2761 1075 2830 tempus
1109 2771 1169 2812 non
1202 2751 1240 2812 ita
1273 2751 1367 2812 multo
1408 2761 1473 2830 post

248 2835 451 2914 apostolorum
472 2837 605 2898 omnium
634 2835 755 2904 obitum,
784 2844 834 2897 aut
862 2836 918 2896 sub
946 2835 1073 2898 mediam
1100 2837 1162 2895 lere
1190 2853 1268 2895 saec.
1290 2834 1326 2894 ll.
1357 2845 1472 2914 partem
1522 2891 1523 2894 ,

249 2919 382 2982 extitisse
403 2916 549 2998 suspicor.
591 2919 708 2980 Etenim
731 2928 764 2980 ut
784 2918 949 2980 hadrianus
971 2919 1087 2981 ludaeis
1109 2918 1313 2997 hierosolyma
1342 2919 1472 2981 cultum·
1522 2963 1523 2984 i

249 3021 306 3081 que
328 3002 369 3062 ibi
390 3003 505 3080 publice
536 3003 743 3064 celebrandum
770 3002 969 3075 interdixerat,
1000 3002 1194 3074 Christianos,
1223 3020 1354 3082 quorum
1382 3003 1471 3062 animi

249 3087 345 3147 adhuc
379 3085 416 3146 ad
447 3085 622 3148 ludaeorum
657 3087 830 3164 religionem
866 3088 982 3147 luerent
1016 3085 1156 3156 inclinati,
1192 3087 1293 3165 paucis
1327 3088 1470 3165 exeeptis,
1522 3095 1523 3098 ’

250 3168 393 3247 Sulpitius
424 3168 568 3230 Severus·
606 3177 636 3230 et
662 3171 741 3230 hunc
769 3189 901 3232 errorem
932 3169 1077 3230 abiecisse
1105 3173 1206 3242 relect,
1246 3177 1274 3230 et
1295 3168 1430 3230 hlaroum
1456 3191 1471 3229 e

250 3250 407 3330 gentilibus
434 3251 606 3333 episcopum
629 3253 924 3332 hierosolymitanum
953 3271 1087 3326 creasse,
1116 3271 1240 3330 quorum
1272 3251 1354 3312 haud
1383 3253 1470 3314 darbia

251 3334 416 3413 exemplum
438 3337 528 3406 ceteri
551 3337 684 3408 eiusdem
705 3337 823 3416 generis
846 3337 949 3398 imitati
976 3338 1069 3407 lucro,
1097 3355 1193 3414 neque
1222 3337 1301 3396 enim
1327 3341 1471 3413 posthaec

251 3417 412 3496 disruptam
435 3418 668 3480 Christianorum
692 3420 862 3481 societatem
884 3419 1019 3498 pristinis
1047 3421 1083 3480 de
1112 3419 1294 3480 observanda
1316 3420 1382 3498 lege
1407 3421 1468 3480 hlo-

251 3499 329 3562 saiea
362 3500 492 3564 discidiis
526 3521 662 3580 umquam
696 3503 954 3581 deprehendimus.
1004 3501 1077 3564 llam
1113 3501 1168 3564 etsi
1205 3503 1271 3581 quis
1308 3501 1470 3564 obverterit

284 3655 308 3703 d.
327 3653 390 3703 lllod
409 3646 550 3706 εἰπόντες
568 3668 615 3703 uon
634 3667 719 3703 omues
738 3654 761 3702 in
782 3654 834 3702 uni·
887 3654 925 3704 lus
943 3655 1067 3704 utilitatem
1082 3655 1194 3704 erristi
1203 3653 1318 3703 societate
1327 3655 1470 3717 capiendam

250 3735 345 3771 versum
358 3721 508 3770 Christianos
526 3721 669 3782 significare,
688 3720 730 3770 aed
749 3721 834 3770 reterri
886 3721 995 3771 vindicat.
1008 3721 1065 3770 llide
1083 3736 1105 3770 e.
1119 3737 1139 3770 c.
1158 3736 1211 3785 cap.
1224 3720 1253 3780 ll,
1275 3720 1305 3769 11
1316 3735 1355 3784 sq.
1392 3722 1470 3784 lupri-

251 3788 340 3838 dehero
364 3789 392 3836 ad
419 3796 542 3850 utrosque,
568 3786 668 3836 ludaeos
686 3795 710 3836 et
734 3787 835 3848 gentiles
887 3790 933 3837 mis
957 3795 1023 3837 notat
1040 3803 1092 3845 eoa,
1118 3789 1157 3852 qui
1177 3788 1237 3848 legis
1256 3787 1377 3836 lloaaieae
1395 3803 1470 3852 aequo

251 3855 314 3906 iuter
327 3855 486 3915 Christianos,
505 3869 553 3903 nou
571 3855 645 3903 modo
663 3869 702 3903 res
720 3855 772 3919 ipsa
790 3855 836 3903 do·
885 3856 1021 3905 tenaciores
1047 3855 1138 3904 nullam
1157 3855 1200 3903 uisi
1219 3855 1320 3903 eandem
1337 3859 1469 3904 nemiu-

252 3932 297 3980 eet,
326 3936 379 3972 cnm
398 3936 466 3970 veras
490 3921 624 3970 adhucdum
649 3921 711 3971 inter
735 3936 780 3970 noa
797 3922 834 3970 la·
887 3929 934 3971 tem
961 3922 1013 3970 cius
1031 3921 1194 3972 observandae
1212 3921 1402 3982 agnoscentibus
1421 3937 1471 3970 esse

251 3989 352 4038 cultates
370 3987 399 4038 ad
418 3989 534 4038 miracula
552 3997 631 4038 extare
644 4003 725 4047 nemo,
743 3989 783 4052 qni
794 4003 835 4036 aa·
886 3988 997 4048 salutem,
1012 3988 1182 4052 opinabantur.
1219 3988 1256 4038 Cf·
1274 3987 1326 4038 Cal.
1347 3987 1384 4038 ll.
1404 3988 1470 4051 dsq.

251 4058 295 4119 pit,
314 4055 385 4116 dieat,
403 4055 446 4105 sed
466 4055 539 4106 multa
559 4054 835 4119 etiamaliaplanissime
886 4055 993 4118 lienique
1011 4055 1080 4106 locos
1098 4055 1174 4104 nostri
1192 4053 1364 4117 planasimilis
1376 4055 1469 4104 Colace

252 4123 403 4172 confirmant.
438 4123 497 4172 Nam
516 4124 540 4172 in
558 4121 833 4185 nniversabacepistola
885 4123 916 4181 ll,
934 4121 957 4171 2.
976 4121 1017 4172 23.
1036 4122 1066 4171 de
1084 4121 1156 4171 nimio
1175 4121 1300 4170 doctorum
1321 4111 1470 4178 ἲοσδαῖζόν·

252 4187 379 4251 apostolus
396 4190 521 4239 erroribus
538 4203 622 4239 eoram
641 4190 703 4239 inter
715 4189 833 4238 Christia-
884 4201 941 4237 των
964 4189 1035 4238 etiam
1059 4189 1174 4238 adversm
1198 4189 1277 4251 ipsum
1295 4187 1387 4238 Christi
1407 4204 1470 4238 sara·

253 4269 298 4304 nos
323 4269 349 4302 se
373 4263 521 4318 opposuerat
544 4256 606 4308 haud
625 4255 705 4316 dubia,
729 4256 769 4320 qui
788 4270 837 4306 oon
888 4269 952 4306 mum
971 4256 1099 4319 imperium
1117 4255 1205 4313 studio,
1223 4257 1300 4318 ipsam
1320 4255 1393 4304 ειὶιισ
1414 4258 1471 4306 hace

253 4321 298 4370 nisi
318 4319 378 4382 legis
397 4321 513 4374 Moesicae
532 4323 665 4374 cultoribus
683 4321 782 4384 gratiam
793 4323 835 4372 liei
886 4337 938 4372 rem
962 4323 1021 4372 satia
1044 4323 1113 4385 pouit
1134 4337 1208 4384 snpra
1232 4321 1427 4382 dubitationem,
1449 4333 1472 4372 at

251 4396 417 4448 ¹asseruerant,
435 4403 536 4453 samque
553 4389 772 4440 obcausamlitem
783 4403 836 4438 rno-
886 4389 997 4453 pluribus
1029 4389 1089 4440 haee
1118 4389 1206 4438 doecre
1236 4403 1284 4438 noa
1309 4403 1416 4439 accuse
1439 4391 1473 4438 ri·

253 4461 336 4504 ierant
359 4454 473 4506 aduersus
491 4471 534 4506 eoa
565 4459 607 4520 qui
626 4473 639 4506 e
658 4455 787 4518 gentitibus
805 4457 835 4505 ad
888 4455 980 4506 dautur.

253 4520 376 4574 Christum
388 4531 554 4574 anemurum:
572 4538 646 4588 quara
657 4523 836 4588 utrisquePau·
920 4537 943 4574 e.
960 4523 988 4572 lu
1005 4522 1096 4574 litator.
1113 4522 1187 4574 Sacra
1205 4521 1247 4572 lib.
1267 4520 1297 4572 11.
1316 4536 1337 4572 e.
1356 4520 1399 4572 at.
