3166 5250
269 385 334 448 470
371 395 562 442 orssnararm
576 397 607 440 m
624 397 671 448 on.
687 395 771 444 sarr.
786 396 873 442 anon.
888 397 1081 444 rmrnmuru
1095 397 1322 442 arouoonrromr
1336 397 1421 442 eurr.

271 549 298 614 si
326 549 414 622 velis,
448 547 623 628 permiserit
666 549 704 610 At
729 549 877 627 quomodo
899 547 1047 629 praescire
1068 549 1166 628 potuit
1186 551 1249 612 lore
1269 549 1423 628 aliquando
1450 559 1485 614 ut

270 637 346 715 ipsa,
369 633 414 696 rel
435 633 515 711 quod
536 633 615 694 idem
637 640 692 706 est,
714 631 902 694 simulacrum
925 651 1012 694 snum
1033 633 1211 696 Pessinunte
1232 634 1357 696 Romam
1377 653 1483 716 aspor-

271 717 404 782 taretan
443 717 509 780 Non
530 717 623 796 magis
646 718 724 780 enim
745 718 803 779 boo
823 717 965 796 praevidit
986 736 1073 796 quam
1094 718 1182 792 diem,
1205 737 1263 798 quo
1287 719 1399 780 Nereus
1420 720 1482 782 ln·

268 804 360 866 relius
387 803 548 882 imperator
576 801 683 882 Syrmii
711 810 847 864 mortuns
876 810 932 866 est.
974 802 1011 864 dt
1032 802 1062 864 id
1083 802 1179 882 plane,
1207 803 1248 866 ait
1276 804 1481 878 Tertullianus,

214 914 220 922 ·
269 896 319 952 ant
339 887 465 948 nescivit
486 896 536 948 aut
557 887 702 948 tardiores
724 887 845 950 nuntios
866 887 948 948 misit
968 887 1005 948 ad
1025 887 1216 967 praecipuum
1230 906 1325 954 suum
1340 889 1481 965 sacerdo-

267 981 327 1036 tem
358 971 561 1053 archigallum,
595 971 645 1050 qui
666 981 746 1034 sexta
768 979 838 1051 post
858 971 947 1034 huius
969 971 1155 1051 imperatoris
1177 980 1303 1034 mortem
1323 973 1371 1034 die
1398 973 1481 1036 elici-

266 1067 329 1120 tum
358 1075 392 1118 ex
419 1057 536 1117 laeertis
563 1056 713 1136 impurum
743 1056 916 1134 sanguinem
942 1074 998 1135 pro
1025 1055 1101 1118 illius
1124 1057 1217 1118 salute
1238 1056 1348 1122 litabat.
1394 1057 1483 1120 Chri-

267 1142 356 1204 atiani
384 1142 482 1221 itaque
511 1140 599 1202 talem
626 1141 690 1202 iure
711 1141 817 1203 merito
838 1141 975 1202 ridebant
994 1141 1078 1204 deam
1100 1153 1151 1204 ant
1170 1141 1260 1204 loturi
1282 1142 1411 1204 nuseium
1432 1151 1484 1204 aut

266 1225 429 1298 crudelem,
464 1243 538 1304 quae
565 1243 652 1304 passa
680 1235 725 1288 est
751 1243 811 1286 uon
839 1224 935 1287 solum
956 1225 1104 1304 archigalli
1127 1226 1173 1289 sui
1194 1244 1349 1306 perperam
1370 1227 1484 1290 ouandi

266 1311 448 1390 sanguinem,
472 1310 525 1371 sed
546 1309 670 1390 patriam
692 1327 809 1389 quoque
832 1329 914 1372 suam
937 1309 1053 1390 penitus
1075 1310 1162 1372 dirui.
1192 1311 1310 1372 Nullum
1332 1329 1402 1391 ergo
1418 1311 1481 1373 No-

264 1397 361 1458 menis
391 1395 426 1457 ad
449 1395 612 1458 dilatandos
634 1395 750 1474 imperii
772 1394 817 1457 sui
839 1396 914 1456 unes
936 1394 1075 1458 auxilium
1097 1395 1163 1456 sina
1184 1395 1285 1475 iniquo
1307 1396 1483 1476 ingratoque

265 1480 363 1542 animo
386 1481 462 1541 Terre
483 1480 590 1558 potuit
1300 1517 1307 1530 ·

348 1565 450 1644 Neque
472 1564 560 1626 etiam
575 1563 687 1644 Iupiter
708 1562 774 1624 illos
796 1562 907 1624 maiore
930 1563 1028 1626 studio
1051 1581 1085 1625 ao
1106 1565 1204 1625 lavore
1219 1564 1372 1644 eompleoti
1385 1564 1480 1628 debe·
1555 1635 1556 1642 ἵ

264 1649 315 1710 bat
336 1649 518 1724 (Tertullian.
533 1648 685 1728 dpologet.
708 1667 770 1726 cap.
786 1651 860 1724 lh).
903 1646 1014 1726 Ecquid
1037 1648 1116 1709 enim
1137 1647 1271 1711 oblivisci
1292 1649 1387 1728 potnit
1402 1649 1485 1712 ldaei

264 1733 343 1796 illius
362 1734 397 1794 in
419 1733 505 1794 Creta
526 1732 621 1794 insula
642 1731 728 1804 antri,
751 1731 803 1794 nbi
824 1731 948 1812 gentiles
970 1751 1037 1794 eum
1059 1743 1159 1795 natum
1174 1751 1209 1796 ac
1223 1733 1370 1814 sepultum
1385 1735 1484 1796 luisse
1555 1767 1556 1776 κ

263 1817 493 1898 praedicabant?
534 1817 681 1896 Numquid
709 1835 812 1880 amore
832 1817 943 1896 patriae
964 1817 995 1878 in
1017 1815 1117 1880 odium
1139 1835 1283 1880 converso
1306 1835 1413 1899 passus
1435 1829 1487 1880 est

266 1905 383 1966 Cretam
411 1921 512 1977 anum,
545 1910 577 1963 ut
605 1901 735 1980 loquitur
756 1901 953 1964 Tertullianus
980 1900 1094 1979 (ibid),
1125 1901 1266 1966 Romania
1293 1904 1431 1982 forulus
1455 1913 1486 1966 et

262 1987 354 2049 almis
383 1985 527 2050 conanti?
568 1986 713 2066 Numquid
741 2005 777 2048 ex
804 1985 945 2048 memoria
975 2004 1092 2066 qnoque
1119 1985 1197 2048 illins
1226 1987 1392 2051 exciderant
1414 2007 1486 2050 aera

263 2071 447 2151 Corybantia,
474 2090 599 2150 quorum
622 2071 758 2149 clangore
780 2090 814 2132 ao
835 2070 933 2131 sonitu
957 2071 1200 2132 inhumanissima
1221 2072 1313 2150 patris
1336 2072 1400 2134 e'ms
1423 2073 1486 2134 Sa-

262 2157 341 2218 turni
364 2157 504 2218 deuorare
526 2155 607 2217 illum
629 2155 754 2218 volentis
776 2155 876 2217 feritas
899 2155 979 2217 elusa
1006 2153 1074 2216 est?
1117 2155 1263 2236 Numquid
1285 2156 1404 2219 tandem
1426 2175 1485 2218 ro-

261 2240 385 2302 lontaria
408 2241 555 2302 oblivione
577 2240 716 2302 obruerat
742 2241 989 2302 damnatissimum
1010 2239 1073 2303 illio
1100 2245 1229 2304 nutricia
1258 2261 1331 2304 anae
1359 2243 1488 2306 odorent

262 2323 384 2400 (midai
429 2324 487 2386 Sed
504 2324 637 2386 dubitant
657 2324 757 2402 plnres
779 2343 853 2403 quae
875 2324 963 2386 luerit
983 2323 1031 2386 illa
1053 2324 1151 2387 nutrix
1174 2325 1311 2404 illiusque
1333 2326 1411 2388 odor
1432 2327 1484 2389 in-

262 2409 473 2471 ouudissimns.
518 2409 643 2481 Quidam
665 2416 763 2470 antem
784 2407 974 2487 suspicantur
989 2408 1200 2471 TertuNianum
1221 2409 1268 2472 his
1290 2410 1387 2472 verbis
1404 2411 1484 2474 allu-

262 2495 332 2556 dere
355 2494 391 2556 ad
413 2493 581 2554 Amaltheae
603 2509 711 2564 norun,
745 2511 781 2554 ex
809 2511 868 2572 quo
890 2501 992 2554 nectar
1013 2502 1042 2555 et
1063 2493 1211 2556 ambrosia
1233 2494 1401 2557 effluebant.
1445 2497 1488 2558 At

260 2597 334 2640 rana
354 2577 547 2659 proculdubio
569 2584 617 2638 est
638 2578 710 2640 hoen
730 2577 870 2656 suspicio.
912 2577 1014 2655 Agitur
1035 2576 1179 2656 siquidem
1201 2579 1238 2641 de
1251 2579 1330 2640 lovis
1352 2580 1487 2656 nutrioe,

261 2682 349 2743 quam
378 2663 426 2725 alii
454 2681 572 2742 capram
592 2662 789 2733 Amaltheam,
822 2661 869 2724 alii
890 2661 1038 2741 Nymphas
1060 2662 1121 2724 sive
1143 2662 1253 2725 Melissi
1275 2663 1378 2726 Cretam
1401 2667 1485 2744 regis

260 2749 334 2810 libas
358 2767 426 2810 esse
449 2747 653 2828 opinabantur.
696 2746 896 2808 Posteriorem
918 2745 1015 2826 itaque
1036 2747 1112 2809 hano
1133 2747 1303 2827 opinionem
1325 2749 1351 2810 si
1368 2750 1488 2812 ductor

260 2842 364 2896 noster
385 2839 506 2901 secutus
529 2839 585 2904 est,
608 2832 684 2893 odor
697 2831 894 2911 Nympharum
916 2849 991 2909 qnae
1011 2831 1098 2893 melle
1120 2841 1149 2894 et
1167 2831 1240 2893 lacte
1255 2833 1355 2894 lovem
1370 2835 1487 2898 aluisse

260 2919 429 2979 serebantur
455 2926 535 2978 reete
564 2916 620 2977 dioi
642 2916 739 2994 potuit
759 2914 1000 2977 iucundissimus.
1044 2915 1096 2978 Sin
1118 2934 1187 2978 vero
1209 2918 1246 2979 ad
1267 2917 1418 2997 priorem,
1450 2929 1487 2982 ut

260 3001 451 3064 verisimilius
473 3010 529 3074 est,
551 3001 727 3080 respexerit,
749 3019 810 3062 non
833 3001 898 3062 sine
919 2999 1013 3062 ironia
1035 3000 1177 3062 insulsam
1198 3001 1323 3082 exagitat
1338 3003 1482 3064 divinita-

259 3095 318 3149 tem
348 3086 443 3160 lovis,
476 3085 526 3165 qui
553 3105 658 3165 caprae
685 3085 760 3146 male
783 3084 889 3146 olentis
909 3085 954 3147 lae
975 3093 1094 3146 suxerat
1122 3103 1177 3148 neo
1196 3095 1313 3165 potarat
1333 3089 1485 3150 teterrimi

260 3171 337 3232 iNins
367 3171 468 3232 odoris
501 3169 643 3232 oblivisci.
686 3169 772 3248 Atqui
800 3169 878 3231 illius
906 3169 1075 3248 patriaeque
1096 3187 1168 3232 suaa
1190 3171 1293 3232 Cretae
1314 3172 1340 3234 si
1363 3191 1486 3234 memor

261 3272 378 3333 semper
399 3255 467 3328 init,
500 3254 577 3316 hano
598 3254 740 3334 Capitolio
762 3263 941 3332 anteponere
962 3252 1087 3316 debebat
1108 3273 1142 3316 ao
1164 3255 1353 3318 Cretensibus
1376 3258 1485 3336 potius

260 3357 347 3417 quam
374 3337 516 3400 Romanis
549 3337 618 3400 dare
647 3339 739 3400 totius
765 3339 867 3400 mundi
895 3337 1061 3417 imperinm.
1115 3339 1159 3400 lle
1186 3339 1263 3402 iNius
1284 3359 1375 3419 porro
1399 3351 1485 3415 ortu,

259 3422 433 3495 nutricibus,
463 3422 687 3485 educatione'et
708 3422 842 3502 sepulcro
865 3422 933 3484 alibi
955 3422 1150 3486 disseruimus
1179 3423 1342 3500 (Dissertat.
1365 3426 1397 3488 in
1420 3427 1484 3490 lti-

259 3525 326 3569 nuo.
350 3506 450 3569 ueuv.
473 3525 536 3586 oap.
562 3511 611 3571 15.
632 3509 694 3567 hrt.
716 3509 769 3582 2).

345 3590 422 3664 Quid
450 3609 521 3652 vero
548 3591 636 3653 huius
658 3590 737 3653 lovis
768 3609 857 3652 soror
884 3599 913 3652 et
941 3591 1049 3653 coniux
1069 3592 1168 3657 luno?
1210 3593 1357 3674 Numquid
1377 3595 1486 3670 vellet,

258 3677 299 3738 ait
319 3675 533 3748 Tertullianus,
563 3675 708 3738 hairum
732 3676 839 3738 orbem
861 3675 1064 3755 Carthaginem
1086 3678 1122 3740 ab
1147 3679 1352 3742 tenendorum
1372 3677 1487 3761 artique

256 3771 343 3842 gerute
372 3759 554 3836 (Tertullian.
576 3760 729 3841 dpologet.
759 3779 821 3839 oap.
844 3763 896 3824 25.
924 3768 955 3822 et
975 3761 1024 3822 lib.
1047 3761 1084 3824 ll.
1107 3763 1144 3824 ad
1165 3763 1282 3824 Nation.
1301 3781 1373 3843 nep.
1402 3769 1485 3840 tu),

256 3845 287 3908 id
316 3854 363 3908 est
383 3845 525 3908 Romanis
559 3844 676 3907 deleri?
718 3845 822 3907 Nonne
851 3845 928 3908 illam
957 3845 1061 3908 urbem
1090 3845 1146 3908 sihi
1176 3847 1310 3910 dileotam
1336 3850 1490 3928 praettdit

257 3929 356 4004 Samo,
378 3931 428 3993 ubi
452 3931 572 3992 educata
594 3937 645 3991 ant
664 3930 725 3991 lovi
747 3939 838 4010 nupta
859 3931 963 4004 iuerat,
988 3931 1029 3991 uti
1052 3930 1143 4011 liquet
1162 3931 1210 3994 his
1231 3931 1342 4012 Virgilii
1364 3936 1486 3998 carmi-

255 4015 360 4090 nibus,
392 4016 499 4096 partim
524 4023 637 4077 tantum
666 4033 701 4076 ao
726 4014 814 4077 tacito
841 4015 971 4078 auctoris
1003 4015 1123 4078 nomine
1153 4015 1188 4080 ab
1215 4017 1341 4080 duotore
1368 4029 1492 4082 nostro

220 4105 227 4116 '
256 4101 369 4162 uitatis:

409 4185 508 4260 Quom
529 4184 609 4248 luno
630 4184 735 4264 fertum
751 4187 849 4250 terrta
870 4187 965 4264 magis
989 4187 1125 4248 omuibus
1146 4204 1245 4258 noum,
1321 4225 1325 4234 ·

406 4269 582 4334 Posthabito
603 4269 731 4333 uoluisse
752 4269 852 4332 Sumo.
896 4267 954 4332 Hie
973 4268 1060 4332 illino
1080 4288 1177 4346 orum,
1245 4286 1253 4300 ’

406 4353 463 4416 Hie
485 4373 597 4418 currus
617 4355 695 4434 suit:
718 4355 772 4416 boe
793 4372 918 4434 reponat
940 4353 995 4416 deo
1014 4356 1150 4433 pentilus
1173 4373 1247 4424 earu,

409 4435 443 4498 Sa·
462 4457 519 4518 qno
539 4440 607 4519 {ata
627 4443 740 4511 eluunt,
764 4442 822 4502 iem
844 4451 908 4502 urm
929 4439 1079 4519 tenditque
1100 4439 1250 4521 fovetque.

752 4523 863 4602 (virgil.
885 4522 935 4584 lib.
957 4523 981 4584 l.
1004 4523 1124 4585 heneid.
1145 4543 1173 4584 v.
1198 4525 1237 4588 19
1259 4531 1289 4585 et
1311 4527 1411 4604 seqq.)

162 4636 171 4651 ν
256 4607 364 4671 Verum
391 4609 503 4669 mirere
529 4605 598 4681 illo,
629 4608 669 4672 ait
698 4607 793 4672 adhue
818 4606 1031 4682 Tertullianus,
1066 4611 1178 4672 eonium
1198 4607 1280 4674 leuia
1307 4619 1337 4676 at
1365 4627 1492 4686 rerer,
