3126 5250
266 349 328 416 312
364 366 554 410 utssttttutu'lo
571 367 600 410 tu
616 367 665 417 ott.
681 367 765 410 SEPT.
783 367 868 410 FLOR·
885 367 1080 410 usuuuuttttt
1094 364 1315 410 mououentcult
1324 363 1400 408 dffl.

266 525 369 580 noster
389 516 460 578 illud
480 535 589 580 nomeu
610 517 747 598 accepti,
771 535 879 580 sensus
907 516 985 580 illius
1014 517 1071 578 en't
1091 516 1165 580 nihil
1191 516 1222 578 in
1242 515 1451 578 Christianorum

265 621 358 664 coena
378 602 471 663 luisse
492 603 674 682 superlluum
696 609 725 664 et
745 602 926 664 redundans.
968 601 1061 666 Nobis
1091 611 1189 666 mmen
1215 601 1324 664 facilius
1344 617 1450 680 persua·

265 687 382 750 debitur
403 685 575 748 adiectirum
596 687 666 749 illud
689 687 747 750 cite
769 685 902 750 adbiberi
922 687 1017 768 priori
1039 705 1131 750 sensu
1151 692 1206 768 pro
1229 685 1344 748 sordido
1364 693 1391 746 et
1408 683 1451 746 ab·

265 773 352 834 iecto.
407 770 641 834 Christianorum
673 773 752 834 enim
782 789 902 834 coenam
935 771 1059 852 opponit
1085 772 1236 851 gentibum
1257 769 1401 842 conviviis,
1429 767 1453 828 iu

265 856 372 935 quibus
395 855 517 919 infames
539 857 670 936 parasiti,
698 857 851 918 bominum
874 857 1006 918 omnium
1028 849 1165 918 vilissimi
1185 855 1400 919 admittebantur
1422 851 1453 914 od

264 939 475 1013 contumelias,
508 941 594 1002 sicuti
617 941 664 1002 ille
685 941 829 1020 loquitur,
864 941 1026 1022 saginandi.
1069 941 1148 1004 Nihil
1169 941 1257 1002 etiam
1278 939 1454 1002 immodestior

265 1024 295 1086 io
316 1024 364 1086 illa
379 1025 569 1100 cernebatur,
592 1033 677 1105 atque
698 1026 784 1105 plane
806 1026 989 1107 discrepabat
1010 1046 1026 1086 a
1048 1026 1219 1088 memoratis
1240 1025 1276 1087 ab
1297 1024 1343 1086 illo
1363 1022 1453 1084 ibidem

264 1109 415 1256 &nubium
436 1111 530 1190 epulis
552 1121 582 1172 et
602 1111 848 1184 Bacchanalibus,
881 1111 918 1172 de
939 1109 1046 1190 quibus
1067 1130 1124 1172 nos
1147 1110 1216 1173 alibi
1238 1117 1267 1172 et
1287 1109 1357 1171 iutra
1376 1107 1454 1168 adbuc
1528 1121 1529 1140 ¹

263 1211 418 1274 egenum.

348 1279 455 1340 Sacrae
476 1298 567 1360 porro
583 1277 817 1342 Christianorum
839 1295 960 1342 mensae
975 1298 1037 1342 non
1049 1285 1141 1361 prius
1156 1279 1357 1348 discumbitur,
1377 1273 1454 1354 iuquit

264 1363 477 1436 Tertullianus,
506 1384 594 1447 quom
616 1370 715 1427 oratio
737 1367 776 1428 ud
796 1365 892 1428 Deum
911 1377 1128 1446 prospectatur
1150 1363 1331 1439 (tertullian.
1351 1359 1454 1440 Apolog.

264 1467 326 1527 cap.
350 1451 425 1526 ts).
467 1449 528 1510 lam
550 1457 647 1512 autem
670 1450 783 1512 dixerat
804 1459 889 1510 antea
911 1449 977 1511 illos
999 1449 1067 1510 ideo
1090 1458 1295 1529 congregatos,
1321 1455 1351 1508 ut
1369 1445 1454 1514 Deum,

264 1532 350 1596 sicuti
372 1533 646 1607 animadvertimus,
677 1543 870 1614 precarentur
891 1543 920 1596 et
942 1543 1108 1595 exorarent.
1151 1533 1238 1596 Nunc
1258 1533 1350 1611 itaque
1369 1531 1401 1592 de
1419 1527 1455 1590 bis

263 1617 402 1698 precibus
423 1618 567 1697 loquitur,
600 1637 673 1697 quas
696 1637 805 1681 coenae
832 1620 1021 1698 praemittere
1044 1617 1187 1681 solebant.
1232 1619 1269 1680 ht
1288 1625 1363 1680 certe
1382 1635 1397 1678 a
1415 1614 1453 1674 lu·

265 1701 344 1764 'stine
366 1703 490 1782 blmtyre
511 1703 653 1766 discimus
676 1723 726 1766 eas
747 1704 829 1766 lusus
851 1703 944 1766 luisse
965 1712 1035 1782 post
1056 1702 1162 1764 Sacrae
1185 1704 1350 1782 Scripturas
1369 1697 1454 1762 lectio-

264 1804 332 1932 ulerm
355 1795 387 1848 et
403 1788 565 1867 praepositi
586 1787 830 1860 cohortationem,
859 1788 912 1850 sed
933 1795 1088 1867 antequam
1108 1788 1207 1867 panis,
1236 1788 1333 1849 viuum
1353 1793 1379 1848 et
1397 1799 1455 1862 aqut
1529 1815 1530 1822 .

265 1881 452 1934 cernentur.

349 1957 448 2036 Pergit
474 1957 685 2020 Tertullianus:
717 1958 828 2020 Editur
855 1968 999 2039 quantum
1026 1960 1192 2020 esurientes
1224 1961 1345 2039 copiunt
1363 1951 1455 2028 (loun

264 2059 339 2120 quae
375 2042 492 2121 quidem
527 2051 699 2104 nostrorum
732 2051 762 2104 et
792 2050 924 2104 veterum
956 2041 1090 2104 codicum
1122 2041 1271 2104 editorum
1306 2039 1385 2104 lectio
1409 2041 1451 2096 est

264 2125 417 2206 llisplicuit
438 2135 534 2188 tamen
556 2126 604 2188 illa
625 2127 762 2206 Rigaltio,
794 2126 941 2206 scribique
962 2127 1082 2206 propria
1110 2127 1284 2190 auctoritate
1311 2123 1389 2188 voluit
1410 2139 1451 2210 συῒ

261 2214 368 2292 piunt,
402 2212 479 2273 baud
501 2211 589 2274 dubie
610 2212 678 2291 quia
699 2211 819 2290 putabat
840 2211 880 2273 ibi
903 2211 1060 2290 significari
1082 2211 1232 2273 neminem
1255 2229 1339 2284 esse,
1360 2205 1399 2286 qui
1416 2201 1447 2262 ibt

265 2294 301 2357 ad
322 2295 390 2375 plus
418 2297 591 2358 autminus
619 2296 832 2359 comedendum
860 2295 1079 2376 bibendumque
1100 2304 1268 2373 cogeretur.
1313 2291 1380 2368 Quid
1394 2303 1448 2348 tert

265 2380 291 2442 si
313 2380 450 2442 Auctoris
478 2381 573 2444 nostri
601 2400 709 2443 sensus
738 2383 792 2454 sit,
825 2391 894 2442 tuno
916 2381 1082 2443 esurientes
1111 2381 1211 2442 edisse
1235 2401 1299 2444 uon
1317 2380 1402 2448 ultro,
1426 2377 1453 2430 ul

263 2465 664 2630 {tut-..tttltlllt
684 2465 1228 2629 tilhtt’ntlt‘..ttzttlttn
1261 2465 1458 2629 &nillil

263 2636 300 2697 ad
323 2635 418 2698 cibum
440 2645 600 2715 potumque
623 2637 797 2698 sumendum
820 2635 996 2698 necessitate
1023 2653 1084 2696 uon
1108 2635 1258 2714 voluptate
1281 2622 1457 2698 docuerint

264 2718 456 2782 Continenter
477 2721 557 2782 euim
579 2720 745 2783 subiunxit:
783 2721 903 2783 Bibitur
926 2731 1070 2801 quantum
1088 2721 1207 2800 pudicis
1231 2720 1306 2784 utile
1327 2731 1369 2782 est
1389 2711 1458 2787 llbid·

264 2824 327 2885 cap.
350 2808 425 2882 39.)‚
453 2805 510 2868 hoc
533 2815 579 2868 est
600 2825 635 2868 ea
656 2805 827 2879 sobrietate,
856 2824 911 2885 qua
933 2804 1079 2885 pudicitia,
1093 2805 1205 2866 nullum
1228 2806 1297 2868 inde
1318 2803 1458 2865 detrimen·

265 2899 326 2953 tum
348 2891 407 2952 acci
429 2889 479 2952 iat.

223 3039 227 3048 ,
348 2911 526 3054 Hacpitaque
553 2974 584 3036 iu
612 2973 677 3036 cibo
706 2982 735 3036 et
755 2981 828 3054 potu
857 2974 1049 3054 temperantia
1082 2979 1125 3038 ito
1153 2985 1354 3044 saturantur,
1383 2965 1462 3046 inquit

263 3060 371 3137 (ibid),
393 3060 424 3122 id
446 3069 491 3122 est
512 3059 549 3121 iis
572 3059 645 3122 adeo
668 3067 829 3138 temperate
850 3066 982 3131 utuntur,
1004 3069 1038 3122 ut
1053 3065 1106 3140 qui
1117 3063 1309 3120 monterrant
1324 3063 1404 3122 etrum
1416 3068 1461 3146 per

262 3155 378 3208 noctem
399 3145 496 3207 Deum
518 3146 707 3208 odorandum
729 3145 789 3206 sibi
809 3163 883 3205 esse.
927 3143 989 3204 Nos
1018 3163 1087 3204 vero
1116 3143 1304 3206 manifestum
1324 3140 1389 3204 alibi
1408 3155 1461 3198 cut·

262 3227 335 3290 libet
365 3228 487 3290 lecimus
520 3234 603 3300 (tom.
626 3229 649 3289 l.
671 3231 807 3309 Apparet.
829 3228 881 3290 lib.
903 3227 952 3289 lli.
982 3227 1107 3290 Dissert.
1130 3228 1153 3288 l.
1176 3247 1240 3307 cap.
1265 3231 1295 3294 6.
1317 3245 1379 3307 pag.
1402 3223 1461 3288 tlt.

264 3320 294 3374 et
314 3318 400 3390 sem),
434 3321 502 3374 tunc
530 3313 561 3374 in
588 3332 671 3375 more
699 3313 894 3392 institutoque
921 3313 1068 3392 positum,
1101 3322 1134 3376 ut
1155 3311 1313 3375 Christiani
1336 3319 1415 3374 noete
1434 3303 1463 3366 ad

262 3397 355 3459 Deum
377 3397 521 3458 orandum
542 3406 705 3476 surgerent.
737 3398 925 3477 Quapropter
947 3398 984 3459 ad
1006 3416 1127 3459 uxorem
1150 3416 1234 3460 suam
1257 3397 1305 3459 ille
1319 3393 1462 3460 scribebat:

262 3481 417 3544 Latebisne
440 3493 474 3542 tu
486 3527 594 3544 .....
624 3502 691 3545 cum
712 3487 801 3544 etr‘um
819 3502 879 3562 per
899 3493 1017 3545 noctem
1038 3487 1179 3563 ecsurpa‘s
1202 3495 1325 3546 orntum
1345 3474 1462 3554 (nerui.

262 3567 313 3629 lib.
328 3565 365 3627 ll.
380 3565 417 3627 ad
431 3565 521 3628 Uxor.
538 3585 600 3645 cap.
616 3571 671 3643 5.).
700 3567 809 3628 Verum
831 3567 862 3628 in
884 3585 920 3628 eo
941 3567 1124 3646 Apologetici
1147 3567 1211 3628 loco
1233 3585 1296 3628 nou
1317 3565 1353 3628 de
1374 3564 1463 3640 nnm-

272 3652 299 3715 is
326 3651 464 3714 northus
491 3651 601 3730 agitur,
636 3649 688 3712 sed
717 3650 754 3711 iis
781 3659 893 3713 mutum
925 3652 1032 3730 quibus
1061 3651 1127 3714 testi
1157 3669 1308 3714 sacrarum
1331 3662 1463 3730 synaxeon

262 3738 326 3800 dies
342 3735 573 3799 celebrabantur.
603 3735 660 3796 Per
681 3735 752 3798 illud
775 3737 891 3796 tandem
913 3754 1023 3799 coenae
1044 3744 1172 3816 tempus,
1194 3735 1299 3815 inquit,
1322 3727 1464 3797 Christiani

262 3829 305 3887 ito
325 3821 517 3903 fabulentur,
539 3833 574 3883 ut
596 3825 648 3902 qul
667 3826 765 3884 sciunt
786 3820 882 3883 Derim
902 3823 1008 3884 audire
1030 3821 1122 3896 (idem
1143 3821 1298 3901 Apologet.
1319 3839 1380 3901 cap.
1401 3819 1464 3890 39·h

262 3926 452 3988 quaecunque
473 3907 515 3968 illi
536 3906 615 3968 iuter
636 3925 670 3968 se
692 3905 729 3966 de
750 3905 841 3968 rebus
863 3905 1099 3985 colloquerentur
1120 3906 1235 3968 divims.

345 3991 433 4054 nouit
453 3992 576 4072 insuper
596 3991 721 4070 hymnos
750 3991 847 4053 adhuc
869 4001 973 4070 postea
993 3989 1056 4052 ileo
1085 3990 1253 4054 decantatos
1285 3997 1372 4069 atque
1398 3986 1464 4056 lim,

261 4076 366 4155 inquit,
384 4079 538 4156 probatur
559 4077 704 4157 quomodo
727 4081 762 4148 is,
786 4095 805 4138 u
827 4076 1103 4156 consumebantur,
1126 4077 1233 4140 biberit
1247 4074 1356 4151 (ibid),
1378 4071 1405 4133 id
1428 4073 1464 4128 est

262 4169 369 4239 quanta
398 4159 558 4224 sobrietate
587 4180 621 4223 ao
648 4161 841 4240 temperantia
868 4159 985 4222 biberit.
1028 4161 1065 4223 ht
1092 4161 1160 4240 quis
1186 4161 1240 4222 hac
1271 4169 1330 4220 tam
1363 4157 1464 4218 sincera

262 4262 372 4304 coenae
394 4245 568 4308 christianae
590 4245 788 4326 descriptione
809 4265 870 4308 non
891 4244 1033 4324 intelliget
1053 4255 1193 4326 quantum
1214 4244 1379 4312 moderata,
1409 4241 1463 4300 lou·

262 4327 334 4408 galis
355 4328 462 4408 piaque
484 4329 596 4394 luerit?
1208 4327 1219 4350 ⁸
1445 4325 1456 4360 '
