3132 5238
244 359 284 422 74
463 373 658 419 nussuararto
680 374 722 418 1111
741 373 936 418 renuuntur!
957 373 1023 418 tint
1044 375 1082 420 ET
1105 375 1236 420 ammaus
1311 345 1314 354 Ι

244 529 317 592 mibi
344 527 447 590 videor
474 526 609 606 colligere
623 530 666 588 'ex
686 527 725 589 iis
746 526 931 606 puae-babet
952 531 1014 589 tcto
1036 527 1095 589 boc
1114 525 1208 601 libro,
1236 527 1356 590 omnino
1379 528 1462 607 paria

246 633 313 676 cnm
331 613 414 674 libris
443 612 481 674 ad
501 609 653 685 Nationes,
682 629 756 691 quos
784 611 894 674 ultimis
923 612 1000 674 vius
1030 630 1101 674 snae
1129 611 1312 692 temporibus
1334 612 1460 692 scriptos

125 725 129 738 ³
244 700 335 761 luisse
357 696 510 776 colligitur.
553 695 587 758 ld
609 696 702 776 ipsius
723 695 790 758 libri
811 697 989 776 praestantia
1010 695 1166 777 singularis
1188 697 1313 758 11010011
1334 697 1460 772 videtur,

244 803 319 865 quae
350 789 472 844 aetatem
493 781 709 860 provectiorem
730 799 834 860 sapere
855 781 980 844 videtur.
1010 782 1097 856 Quod
1117 781 1250 842 enimin
1271 780 1461 862 Apologeticc

245 887 308 948 cap.
324 869 374 932 35.
397 865 522 928 videtur.
534 865 662 928 alludere
683 866 720 928 ad
741 865 878 945 reliquias
889 866 1059 928 Albiniauac
1080 866 1182 946 partis,
1204 867 1289 945 quasi
1312 877 1373 929 tum
1394 867 1459 928 illes

242 951 361 1033 penitus
394 950 511 1012 abolere
546 958 702 1012 conaretur
725 950 868 1025 Severus,
901 951 1003 1013 eadem
1023 951 1111 1014 babet
1131 951 1249 1031 penitus
1270 952 1301 1014 in
1322 951 1399 1013 libro
1421 951 1461 1013 ad

245 1038 410 1117 Scapulam,
433 1053 520 1114 quem
542 1053 618 1097 anno
634 1035 767 1097 CCXVll.
791 1036 933 1115 scriptum
955 1035 1110 1115 esse‘pcst
1123 1035 1301 1115 Scaligemm
1320 1053 1461 1115 maguum

243 1121 377 1202 probavit
398 1122 462 1182 lose
483 1121 551 1181 clar.
574 1119 745 1182 Hclstenius
766 1121 798 1180 in
819 1121 898 1182 notis
920 1139 1011 1200 supra
1031 1120 1164 1182 laudatis.

330 1205 402 1268 Cum
425 1204 561 1267 inlibris
583 1205 620 1266 ad
640 1203 781 1266 Nationes
803 1205 918 1268 dnobus
939 1205 1017 1266 idem
1041 1205 1137 1268 volvat
1156 1213 1359 1285 mprmenwm
1381 1204 1460 1266 Ter-

243 1292 392 1363 tullianus,
415 1289 493 1368 qucd
515 1289 546 1350 in
569 1289 758 1369 Apologetieo
782 1297 964 1363 tractaverat,
986 1291 1090 1352 eodem
1112 1289 1229 1352 circiter
1250 1299 1383 1368 tempore
1405 1309 1459 1350 ex·

242 1386 341 1439 aratos
369 1375 461 1436 luisse
489 1383 617 1454 oportet.
660 1375 771 1436 Eadem
798 1374 830 1434 iu
858 1383 985 1454 utroque
1013 1392 1103 1453 opere
1130 1375 1279 1436 rationum
1299 1381 1459 1448 momenta,

243 1462 304 1524 imo
326 1460 427 1522 eadem
450 1459 621 1539 plerumque
643 1459 742 1532 verba,
765 1477 801 1520 ex
822 1477 881 1520 unc
904 1477 994 1538 opere
1015 1459 1046 1520 in
1067 1459 1147 1521 aliud
1168 1459 1204 1520 ab
1225 1468 1344 1521 auctore
1360 1469 1461 1520 trans-

241 1547 318 1620 lusa,
348 1544 508 1606 diiudicare
537 1544 584 1605 vix
606 1543 708 1606 sinunt
728 1543 876 1623 quodnam
898 1544 980 1623 prius
1000 1543 1090 1606 luerit
1110 1543 1231 1606 editum.
1274 1543 1312 1605 Ut
1332 1543 1400 1606 libri
1422 1544 1459 1605 ad

242 1631 382 1693 Nationes
410 1630 504 1690 forma
526 1629 690 1690 electione
712 1629 749 1689 ab
769 1628 958 1708 Apologctico
981 1629 1137 1702 ditlcrunt,
1164 1627 1317 1708 probabile
1337 1629 1378 1690 sit
1398 1647 1458 1690 000
1556 1691 1558 1704 Α

242 1716 405 1792 eodemque
438 1713 580 1793 temporis
615 1713 736 1775 amiculo
768 1713 861 1776 lucem
890 1713 1016 1787 vidisse,
1047 1722 1201 1775 accrnante
1224 1712 1404 1775 Tertulliano
1427 1723 1461 1775 ut
1557 1713 1558 1790 Q

242 1816 316 1880 quae
346 1799 456 1860 iudices
484 1815 575 1860 nosse
596 1798 752 1870 intererat,
781 1797 882 1859 eadem
910 1797 996 1860 etiam
1018 1797 1097 1876 plebi
1118 1816 1178 1860 uun
1199 1807 1352 1860 manerent
1373 1799 1459 1860 iuco-

242 1885 331 1963 gnita.
354 1882 475 1945 Videtur
498 1881 694 1944 Tertullianus
716 1881 783 1943 libri
805 1883 841 1944 ad
863 1881 928 1944 Nat.
950 1883 974 1943 1.·
996 1901 1058 1962 cap.
1078 1885 1126 1946 17.
1150 1881 1277 1944 alludere
1298 1883 1334 1943 ad
1357 1883 1459 1944 titulos

159 2009 163 2016 -
240 1967 381 2030 Antonini
404 1966 576 2041 curcellae,
608 1967 658 2046 qui
679 1985 712 2027 se
733 1966 901 2028 Parthicum
934 1976 963 2028 et
994 1967 1200 2029 Germanicum
1233 1967 1333 2028 uocari
1361 1967 1459 2040 iussit,

243 2053 448 2116 Germanicum
481 2052 598 2131 quidem
630 2051 696 2112 rivo
725 2050 819 2112 adbuc
846 2051 972 2125 Seuero,
1005 2051 1175 2113 Parthicum
1195 2069 1267 2113 vero
1288 2060 1357 2130 post
1378 2051 1459 2114 illins
1558 2107 1559 2124 ,

243 2139 365 2200 obitum.
409 2138 459 2200 Sic
479 2137 558 2216 quod
580 2136 713 2198 eiusdem
733 2135 801 2197 libri
823 2153 886 2215 cap.
906 2137 1111 2200 11ιο11101
1132 2155 1205 2198 soce
1226 2141 1351 2198 0110110
1373 2155 1460 2200 cruce
1558 2135 1559 2218 ζ

242 2221 351 2285 Christi
371 2240 464 2285 anuos
487 2221 633 2282 numerari
655 2219 736 2282 CCL.
759 2220 865 2295 innuit,
888 2239 949 2282 non
971 2219 1027 2282 alic
1049 2229 1183 2302 tempore
1206 2220 1381 2300 Septimium
1402 2222 1459 2284 bos
1558 2283 1559 2288 ,

240 2309 334 2370 libros
355 2305 522 2386 scripsisse.

326 2391 390 2454 llcc
415 2392 481 2470 ipsc
500 2393 640 2470 'tempore
671 2389 775 2452 libmm
798 2390 834 2451 dc
857 2390 1042 2452 Testimonio
1062 2390 1184 2452 Animae
1205 2390 1338 2469 scripsit,
1372 2409 1460 2469 quem

241 2487 310 2559 post
331 2475 550 2555 lpclcgecicum
577 2475 687 2536 editum
715 2475 807 2538 luisse
835 2494 869 2536 ex
897 2493 961 2554 cap.
983 2480 1014 2540 5.
1042 2475 1130 2536 buius
1151 2474 1218 2536 libri
1240 2475 1350 2552 optime
1372 2473 1459 2536 colli·

242 2561 466 2643 guntBarouius
489 2567 518 2621 et
538 2559 696 2633 Pamelius,
718 2560 762 2621 sic
783 2579 836 2621 sua
857 2559 1000 2621 sententia
1023 2577 1142 2632 anuum,
1165 2578 1224 2638 quc
1245 2559 1322 2620 illius
1348 2559 1460 2621 editio-

241 2665 310 2709 nem
331 2646 498 2725 assignant,
520 2644 691 2706 mutandum
713 2663 781 2706 esse
802 2645 961 2706 suadentes
984 2663 1018 2707 ac
1039 2645 1233 2723 impellentes.
1276 2644 1311 2705 ln
1330 2662 1363 2705 re
1385 2662 1459 2724 per-

241 2733 344 2812 spicua
366 2730 516 2792 immorari
538 2747 599 2790 nou
621 2737 667 2790 est
688 2728 948 2808 operaepretium.
993 2729 1043 2790 Sic
1064 2745 1119 2791 nec
1139 2729 1233 2791 101101
1253 2740 1388 2807 repetere
1410 2728 1462 2791 bic

241 2819 331 2889 iuvat,
353 2835 427 2895 quae
449 2813 559 2876 clariss.
572 2813 741 2876 Holstcnius
764 2815 800 2876 dc
816 2823 948 2894 tempore
962 2832 1021 2892 quc
1036 2813 1110 2876 liber
1124 2815 1159 2875 ad
1176 2813 1329 2894 Scapulam
1344 2813 1461 2876 Africae

240 2901 448 2982 proconsulem
482 2899 608 2978 scriptus
641 2907 695 2970 est,
727 2897 876 2960 disseruit.
920 2897 1093 2962 Coniercrat
1124 2898 1233 2960 iamdiu
1266 2897 1395 2978 Scaliger
1426 2899 1461 2960 in

240 2983 543 3070 animaduersionibus
564 2985 599 3046 ad
615 2983 786 3057 Eusebium,
809 2984 950 3063 scriptum
972 2984 1047 3045 circa
1069 3002 1177 3045 annum
1201 2982 1333 3044 CCXVll.
1361 2981 1393 3043 ld
1416 2983 1461 3044 ita

240 3071 367 3132 firmarit
388 3069 577 3134 Holsteuius,
610 3076 641 3129 ut
673 3066 749 3130 nulla
781 3067 931 3130 dubitandi
959 3070 1075 3130 occasio
1102 3067 1191 3131 luerit
1218 3067 1327 3129 relicta.
1369 3065 1458 3128 Certe

240 3163 329 3234 patet,
352 3153 469 3216 brevius
491 3153 630 3232 scriptum
651 3152 724 3213 nibil
745 3153 822 3214 aliud
845 3171 913 3214 esse
935 3169 1021 3230 quarn
1031 3152 1214 3233 Apolcgetici
1234 3151 1459 3214 deflorationem

241 3248 271 3300 et
292 3237 508 3317 compendium.
606 3293 610 3302 ,

324 3323 417 3400 Atque
439 3321 543 3382 exinde
565 3319 712 3382 conlisere
734 3329 789 3392 est,
812 3321 880 3399 quid
903 3322 940 3383 de
962 3319 1077 3383 duobus
1100 3319 1194 3395 libris,
1216 3339 1277 3384 unc
1299 3321 1459 3401 011110111-

240 3425 301 3481 111,
328 3407 419 3468 altero
441 3406 478 3466 de
499 3403 653 3478 Patientia,
675 3406 715 3466 sit
737 3407 931 3468 statuendum.
976 3405 1042 3468 Vult
1062 3406 1208 3468 Pamelius
1230 3405 1355 3485 scriptos
1377 3423 1460 3468 anno

241 3491 310 3554 CCl.
332 3491 419 3570 idque
433 3486 643 3563 Romaecum
665 3490 713 3552 bic
733 3499 832 3570 ageret
847 3490 1057 3564 Tertullianus,
1080 3509 1114 3552 ac
1135 3493 1240 3552 latetur
1261 3491 1338 3552 idem
1360 3489 1459 3553 editos

240 3575 396 3639 occasione
417 3573 630 3655 persecutionis
652 3593 668 3635 a
684 3573 808 3654 Scapula
829 3575 970 3637 adversus
985 3574 1167 3638 Christianos
1188 3575 1219 3636 iu
1233 3576 1330 3637 blrica
1346 3583 1459 3638 motae.

237 3661 318 3724 Beue
340 3669 405 3736 est3
426 3661 489 3740 ipse
510 3659 555 3720 vel
576 3659 701 3721 errando
724 3659 810 3722 uobis
833 3659 909 3722 riam
930 3667 1089 3722 monstrat:
1112 3661 1177 3740 ipso
1199 3660 1281 3734 dure,
1305 3659 1460 3722 cnmSca-

238 3747 307 3828 pule
334 3747 371 3810 ad
398 3764 508 3807 aunum
530 3743 662 3806 CCXVII.
685 3744 922 3808 Christianorum
953 3763 1061 3806 nomen
1089 3753 1119 3806 et
1144 3763 1193 3806 res
1213 3745 1288 3806 mire
1309 3744 1459 3820 afflixerit,

239 3833 380 3894 babemus
409 3831 465 3892 bos
493 3829 585 3892 libros
613 3828 832 3892 aTertulliano
861 3830 937 3892 circa
965 3847 1074 3891 aunum
1096 3829 1228 3891 CCXVII.
1258 3829 1350 3892 luisse
1378 3845 1459 3892 cou-

238 3917 376 3996 scriptos.

324 4001 403 4062 llaec
423 4008 501 4075 sunt,
524 4017 597 4078 quae
619 3998 656 4059 de
670 3997 841 4060 Tertulliani
863 3997 986 4078 scriptis¹
1002 3997 1208 4071 dicerebabui,
1220 3998 1345 4077 aliquam
1359 3997 1458 4062 lucem

240 4085 271 4145 ni
293 4085 377 4145 fallor
397 4087 600 4156 foeneratum,
619 4090 661 4156 ut,
683 4101 757 4162 quaa
778 4083 814 4144 ad
835 4081 988 4145 historiam
1009 4083 1155 4146 Ecclesiae
1177 4083 1208 4145 in
1229 4083 1312 4145 libris
1333 4082 1458 4146 101101-

238 4167 309 4230 liani
327 4167 461 4230 satbouo
476 4187 600 4230 numero
622 4177 789 4242 occurrunt,
811 4167 847 4228 ad
868 4168 1020 4247 proprium
1041 4177 1166 4247 tempus,
1190 4186 1248 4248 quc
1269 4177 1351 4246 gesta
1373 4178 1457 4244 sumt,

240 4253 369 4315 exactius
391 4270 478 4331 quam
498 4261 584 4315 antea
605 4253 711 4314 lactum
743 4261 789 4315 est
815 4251 953 4332 deinceps
973 4252 1090 4332 possint
1110 4252 1224 4315 relerri.
1267 4253 1309 4314 lle
1332 4252 1456 4314 Tertul-

239 4337 310 4399 liani
322 4336 482 4412 amoribus,
504 4337 595 4417 quabs
618 4337 674 4400 luit
694 4337 839 4399 sententia
859 4337 896 4398 de
917 4337 1030 4400 animae
1047 4338 1250 4418 corporeitate,
1266 4355 1283 4398 a
1297 4335 1455 4416 Fulgentio

240 4421 276 4484 de
298 4421 423 4484 veritate
444 4421 722 4485 Praedcstinationis
743 4422 794 4483 lib.
817 4421 866 4483 111.
889 4439 951 4502 cap.
974 4425 1004 4486 2.
1027 4423 1187 4502 suggillata,
1210 4423 1246 4484 de
1267 4421 1344 4484 illius
1366 4420 1455 4485 libris

239 4525 300 4569 non
322 4507 446 4587 amplius
469 4508 649 4582 extantibus,
678 4515 727 4570 aut
753 4507 790 4568 de
811 4507 848 4569 iis
870 4507 920 4586 qui
943 4506 1176 4570 Tertullianistae
1196 4505 1355 4586 posteriori
1378 4525 1454 4568 aevo

239 4593 309 4658 dicti
330 4602 410 4670 sunt,
432 4611 499 4656 cum
520 4591 592 4657 baec
612 4592 699 4656 obvia
719 4592 780 4656 siut
800 4601 829 4655 et
849 4591 966 4656 aliunde
986 4593 1103 4673 possint
1125 4591 1229 4673 repeti,
1252 4589 1454 4656 1011100010-
