3126 5250
283 373 348 438 266
382 389 620 448 ursssnrurmm
635 389 683 439 oo.
699 387 783 430 surr.
798 385 884 429 unos.
899 383 1093 428 amonentem
1106 381 1326 427 oronocsrroou
1340 381 1413 424 carr.

285 552 315 604 et
336 541 455 603 divitem
476 539 560 618 (lbid.
583 535 646 618 cap.
669 539 742 616 58.).
787 535 912 598 Omnem
933 535 1021 616 igitur
1043 553 1109 598 cum
1130 533 1206 596 dicat
1227 526 1354 606 animam,
1377 531 1465 593 nullan
1526 571 1527 604 ᾗ

279 624 400 688 exciit.

348 644 471 788 pNeque
497 707 546 770 ille
574 715 687 770 tantum
707 707 738 768 in
760 706 835 768 libro
864 705 903 767 ita
925 725 958 766 se
980 705 1091 766 sentire
1112 703 1281 784 profitetur,
1312 701 1405 763 sedin
1423 701 1465 761 alio

286 792 424 857 etiamid
445 792 523 854 baud
546 793 670 854 absume
692 791 738 852 bis
759 791 858 852 uerbis
880 790 1047 854 confirmat:
1068 790 1144 851 Nom
1163 800 1192 851 et
1205 805 1285 850 nuuc
1298 791 1403 848 animm
1416 798 1466 848 tor·

286 882 373 962 pueri
391 881 549 959 socerique
566 895 657 958 penes
678 879 804 956 inferos,
829 877 896 939 licet
916 877 1023 952 nudas,
1046 874 1115 937 licet
1136 873 1232 937 addua
1257 872 1355 934 eaulm
1378 874 1466 938 cornis,

226 957 232 979 '
282 966 427 1046 probauit
449 963 563 1024 Lazari
589 962 755 1042 exemplum
776 961 869 1035 (ldem
890 960 940 1021 lib.
963 961 999 1022 de
1021 959 1190 1021 Resurrect.
1212 956 1313 1018 Carnis
1335 973 1391 1034 cap.
1411 958 1466 1028 lli.

286 1047 329 1110 lle
351 1047 487 1126 ipsismet
514 1066 605 1126 porro
633 1045 810 1125 martyribus
838 1046 911 1106 baec
937 1046 967 1106 in
990 1044 1148 1124 Soorpiaco
1179 1041 1306 1104 seribere
1327 1058 1382 1102 non
1401 1038 1466 1100 dubi·

285 1132 371 1195 tarit:
411 1133 543 1206 Quinam
565 1136 631 1207 isti,
662 1130 805 1192 Zebedaei
827 1130 895 1203 lilii,
929 1140 990 1192 tum
1011 1131 1091 1192 beoti
1117 1132 1262 1199 victores,
1296 1130 1353 1188 uisi
1367 1126 1468 1205 proprie

284 1214 460 1296 martyres?
502 1215 633 1278 illorum
654 1221 758 1278 cimona
779 1219 933 1286 victoriae,
956 1231 1084 1295 quorum
1105 1225 1135 1276 et
1152 1230 1279 1294 pupmoe,
1302 1229 1396 1273 comum
1414 1223 1468 1268 ocro

282 1320 402 1383 pupnoe
424 1319 553 1384 quorum
574 1311 602 1362 et
624 1299 771 1381 sanguis?
792 1301 845 1362 sed
866 1311 895 1361 et
915 1304 1037 1361 interdu
1057 1300 1112 1362 sub
1134 1297 1232 1359 ultori
1249 1307 1407 1374 martyrum
1419 1295 1469 1353 oni

285 1406 351 1449 moe
368 1386 522 1466 placidum
543 1389 698 1468 quiescunt
719 1395 749 1447 et
769 1385 881 1466 fiducia
901 1384 1027 1446 ultionis
1045 1385 1225 1465 patientiam
1242 1391 1368 1462 pascunt
1391 1388 1415 1440 et
1432 1381 1469 1437 in·

286 1473 376 1533 dutac
402 1471 488 1532 stolis
517 1472 673 1532 condidam
699 1469 847 1531 claritatis
875 1480 1043 1548 usurparet,
1078 1469 1169 1530 donec
1191 1477 1220 1528 et
1241 1467 1297 1528 ulii
1316 1465 1469 1526 consortium

286 1556 413 1618 illarum
442 1554 558 1634 plorioe
590 1555 735 1634 impleant
767 1554 858 1624 (idem
886 1553 1034 1632 Scorpiac.
1063 1570 1125 1630 cap.
1159 1555 1232 1629 ia).
1281 1550 1379 1610 Nonne
1402 1546 1469 1624 igitur

286 1639 458 1700 Tertulliani
480 1639 581 1718 opinio
604 1639 658 1701 luit
679 1657 782 1700 omnes
805 1637 1002 1716 quorumlibet
1022 1645 1208 1698 mortuorum
1224 1635 1370 1698 hominum
1383 1631 1468 1693 minas
1526 1641 1527 1650 ¹

287 1723 412 1802 corpore
435 1742 490 1784 suo
514 1729 615 1784 exutam
638 1723 674 1784 ad
696 1722 829 1784 ultimum
851 1741 946 1801 usque
966 1720 1065 1784 iudicii
1088 1721 1166 1783 diem
1180 1720 1326 1783 reseruari
1340 1712 1467 1782 iminium,
1526 1759 1527 1774 .

285 1807 424 1888 paradiso
445 1807 578 1868 Abrabae
601 1808 667 1868 sinu
690 1815 719 1868 et
741 1807 796 1868 sub
819 1807 911 1880 altari,
934 1806 1051 1886 quibus,
1084 1805 1154 1868 lieet
1175 1805 1301 1867 diversis
1321 1799 1466 1868 nominibus,

287 1891 412 1954 eundem
433 1891 530 1953 locum
552 1891 724 1971 designasse
742 1891 935 1972 proculdubio
957 1890 1098 1953 videtur?

371 1976 430 2037 Sed
452 1983 582 2058 expecta,
604 1994 727 2055 quaeso,
758 1976 916 2056 paulisper,
945 1985 1033 2054 teque
1066 1975 1246 2054 alquantum
1269 1973 1385 2036 sustine.
1418 1967 1465 2027 ltux

288 2060 367 2122 enim
389 2059 489 2122 audies
511 2061 548 2122 eb
570 2061 635 2134 illo,
669 2060 745 2122 sicut
773 2061 877 2139 triplex
906 2079 999 2139 genus
1022 2060 1199 2133 animarum,
1234 2060 1296 2121 sive
1317 2063 1462 2119 mortuom

287 2145 450 2218 bominum,
472 2145 629 2225 impiorum
651 2143 795 2218 videlieet,
818 2145 962 2206 iustorum
986 2153 1016 2206 et
1029 2151 1199 2224 martyrum,
1222 2145 1262 2206 ita
1277 2142 1403 2223 triplicem
1413 2133 1461 2194 llll·

233 2283 236 2290 .
287 2247 354 2291 rum
375 2229 471 2290 locum
494 2238 580 2309 atque
601 2231 713 2292 inieras
735 2229 771 2290 ab
790 2229 922 2291 Abrahae
944 2230 1011 2292 sinu
1032 2229 1181 2308 distingui.
1225 2220 1460 2300 Marcionisoulooo

287 2314 324 2374 de
346 2314 504 2376 earundem
526 2314 687 2376 animarum
710 2314 901 2393 receptaculis
925 2333 1055 2376 errorem
1078 2315 1184 2376 Sacrae
1204 2313 1312 2375 refellit
1332 2303 1459 2374 aucttlrllle

287 2397 464 2485 Scripturas,
494 2419 567 2480 puae
588 2401 624 2463 ab
646 2401 765 2479 inseris,
793 2398 896 2478 iuquit,
920 2401 1063 2462 discernit
1084 2403 1182 2460 sinum
1196 2399 1343 2461 ¹Abroltoe
1362 2386 1462 2476 pulpiti·

286 2483 378 2545 Aliud
406 2489 484 2546 curm
510 2485 621 2562 inseri,
654 2495 690 2546 ut
713 2493 805 2565 puto,
839 2483 923 2546 aliud
944 2503 1058 2566 puopm
1079 2484 1217 2545 Abrabae
1239 2487 1334 2546 sinus.
1373 2476 1432 2540 llud
1447 2477 1466 2530 tl

286 2587 426 2648 mopnum
441 2572 484 2629 ait
497 2569 681 2631 intercedere
695 2573 829 2648 ropiones
851 2573 926 2630 istas
945 2570 1137 2650 profundum
1158 2577 1186 2629 et
1209 2571 1369 2630 transitum
1385 2560 1468 2622 sirim

288 2671 344 2736 pue
355 2653 528 2733 probibere.
565 2653 623 2716 Sed
642 2672 697 2715 nec
717 2653 878 2717 allevasset
899 2655 981 2715 dioes
1005 2653 1116 2724 oculos,
1140 2664 1169 2716 ct
1190 2655 1308 2734 quidem
1329 2652 1360 2713 de
1380 2644 1470 2721 longit·

288 2755 354 2818 quo‚
378 2741 441 2798 nisi
460 2742 491 2799 in
513 2743 674 2819 superiora
697 2749 726 2800 et
747 2737 781 2799 de
803 2737 971 2799 altitudinis
987 2737 1148 2819 loupiuquo
1160 2755 1220 2816 per
1235 2741 1398 2798 immensam
1410 2726 1471 2789 illua

289 2824 461 2884 distantiam
483 2823 673 2885 sublimitatis
696 2836 725 2886 er
742 2823 967 2903 profunditatis
978 2867 1111 2884 ......
1139 2821 1213 2882 llam
1236 2827 1334 2902 itaque
1354 2819 1472 2894 repimus

288 2911 388 2968 simum
410 2907 474 2969 dico
498 2907 649 2982 Abrabae,
677 2912 735 2969 etsi
759 2925 822 2968 mon
844 2907 1012 2976 caelestem,
1040 2906 1246 2969 sublimiorem
1269 2919 1362 2968 torum
1381 2897 1473 2978 iussus

287 2995 409 3054 iuterim
431 2993 626 3072 resriperium
643 2993 854 3072 praebiturum
875 2992 1029 3054 animabus
1051 2995 1219 3064 iuratorum,
1253 2993 1343 3052 donec
1362 2997 1475 3049 cousum-

287 3079 379 3137 matio
411 3093 515 3137 rerum
547 3081 800 3138 resurrectionem
833 3081 963 3138 omnium
991 3075 1179 3156 plenitudiue
1209 3076 1352 3138 mercedis
1382 3081 1475 3146 eaput·

287 3169 339 3238 pat
350 3203 459 3220 .....
483 3178 539 3221 our
561 3178 621 3222 uon
645 3165 744 3240 capiat
765 3164 865 3222 siurim
879 3161 1016 3222 Abrabae
1038 3161 1096 3222 diei
1116 3159 1282 3239 temporale
1303 3150 1476 3238 olr'puudoui·

288 3260 407 3303 morum
428 3243 562 3323 fidelium
584 3243 818 3323 receptaculum,
853 3248 885 3306 in
912 3263 969 3325 quo
997 3249 1057 3306 iam
1086 3244 1255 3306 delinietur
1276 3245 1377 3323 saturi
1393 3242 1475 3311 imagi,

289 3345 324 3387 ac
341 3328 465 3388 condida
480 3329 624 3408 quaedam
636 3332 796 3409 ulmuspue
810 3330 914 3390 iudicii
922 3333 1133 3409 prospiciatur
1155 3328 1249 3400 (Idem
1263 3329 1312 3389 lib.
1327 3327 1371 3388 Ill.
1385 3322 1476 3384 advers.

289 3409 427 3471 lllarcion.
450 3429 513 3490 cap.
536 3411 623 3489 34.)i

375 3494 479 3556 Nonne
500 3495 557 3556 iam
579 3496 662 3556 uides
685 3515 770 3574 quam
792 3496 948 3576 perspicue
963 3497 1087 3570 inieras,
1108 3496 1158 3558 ubi
1174 3497 1288 3559 animae
1302 3489 1477 3574 improborum

289 3579 443 3640 bominum
465 3580 574 3658 degunt
595 3589 625 3641 et
646 3582 820 3652 cmciantur,
843 3590 976 3642 secernat
996 3600 1014 3643 a
1036 3581 1101 3642 sinu
1122 3581 1256 3644 Abrabae
1279 3575 1339 3642 siie
1357 3578 1478 3638 iusuonn

289 3663 465 3736 habitaculo,
495 3665 545 3727 ubi
567 3665 598 3724 bi
619 3673 754 3727 aeternae
776 3665 921 3726 solicitatis
948 3666 1114 3728 mercedem
1135 3673 1358 3746 praegustantes
1383 3669 1477 3747 tempt-

289 3749 343 3810 rali
365 3769 399 3812 ao
419 3750 535 3829 praevia
557 3750 733 3812 amoenitate
755 3757 784 3812 et
810 3749 990 3812 beatitudine
1018 3751 1095 3824 sire,
1129 3759 1162 3811 ut
1188 3747 1237 3812 ille
1264 3751 1318 3823 ait,
1350 3743 1478 3820 relrigtrt⁰

290 3833 469 3914 potiuntur?
512 3834 583 3895 llam
605 3853 674 3895 vero
697 3836 863 3914 regionem,
892 3835 947 3896 elsi
970 3854 1030 3896 non
1052 3835 1091 3897 sit
1112 3835 1264 3908 caelestis,
1299 3835 1478 3911 longelone

290 3919 327 3980 ab
348 3920 453 3981 inieris
474 3919 583 3981 distare
605 3927 755 3981 asseverat
776 3927 805 3980 et
825 3920 862 3980 iis
884 3921 977 3981 multo
999 3939 1067 3981 esse
1090 3919 1302 3982 sublimiorem.

375 4005 462 4077 Quod
477 4022 547 4064 vero
563 4003 599 4066 ad
613 4012 772 4083 martyrum
787 4004 898 4066 animas
913 4003 1048 4086 pertinet,
1071 4005 1190 4066 tertium
1212 4004 1255 4066 eis
1276 4003 1381 4072 locum,
1400 3995 1479 4074 ipsum

291 4086 402 4148 suillum
427 4089 595 4168 paradisum
624 4089 792 4150 adscribere
813 4089 938 4150 videtur.
980 4089 1052 4150 Nam
1076 4089 1148 4150 haec
1169 4096 1239 4149 sunt
1260 4089 1297 4149 de
1318 4086 1396 4146 bisse
1415 4091 1478 4140 mer·

291 4177 385 4250 tyrum
409 4174 560 4236 animabus
584 4173 705 4235 totidem
727 4173 791 4235 eius
813 4173 916 4234 rerba:
942 4174 1096 4247 Quomodo
1113 4173 1223 4236 loauui
1235 4177 1268 4234 in
1283 4174 1391 4252 spiritu
1402 4175 1480 4246 paro·

292 4255 352 4318 disi
370 4255 450 4336 r'epio
473 4259 623 4332 revelata,
653 4277 727 4339 quae
749 4259 910 4320 subiicitur
930 4257 1039 4328 altari,
1062 4258 1166 4320 nullos
1188 4259 1264 4320 olim
1286 4259 1397 4317 animas
1416 4237 1481 4326 epil

292 4358 323 4401 se
342 4351 470 4419 praeter
489 4355 662 4432 martyrum
684 4341 838 4406 ostendit?
870 4341 1025 4416 Quomodo
1047 4342 1208 4425 Perpetua,
1229 4343 1394 4422 fortissima
1412 4343 1480 4393 mat·

292 4435 352 4503 tpr‚
375 4427 430 4488 sub
454 4424 499 4487 die
516 4433 670 4506 passionis
693 4432 726 4490 iu
747 4427 929 4490 revelatione
947 4428 1090 4508 paradisi
1109 4427 1191 4490 solos
1212 4426 1275 4488 illic
1290 4425 1483 4505 commartyr&

291 4529 364 4572 suos
387 4511 470 4582 uidit,
494 4515 556 4572 nisi
574 4518 643 4593 quoia
664 4513 758 4575 uallis
780 4511 944 4593 rompluoeu
961 4513 1104 4594 paradisi
1122 4515 1252 4575 ianitrim
1274 4510 1355 4579 cedit,
1376 4503 1480 4577 uisiptt

289 4597 323 4658 in
346 4595 466 4659 Obristo
489 4596 677 4670 decesserint,
698 4615 762 4661 nom
782 4601 816 4661 im
829 4595 947 4661 Aduml’
972 4597 1059 4661 Novo
1079 4615 1163 4661 mors
1181 4613 1240 4678 pro
1262 4595 1325 4658 lico
1346 4601 1374 4654 ct
1393 4593 1480 4652 tratrir
