3082 5238
451 409 588 456 accron
608 410 650 452 rc.
673 409 740 454 soc.
763 409 926 466 noussen.
1234 401 1297 465 580
1419 417 1422 424 ’

74 561 136 622 iore
150 557 286 622 centlum
300 558 407 622 ceteris
430 561 530 639 negari
552 559 677 633 deherc;
692 561 772 640 quod
794 561 925 623 ostendit
937 562 1072 640 prolecto
1086 563 1296 630 Tertullianum

76 653 133 706 tum
156 641 261 704 exilla
283 643 425 705 societate
446 661 529 706 saera
552 643 656 716 baisse,
684 661 760 723 quae
788 645 903 706 nudlum
924 644 1002 706 bem
1023 645 1139 724 publiea
1160 657 1191 710 et
1211 667 1295 713 conr-

74 727 153 789 muni
174 726 353 788 abstinentia
373 745 390 788 a
413 727 480 788 ribo
502 727 669 788 celebrabat
689 736 807 807 praeter
828 745 906 801 eum,
929 747 988 808 quo
1002 727 1139 792 Christus
1160 743 1295 798 mortuus

74 819 149 884 arat3
171 828 240 871 nam
262 811 327 872 dies
349 810 481 873 Paschae
503 819 548 872 est
570 811 605 882 is,
628 811 679 890 qui
701 821 765 874 erat
785 812 945 874 memoriae
966 813 1034 874 lesu
1051 813 1197 876 intereunti
1219 835 1294 878 con-

75 893 237 956 serratus.k
289 894 446 955 enimvero
468 894 628 956 Christiani
655 903 772 956 veteres
794 895 966 958 Tertulliani
987 905 1122 976 ternpore
1148 917 1209 960 non
1237 901 1295 962 nisi

72 980 150 1040 bunc
169 977 249 1041 mem
270 979 466 1039 communiter
487 977 583 1040 inedia
606 979 793 1040 celebrabant
812 990 981 1060 propterea,
1004 981 1084 1060 quod
1104 990 1166 1043 nrm
1179 982 1296 1046 aiebant

72 1079 216 1141 sponsum
244 1062 338 1124 misse
365 1061 510 1134 ablatum,
538 1070 693 1125 ettamen
723 1061 920 1126 Tertullianus
948 1064 979 1125 in
1006 1064 1083 1126 libro
1112 1067 1148 1126 dc
1172 1067 1294 1130 ieiuniis

71 1150 108 1218 (c.
130 1149 186 1220 2),
209 1145 259 1224 qui
280 1154 327 1207 est
347 1145 426 1207 haud
448 1145 536 1207 dubie
556 1165 582 1207 ,ο
608 1163 733 1208 numero
755 1148 1028 1210 ldontanisticonrm
1050 1167 1185 1223 suorum,
1213 1150 1291 1212 mul-

72 1240 131 1290 tum
154 1229 301 1308 vituperat
321 1231 397 1291 hanc
417 1229 664 1292 consuetudinem
683 1247 776 1292 unum
797 1232 878 1293 hunc
898 1230 978 1293 diem
999 1233 1148 1293 commoni
1163 1234 1292 1295 ieiunio-

69 1333 136 1374 nrm
153 1313 296 1392 religione
325 1313 503 1387 celebrandi,
532 1322 636 1393 estque
658 1315 731 1376 satis
754 1315 874 1390 darum,
895 1316 1087 1378 Montanistas
1100 1318 1202 1396 plures
1217 1319 1292 1382 elios

69 1399 133 1458 dies
170 1396 328 1460 ieiunando
356 1405 474 1476 macter
498 1398 576 1459 diem
604 1397 716 1460 Christi
747 1400 939 1461 emortualem
976 1400 1155 1462 celebrasse.
1210 1403 1293 1471 Unde

69 1481 183 1541 elicitur
205 1481 291 1542 illud:
315 1479 539 1554 Tertullianum,
561 1499 627 1542 cum
650 1482 730 1542 bunc
750 1483 940 1554 denotatione
959 1483 1067 1546 librum
1089 1495 1293 1564 componeret,

68 1566 201 1626 nondum
224 1566 254 1626 in
276 1573 376 1643 partes
397 1567 642 1626 llontamstarom
665 1568 838 1628 secessisse.
890 1568 977 1639 Quod
1005 1587 1084 1628 noro
1113 1577 1214 1646 potest
1240 1589 1291 1631 ar-

68 1657 207 1727 gumento
230 1649 318 1709 ducto
342 1667 376 1708 ex
398 1657 525 1726 utroque
546 1649 645 1710 libello
668 1651 845 1722 confirmari,
868 1669 994 1730 quorum
1015 1652 1041 1712 si
1063 1651 1130 1730 quis
1147 1653 1212 1714 loca
1234 1655 1292 1714 alio

68 1741 169 1811 potest
189 1733 279 1792 mado
302 1732 333 1792 in
355 1732 542 1793 concordiam
571 1733 706 1812 redigere
733 1751 820 1812 mam
848 1753 894 1807 eo,
922 1751 1010 1813 mern
1039 1736 1176 1808 diximus,
1204 1738 1291 1798 ducto

67 1835 85 1876 a
108 1815 223 1879 diversa
235 1815 407 1876 Tertulliani
430 1815 584 1895 disciplina
608 1825 740 1896 tempore
763 1818 917 1896 utriusque
931 1819 1091 1898 conscripti
1106 1819 1206 1891 libelli,
1225 1839 1292 1882 eum

67 1899 233 1960 audiemus.
276 1899 348 1960 Nem
370 1917 437 1960 cum
459 1901 490 1960 in
512 1919 548 1961 eo
572 1901 608 1962 de
630 1902 772 1963 Oratione
794 1906 832 1976 (c.
855 1905 919 1977 25.)
941 1901 1146 1965 descendisset
1164 1904 1203 1964 ad
1225 1904 1290 1964 dis·

66 1983 249 2061 putationem
279 1984 316 2044 de
344 1991 478 2062 tempore
499 2001 620 2062 precum
641 1984 704 2044 Deo
727 1986 955 2058 offerendarum,
983 1986 1097 2048 honum
1118 1988 1147 2048 id
1171 1988 1291 2066 quidem

66 2085 147 2135 esse,
182 2067 288 2145 inquit,
319 2068 460 2145 quasdam
489 2076 584 2129 certas
614 2077 644 2128 et
668 2071 740 2130 lixas
761 2070 845 2148 quasi
867 2071 958 2130 boras
979 2069 1116 2148 precihus
1138 2070 1290 2146 destinari,

64 2151 184 2210 tertiana
207 2151 319 2212 scilieet
340 2159 370 2212 et
390 2160 502 2212 sextam
525 2160 684 2212 elnonem
713 2151 749 2213 ab
771 2153 921 2230 Apostolis
948 2171 1067 2232 quoque
1088 2155 1290 2228 observatam

63 2235 119 2295 sed
142 2233 171 2294 id
194 2234 310 2312 quidem
333 2235 406 2307 fieri,
440 2235 548 2307 adiicit,
576 2241 641 2297 stne
669 2237 765 2298 aelle'aee
794 2237 1015 2299 observationis
1031 2249 1203 2318 praecepto,
1233 2257 1289 2298 ne-

64 2336 125 2396 quc
147 2319 211 2396 lege
233 2327 404 2397 praeceptas
428 2337 495 2380 esse
517 2320 589 2380 alias
611 2329 730 2398 praeter
759 2321 904 2400 lepitr'rraos
935 2327 1089 2384 orationes
1107 2321 1148 2400 h.
1173 2341 1199 2382 e
1228 2339 1289 2394 eas,

62 2419 141 2479 quac
179 2402 234 2464 sub
271 2411 338 2462 ortu
370 2403 445 2464 lucis
478 2403 632 2480 noctisque
659 2405 902 2482 pronunciantur.
946 2405 984 2464 llt
1005 2424 1030 2465 e
1054 2407 1106 2469 23.
1128 2417 1217 2466 exte:
1246 2405 1290 2467 oe

62 2486 267 2564 temporibus,
303 2485 414 2564 inquit,
452 2491 602 2549 orationis
636 2488 714 2548 nibil
742 2494 862 2550 omnino
887 2493 1116 2567 praescriptum
1145 2500 1200 2556 est,
1230 2494 1292 2551 east

56 2571 156 2649 plone
179 2573 468 2650 omnitempore
491 2583 521 2632 et
543 2571 608 2632 loco
632 2589 734 2634 orare.
779 2571 837 2632 Sed
860 2571 909 2632 ille
932 2571 962 2630 in
984 2570 1081 2632 libello
1110 2571 1147 2632 de
1168 2572 1289 2633 leioniis

58 2652 225 2732 peracerbe
254 2653 378 2732 exagitat
406 2654 589 2715 orthodoxae
610 2653 759 2714 Ecclesiae
788 2655 920 2714 addictos
948 2663 985 2726 (c.
1009 2657 1052 2729 2.)
1080 2662 1203 2733 propter
1225 2673 1290 2716 eam

59 2755 196 2809 causam,
224 2737 302 2815 quod
332 2737 539 2798 abstinendum
562 2755 631 2798 esse
653 2737 787 2798 dicebant
809 2757 824 2797 a
846 2736 914 2797 cibo
937 2755 975 2798 eo
996 2739 1138 2808 arbitrio,
1167 2757 1230 2799 raon
1252 2757 1290 2799 eo

56 2825 192 2902 imperio
220 2839 317 2882 novoe
346 2821 531 2901 dr'seapla'aoe,
567 2820 626 2899 'pro
650 2823 834 2902 temporibes
864 2832 893 2882 et
920 2823 1020 2880 causis
1042 2823 1288 2899 uniuscuiusque,

58 2914 93 2964 et
117 2908 271 2967 orationes
294 2911 384 2966 etiarn
410 2907 479 2983 sere
508 2905 584 2965 horo
612 2922 692 2964 noco
721 2905 931 2964 concluderent
963 2903 997 2964 de
1025 2903 1110 2964 Petri
1136 2905 1288 2984 exemplu
1357 2933 1362 2940 ·

56 2987 201 3065 additque
223 2988 333 3049 diserte
363 2991 399 3063 (o.
425 2992 488 3060 to.)
517 2987 606 3070 seluo
631 2987 723 3066 plone
751 2989 957 3067 indifferentia
978 3003 1095 3065 semper
1124 2996 1153 3046 et
1182 2988 1290 3066 aebr'qoe

57 3085 91 3140 ea
118 3076 353 3152 omnitempore
376 3073 494 3146 orandi,
524 3081 622 3132 tomen
650 3073 817 3133 tresn'stus
848 3070 939 3131 bores
969 3069 1164 3131 solemniores
1191 3072 1289 3148 scisse

54 3163 94 3220 a'n
119 3156 310 3220 orationihus
332 3156 459 3226 liviam
497 3163 526 3214 et
554 3173 616 3232 cap.
642 3155 691 3217 13.
720 3153 756 3214 ad
784 3153 881 3232 ipsam
906 3163 1049 3232 provocat
1074 3153 1208 3231 legema
1228 3155 1287 3216 Pa·

53 3240 173 3301 racleto
208 3238 323 3310 datam,
357 3256 413 3316 qua
446 3239 522 3298 hano
541 3237 785 3300 hlontanistarum
807 3235 1051 3298 consuetudinem
1072 3238 1286 3300 confirmasset.

54 3323 179 3396 Quibus
203 3322 340 3383 omnibus
364 3321 488 3382 uantur
516 3322 594 3382 baud
622 3322 720 3395 dubie,
754 3321 838 3382 aliam
867 3339 992 3400 prorsus
1016 3321 1186 3382 Tertulliani
1215 3341 1287 3382 sen·

52 3407 186 3470 tentiam
208 3407 312 3478 luisse,
335 3424 400 3467 oum
424 3406 460 3467 dc
484 3406 627 3467 Oratione
649 3406 756 3468 librum
779 3407 979 3485 componeret.
1012 3405 1155 3484 Denique,
1179 3405 1287 3466 utalia

53 3491 198 3552 omittam
220 3490 320 3562 multa,
344 3489 374 3550 id
396 3489 469 3551 mihi
491 3489 608 3551 videtur
628 3509 735 3569 magalo
757 3499 931 3568 commento
952 3507 1022 3550 esse
1044 3489 1080 3550 ad
1096 3491 1287 3552 asserendam

50 3578 138 3639 libro
161 3583 265 3634 nostro
288 3566 498 3657 beroensem,
528 3575 606 3653 quod
638 3575 746 3635 nullam
770 3575 800 3634 in
821 3575 880 3634 hoc
900 3574 987 3646 libro,
1021 3593 1087 3634 oum
1110 3576 1146 3634 de
1168 3573 1286 3634 ieiuniis
1352 3627 1356 3635 ,

51 3679 94 3721 ac
133 3658 312 3734 stationibus
345 3657 477 3719 crebrius
510 3657 647 3730 disserat,
680 3659 792 3720 iniiciat
817 3658 997 3718 mentionem
1030 3657 1286 3734 xerophagiarum,

48 3763 135 3822 quas
157 3750 238 3802 tanto
260 3759 327 3802 cum
349 3742 466 3802 lcrrore
488 3741 519 3801 in
540 3741 616 3801 libro
645 3743 682 3802 de
704 3741 824 3803 ieiuniis
853 3759 914 3818 cap.
939 3743 969 3802 2.
991 3745 1011 3802 5
1046 3757 1110 3817 sqq.
1141 3737 1287 3810 delendita

49 3826 147 3888 cuius
170 3825 340 3886 omissionis
363 3825 465 3886 dubito
487 3843 525 3884 an
548 3824 606 3885 ulla
627 3823 681 3886 alia
704 3825 779 3886 ratio
802 3825 885 3885 reddi
907 3823 1013 3902 possit,
1037 3839 1122 3900 quam
1137 3839 1185 3894 ea,
1207 3821 1287 3898 quod

49 3922 197 3986 tempore
220 3909 320 3987 scripti
342 3909 433 3970 libelli
455 3908 552 3969 nostri
574 3907 624 3968 isti
646 3907 795 3968 Ecclesiae
821 3907 955 3967 addictus
984 3904 1074 3967 luerit
1099 3923 1175 3982 quae
1196 3921 1285 3964 xero-

47 3992 184 4073 phagias
208 3996 255 4059 (ut
274 3993 315 4052 ait
336 3993 367 4054 in
387 3993 463 4054 libro
486 3993 521 4054 de
543 3991 668 4054 Ieiuniis
691 4011 717 4052 e.
740 3993 771 4052 2.
782 4009 812 4068 p.
828 4009 868 4050 m.
885 3993 955 4054 702.
971 3989 1017 4064 Α.)
1039 4007 1151 4051 nocem
1172 3985 1288 4048 dicebat

48 4077 200 4158 affectati
220 4077 318 4155 officii
336 4096 446 4140 nomen
467 4095 532 4138 esse
554 4087 583 4138 et
601 4079 777 4155 promissam
799 4074 932 4136 ethnicos
946 4075 1184 4152 superstitiosis.
1208 4071 1287 4132 Haec

48 4160 163 4222 omnia
192 4159 264 4220 mibi
290 4161 383 4222 multo
413 4161 548 4222 videntur
577 4158 669 4237 magis
699 4157 842 4218 audienda
877 4174 964 4236 quarn
993 4173 1067 4234 quae
1088 4151 1283 4216 Hoffmaonus
1412 4227 1422 4236 .
1532 4165 1533 4176 ¹

45 4245 97 4308 ad
125 4243 330 4306 vindicandam
359 4245 530 4324 opinione!
557 4261 641 4304 suam
662 4242 792 4322 profert,
824 4241 931 4319 quibus
961 4238 1015 4300 alia
1037 4237 1207 4300 nonnullius
1229 4257 1283 4300 au-

44 4327 207 4410 ctoritatis
229 4345 287 4389 nos
309 4330 396 4390 etiam
419 4328 477 4408 ipsi
499 4345 667 4407 possemus,
690 4325 717 4387 si
738 4331 964 4396 necessecsset,
986 4322 1104 4384 addere.
1132 4321 1285 4384 Simillima

43 4413 173 4477 scilicet
195 4429 274 4486 esse,
297 4413 346 4486 ait,
370 4432 415 4486 ea,
438 4431 513 4491 quae
534 4411 583 4473 hic
605 4415 642 4486 (c
658 4413 723 4484 22.)
740 4409 777 4469 de
790 4407 953 4486 virginibus
967 4406 1098 4468 velandis
1113 4405 1283 4485 praecipiat,

41 4517 175 4571 eorum,
199 4489 273 4578 quae
294 4497 331 4559 ab
354 4517 389 4560 ec
412 4497 443 4558 in
463 4495 541 4556 libro
561 4495 650 4556 huius
672 4491 837 4572 argumenti
858 4491 1068 4553 defenduntur:
1096 4491 1175 4569 quod
1196 4491 1283 4568 longe

88 4615 118 4665 h.
136 4615 188 4666 lid.
205 4615 320 4666 adversus
340 4615 441 4673 ludaeos
459 4613 523 4665 liber
541 4629 562 4664 o.
580 4613 622 4664 ll).
