3078 5248
421 423 556 469 lucrose
578 425 619 466 ιο.
641 423 709 467 aas.
731 423 895 468 uosssmr.
1207 411 1270 474 557

44 593 113 638 mus
134 573 344 636 Eulimenuum
368 593 384 636 a
406 575 510 647 nobis,
532 582 566 635 ut
587 575 678 658 solet,
702 575 940 647 dissentientem,
963 575 1017 636 sed
1039 575 1074 635 ad
1098 577 1270 655 opinionem

47 677 129 720 suam
151 658 381 720 confirmandam
403 678 490 720 usum
512 666 685 738 argumento
707 659 774 732 tali,
809 677 844 719 ex
866 677 924 739 quo
953 659 1047 738 magis
1069 669 1208 738 appareat
1229 663 1269 736 id,
1305 689 1311 702 ·

48 743 126 821 quod
149 761 207 802 nos
230 750 332 803 contra
359 743 530 804 volebamus
559 743 650 816 (Diss.
674 743 722 804 cit.
746 747 775 820 §.
798 742 835 804 X.
857 763 886 822 p.
910 745 984 820 ab).
1029 743 1169 804 Videlicet
1189 745 1268 807 blar-

47 835 125 906 tyres
154 826 247 899 istos,
282 826 318 888 ad
346 845 425 905 quos
446 837 492 887 est
514 828 609 890 oratio
632 827 804 888 Tertulliani
833 827 959 900 directa,
993 826 1141 888 existimat
1161 829 1268 908 partim

47 910 239 972 0rtbodoxos
261 910 370 984 luisse,
394 910 502 988 partim
523 911 734 984 Montanistas,
772 911 860 991 idque
883 913 1034 984 effecisse,
1063 919 1097 973 ut
1118 911 1266 974 dissensio

44 1003 112 1055 nata
140 995 179 1055 sit
206 994 284 1056 inter
310 1013 381 1066 eos,
418 1013 504 1073 quam
519 981 570 1056 ‘er
592 994 696 1056 animis
720 995 822 1056 tollere
844 1004 967 1056 conatur
989 995 1186 1058 Tertullianus
1211 997 1267 1058 sub

44 1078 112 1139 libri
134 1078 261 1139 initium.
305 1078 364 1139 Sed
386 1079 592 1140 aduniendos
615 1097 668 1140 eos
689 1097 766 1160 opus
789 1089 857 1142 erut
879 1080 1046 1151 hortatore,
1070 1079 1165 1159 inquit
1179 1081 1265 1142 Holi-

43 1180 190 1235 mannus‚
226 1167 279 1244 qui
305 1167 426 1244 utrique
450 1168 539 1243 porti
563 1164 636 1225 bene
658 1173 797 1243 euperet;
845 1164 943 1245 qualis
966 1176 1047 1226 erut·
1058 1163 1265 1228 Tertullianus

43 1247 234 1309 Montom’sto
256 1257 284 1308 et
306 1251 339 1308 ia
362 1247 531 1310 Cotloiicoa
554 1249 670 1328 quidem
692 1265 780 1328 coepe
803 1250 1005 1327 peroremus,
1042 1267 1136 1330 oeque
1168 1261 1267 1312 tumea

43 1349 94 1392 eos
117 1333 177 1406 ito,
200 1341 236 1392 ut
258 1331 438 1402 baereticae,
457 1349 600 1410 perosus.
644 1331 749 1393 dudio.
794 1332 852 1393 Sed
874 1339 908 1394 ut
927 1339 1051 1411 utraque
1073 1351 1142 1410 pars
1164 1333 1265 1394 inimi-

41 1415 128 1476 citias
151 1415 295 1493 deponat,
319 1423 398 1476 certe
420 1433 481 1476 non
503 1415 679 1494 requiritur,
702 1424 735 1477 ut
756 1416 800 1490 is,
824 1416 873 1496 qui
894 1435 996 1494 pacem
1019 1416 1176 1478 conciliare
1198 1426 1265 1480 stu-

41 1499 103 1570 det,
126 1499 244 1577 utrique
267 1499 507 1560 dissentientium
529 1501 631 1562 laveat.
675 1499 749 1560 lllud
777 1500 917 1561 nimirum
939 1518 1064 1561 necesse
1087 1509 1133 1561 est
1154 1502 1264 1581 potius,

41 1591 75 1644 ut
99 1583 279 1644 dissidentes
303 1583 381 1644 inter
404 1603 437 1644 se
459 1602 526 1644 cum
548 1603 595 1656 eo,
618 1584 668 1662 qui
691 1602 794 1662 pacem
816 1583 962 1656 conciliat,
985 1585 1173 1646 concordent.
1195 1586 1264 1647 Pla-

39 1668 110 1728 nius
133 1667 237 1728 dicam.
267 1668 390 1729 Constat
411 1686 445 1728 ex
462 1668 607 1746 scriptore
623 1667 725 1728 nescio
751 1687 827 1748 quo,
851 1669 934 1729 cuius
950 1669 1038 1728 verba
1058 1669 1148 1730 habet
1168 1669 1263 1731 Euse-

40 1751 111 1812 bius
133 1751 181 1824 (ll.
204 1752 238 1812 E.
261 1751 361 1812 libii.
384 1771 409 1813 c.
436 1754 484 1818 16.
507 1771 536 1831 p.
560 1753 632 1816 232.
657 1752 726 1814 edit.
750 1752 915 1831 tannortg.
938 1751 1102 1831 lleadingii)
1126 1771 1189 1825 eos,
1214 1754 1263 1833 qui
1370 1778 1374 1786 ·

40 1836 157 1914 puriori
179 1835 328 1897 Ecclesiae
350 1834 458 1897 addicti
481 1844 581 1909 erant,
610 1837 683 1898 adeo
707 1836 903 1898 contemsisse
925 1837 1135 1910 blontanistas,
1165 1845 1213 1910 ut,
1238 1837 1264 1898 si

41 1939 113 1981 casu
136 1920 261 1980 coniecti
282 1939 348 1981 cum
370 1919 445 1998 ipsis
467 1919 577 1981 fuerint
598 1920 627 1980 in
649 1919 778 1995 vincula,
814 1939 968 1999 sempera
991 1920 1176 1982 Montanistis
1199 1921 1262 1983 dis-

41 2003 193 2065 senserint
214 2012 301 2083 atque
324 2003 553 2066 detrectaverint
571 2023 674 2064 eorum
697 2004 879 2066 societatem.
920 2004 1001 2066 idem
1023 2023 1093 2066 vero
1115 2023 1175 2065 nou
1191 2012 1262 2086 pot-

40 2097 88 2149 est
110 2088 147 2148 de
167 2088 354 2150 lllontanistis
383 2088 457 2162 dici,
494 2106 559 2148 cum
583 2088 648 2149 eius
670 2088 714 2148 rei
736 2107 792 2150 nec
812 2089 870 2150 ulla
892 2096 992 2150 extent
1018 2088 1154 2167 vestigia,
1191 2089 1263 2168 quin

39 2173 141 2254 potius
164 2171 229 2250 ipse
251 2171 449 2234 Tertullianus
472 2172 558 2233 etiam
588 2171 723 2233 inlibris
751 2173 803 2245 iis,
839 2191 914 2252 quos
942 2173 1093 2251 popularis
1114 2173 1263 2237 Ecclesiae

39 2255 186 2318 doctrinis
210 2257 360 2335 opposuit,
383 2256 543 2335 Psyclricos
565 2256 602 2317 ab
624 2257 781 2318 haereticis
797 2255 944 2318 subtiliter
959 2256 1134 2336 distinguat,
1157 2276 1212 2318 nec
1226 2257 1263 2318 ad

40 2340 131 2402 ullam
155 2359 333 2418 rem,·quae
357 2341 571 2401 credendorum
593 2359 609 2400 a
633 2339 808 2401 Christianis
831 2341 962 2420 regulam
984 2339 1174 2418 attingerent,
1197 2342 1261 2402 dis-

41 2425 151 2485 cordes
175 2443 244 2484 essc
265 2423 459 2485 biontanistas
483 2436 513 2485 et
534 2424 725 2486 Ortbotloxos
760 2425 922 2486 conlirmet.
974 2425 1032 2486 Fae
1060 2425 1163 2504 igitur,
1199 2433 1262 2486 tum

38 2507 335 2570 iam-Tertullianum
359 2509 559 2570 secessionem
582 2507 689 2569 iecisse
711 2507 748 2569 ab
771 2509 1014 2570 Ortbodoxorum
1035 2509 1171 2582 dometis,
1194 2527 1260 2570 cum

35 2593 147 2654 librum
170 2592 386 2666 conscriberet,
414 2593 550 2671 potuitne
572 2591 649 2653 bona
673 2611 739 2652 cum
761 2611 815 2671 spe
836 2600 951 2654 tentare
972 2611 1074 2671 paoem
1097 2593 1174 2654 inter
1195 2593 1260 2654 dis-

35 2677 172 2738 sidentes
201 2676 331 2755 captivos
359 2674 606 2738 restaurandam?
648 2675 714 2736 Non
737 2676 895 2737 admodum
916 2668 998 2754 pulo.
1050 2675 1263 2738 Abhomnisset

35 2763 121 2822 enim
144 2763 206 2822 lere
228 2779 245 2821 a
267 2761 481 2822 consuetudine
504 2778 608 2820 eorum
631 2759 708 2820 inter
722 2760 863 2837 captivos,
886 2761 936 2838 qui
953 2759 1142 2820 Ortbodorae
1157 2760 1261 2821 Eccle-

35 2847 103 2907 siae
126 2864 159 2906 se
183 2845 283 2906 socios
307 2844 459 2918 dicebant,
482 2843 565 2922 sequi
587 2852 743 2924 praecepta
767 2843 911 2915 bominis,
935 2843 1018 2903 cuius
1041 2851 1152 2903 sectam
1174 2842 1259 2904 dete-

34 2930 194 2991 stabantur
215 2928 427 2990 vehementius.
473 2928 581 2988 Contra
603 2945 647 3000 ea,
670 2927 696 2988 si
719 2935 856 3005 tanquam
879 2925 950 2987 civis
969 2925 1098 3010 pprioris
1113 2925 1262 2988 Ecclesiae

34 3015 114 3075 baec
136 3014 294 3091 scripsisse
316 3012 424 3073 dicitur
446 3011 662 3083 Tertullianus,
701 3010 779 3072 istud
802 3018 882 3071 certe
905 3010 1005 3070 odium
1029 3009 1085 3070 dici
1107 3028 1168 3071 non
1189 3019 1278 3089 pot-1
1341 3047 1350 3064 s

32 3107 84 3160 est
107 3097 317 3175 impedimento
339 3097 448 3168 luisse,
478 3113 537 3174 quo
559 3095 658 3156 minus
680 3102 710 3155 et
730 3095 922 3155 Montanistue
944 3113 994 3166 ea,
1022 3091 1129 3172 quibus
1157 3094 1261 3155 moniti

33 3182 246 3248 essentamice
268 3181 416 3260 accepturi
440 3181 574 3241 luissent.
618 3179 712 3240 lmmo
735 3178 781 3238 vix
803 3179 874 3240 milri
897 3178 1073 3256 persuadeo,
1102 3177 1260 3239 Tertullia-

30 3285 109 3328 num
132 3266 168 3326 ad
190 3284 292 3344 pacem
323 3264 498 3343 Martyribus
533 3263 795 3325 commendandam
827 3281 949 3324 usurum
977 3262 1070 3322 luisse
1092 3262 1149 3324 boc
1171 3281 1260 3342 argu-

30 3359 139 3413 mento
163 3353 237 3428 (cap.
256 3354 284 3413 1.
307 3369 336 3428 p.
355 3351 426 3413 156.
441 3350 502 3425 bi:
526 3348 615 3427 quod,
639 3348 664 3408 si
686 3347 751 3426 paci
773 3365 838 3408 cum
862 3346 927 3408 aliis
951 3346 1114 3420 studerent,
1136 3357 1261 3426 possent

31 3439 115 3497 lorte
138 3433 294 3512 aliquando
317 3441 347 3494 et
368 3431 433 3494 aliis
454 3450 557 3513 pacem
580 3435 730 3515 conterre,
769 3449 834 3492 oum
857 3432 951 3493 sciant
973 3449 1093 3502 omnes,
1123 3432 1173 3509 qui
1195 3432 1259 3493 eius

29 3521 147 3582 librum
170 3517 205 3578 de
226 3517 367 3579 Pudicitia
391 3517 516 3596 legerint
537 3517 573 3594 (c.
597 3519 649 3580 22.
671 3534 701 3595 p.
725 3519 797 3578 tlt.
820 3516 877 3591 lb),
906 3534 993 3594 quam
1016 3515 1121 3576 acerbe
1143 3515 1180 3576 de
1202 3515 1260 3577 isto

29 3622 123 3666 more
146 3600 233 3662 dandi
255 3602 337 3679 pacis
359 3601 475 3663 libellos
498 3599 677 3662 iudicaverit.
706 3600 839 3679 Denique
862 3600 995 3677 exemplo
1010 3599 1140 3659 bominis
1156 3607 1259 3658 aucto-

29 3687 111 3758 rati,
135 3686 214 3765 quod
236 3694 283 3747 est
304 3686 334 3745 in
356 3693 460 3746 nostro
482 3684 580 3745 libello
603 3687 678 3762 (cap.
702 3688 745 3760 5.)
770 3701 831 3744 non
852 3684 967 3755 minus,
1001 3701 1088 3760 quam
1111 3682 1140 3741 in
1162 3683 1259 3760 primo

28 3775 69 3834 ad
96 3770 239 3831 Nationes
262 3769 337 3830 libro
361 3774 399 3844 (c.
425 3771 474 3832 18.
496 3785 525 3845 p.
549 3770 599 3831 62.
623 3767 682 3843 tt),
703 3785 765 3828 uon
788 3773 835 3827 est
863 3767 940 3845 quod
973 3767 1023 3827 diu
1057 3767 1258 3826 immoremur.
1369 3808 1376 3821 .

29 3858 84 3918 Sit
114 3871 202 3926 sane,
236 3853 343 3915 librum
367 3859 508 3914 ¹nostrum
538 3851 733 3912 recentiorem
760 3869 829 3911 esse
851 3850 917 3918 illo,
950 3851 1016 3928 quis
1039 3848 1132 3920 dicet,
1167 3846 1260 3908 eade

28 3957 127 4003 causa
148 3945 285 3998 nostrum
307 3955 374 3999 esse
395 3934 585 3998 blontanismi
607 3942 796 4013 suspectum,
827 3934 886 3994 nisi
908 3934 965 3992 iam
989 3939 1069 3992 certo
1092 3938 1208 3991 constet
1230 3929 1258 3990 id

29 4023 118 4104 quod
140 4021 276 4084 salsitatis
297 4029 403 4100 postea
425 4019 650 4090 convincemus,
684 4017 778 4079 libros
807 4016 844 4076 ad
865 4016 1007 4077 Nationes
1029 4015 1121 4076 luisse
1143 4032 1159 4073 a
1181 4014 1258 4074 Ter-

29 4108 160 4170 tulliano
184 4107 350 4178 coulectos,
373 4112 530 4183 postquam
553 4121 618 4163 cum
643 4099 831 4162 biertanistis
854 4099 1080 4160 familiaritatem
1102 4104 1258 4158 contraxe-

27 4190 107 4256 rat?
150 4188 305 4250 Praeterea
328 4189 353 4250 si
375 4187 571 4250 Hoffmannus
594 4185 651 4246 sibi
673 4185 762 4246 licere
783 4184 904 4264 putavit,
927 4190 960 4243 ut
979 4190 1115 4242 nostrum
1130 4179 1259 4242 libellum

26 4273 238 4358 posteriorem
261 4290 330 4334 esse
351 4271 417 4333 istis
437 4270 522 4333 libris
545 4270 671 4338 diceret:
693 4267 781 4329 nobis
803 4265 868 4347 pari
889 4267 953 4327 iure
974 4265 1051 4338 licet,
1074 4263 1131 4326 bos
1152 4273 1257 4344 poste-

27 4362 134 4423 riores
159 4357 329 4419 existimare
350 4363 474 4428 nostro,
510 4354 599 4434 idque
622 4373 658 4415 eo
681 4352 786 4431 magis,
810 4369 869 4431 quo
891 4349 1001 4412 certius
1023 4358 1079 4421 est,
1101 4347 1181 4410 buno
1201 4347 1259 4410 sub

25 4442 200 4506 vexationis
238 4439 373 4513 initium,
411 4439 478 4502 illos
517 4439 548 4500 in
584 4437 652 4516 ipso
684 4435 768 4516 quasi
800 4432 1029 4514 perturbationis
1066 4441 1148 4494 aestu
1183 4449 1258 4510 pro-

25 4528 138 4590 diisse.
