3132 5238
497 313 632 406 iuorons
654 361 760 408 ulcono
781 363 919 408 nucero.
1276 352 1316 414 23

106 515 213 592 (Scorp.
237 515 329 590 cit).
373 511 447 574 Nam
469 530 505 574 eo
527 513 677 591 pertinere
702 513 818 576 uidetur
839 513 887 576 illa
908 515 1020 578 nummi
1042 523 1125 578 vetus
1148 515 1316 596 inscriptio:

105 615 194 658 seruo.
218 615 284 658 runs
312 615 381 658 suc.
404 615 492 658 rour.
514 615 583 659 aar.
612 615 690 660 nnn.
713 617 780 660 nor.
804 618 832 660 r.
854 618 932 661 sure:
959 617 1068 662 auron.
1090 619 1172 674 uuus,
1201 619 1260 668 una
1281 619 1316 662 ex

105 689 186 758 purte,
209 690 241 742 et
261 699 297 742 ex
318 680 424 742 altera:
447 699 644 742 ruounccurra
658 701 724 744 sue.
741 701 785 744 sc.
801 702 831 744 uu
848 701 1045 756 munsterum
1066 683 1137 748 item
1157 692 1187 746 et
1208 685 1317 748 Graeca

103 765 156 826 ila:
177 772 236 822 Ar:
257 770 320 820 aar
337 771 529 822 rsorauoz
546 771 645 829 nero.
665 771 809 822 samar.
830 773 1101 830 perronnetus,
1131 777 1233 848 utpote
1260 787 1316 848 qua

104 849 290 992 sigruiiicetnlrh
312 846 465 910 institutos
501 845 588 910 ludos
621 847 689 910 illos
722 846 897 929 Carthagine
933 869 949 911 a
983 851 1095 914 Seuero
1109 862 1139 914 et
1166 853 1315 916 Antonino

103 932 268 1012 inperatnr'
292 949 339 992 us.

178 1101 264 1160 tono
285 1097 406 1160 Domini
428 1097 506 1160 CCV.
549 1097 584 1160 L.
606 1097 696 1161 Fabio
726 1099 763 1162 ll.
785 1099 818 1168 1.
840 1101 1021 1180 Septimisno
1043 1101 1080 1164 ll.
1109 1111 1139 1164 el
1160 1103 1197 1166 ll.
1220 1102 1315 1166 Annio

104 1185 135 1244 ll.
156 1183 186 1244 F.
208 1183 326 1244 Libone
347 1201 425 1244 coss.
448 1183 479 1243 S.
501 1181 657 1262 zephyrini
678 1201 770 1263 papae
784 1185 909 1246 Romani
929 1205 1007 1248 anno
1023 1187 1070 1248 Vl.
1086 1187 1188 1250 Severi
1210 1188 1314 1267 imper.

106 1269 159 1330 llll.
180 1268 288 1346 partim
310 1266 466 1328 occasione
487 1266 556 1328 dieti
576 1267 687 1347 Pythici
709 1267 813 1347 agonis
834 1268 1016 1350 aliorumque
1036 1272 1228 1334 certaminum
1241 1271 1314 1334 Car-

106 1351 204 1431 thagini
226 1351 444 1424 exhibitorum,
465 1351 572 1430 partim
595 1352 673 1430 quod
689 1351 745 1414 iam
763 1351 865 1414 indicti
880 1346 980 1415 essent
996 1354 1056 1417 ludi
1071 1355 1237 1418 saeculares
1251 1355 1314 1416 lio-

107 1456 172 1508 nae,
190 1437 226 1498 ad
249 1455 327 1514 quos
349 1452 403 1514 per
424 1451 585 1513 praecones
607 1454 770 1498 convocare
790 1435 926 1498 solebant
940 1456 1056 1510 omnes,
1076 1446 1180 1517 utpote
1194 1439 1245 1518 qni
1261 1457 1317 1502 nee

106 1521 215 1598 spectati
237 1539 295 1582 nee
316 1519 470 1597 spectandi
489 1519 596 1580 iterum
617 1521 730 1594 forent,
760 1529 794 1582 ut
815 1521 998 1584 Christianos
1019 1521 1055 1584 ab
1078 1542 1112 1584 sa
1133 1523 1316 1600 proiectione

107 1605 265 1676 deterreret,
299 1603 421 1682 scripsit
442 1603 641 1666 Tertullianus
674 1611 704 1667 et
725 1604 835 1666 Graece
868 1613 899 1666 et
918 1603 1022 1666 Latine
1053 1605 1200 1685 insignem
1232 1605 1315 1668 illum

109 1689 252 1750 ilumunlle
263 1687 446 1767 Spectaculis
468 1687 523 1758 (De
538 1687 636 1766 Speet.
658 1707 721 1766 cap.
740 1691 767 1752 1.
791 1697 821 1750 et
842 1688 1016 1768 deinceps),
1038 1709 1096 1769 quo
1117 1689 1314 1769 pulcherrime

108 1773 219 1846 deducit,
240 1771 385 1851 quridquid
407 1771 443 1832 ad
466 1779 592 1850 quauror
613 1771 845 1850 spectaculorum
865 1791 974 1852 genera
994 1773 1123 1852 pertinet
1136 1773 1173 1834 ab
1187 1773 1312 1836 idolola-

112 1858 160 1918 tria
177 1876 253 1920 suam
275 1856 387 1918 hebere
409 1854 552 1934 originem
573 1863 660 1934 atque
681 1856 755 1918 adeo
770 1855 944 1920 Christiams
964 1857 1128 1920 interdicta.
1157 1857 1244 1920 Certe
1257 1859 1315 1920 hoe

112 1959 180 2000 anno
198 1951 364 2002 odauomm
386 1939 524 2002 ludorum
547 1940 739 2006 saecularium
762 1941 904 2002 aSerero
919 1941 1134 2004 celebratomm
1148 1960 1208 2006 non
1223 1941 1312 2004 modo

112 2023 291 2086 meminerunt
307 2024 489 2086 Censorinus
510 2023 560 2086 lib.
583 2024 625 2084 De
646 2024 700 2086 llic
714 2024 816 2098 Natali,
838 2033 868 2088 ct
881 2025 958 2086 ilion
974 2033 1003 2087 et
1016 2025 1213 2100 Herodianus,
1235 2044 1312 2104 quo-

110 2127 165 2168 mm
184 2109 229 2172 hic
248 2129 304 2170 ens
326 2107 436 2170 vidisse
457 2125 490 2168 se
511 2107 633 2182 scribit,
655 2109 707 2170 sed
722 2109 827 2182 etiam,
849 2109 974 2172 10011100
995 2109 1076 2172 lasus
1091 2109 1312 2174 mnsuatuus:

111 2211 166 2252 conr
189 2209 371 2256 senonenses
401 2209 504 2252 ocravr
533 2212 571 2254 er
599 2211 644 2254 sc.
671 2211 767 2267 saort,
795 2201 825 2255 et
852 2193 1000 2256 invenitur
1026 2195 1099 2256 luncc
1124 2193 1236 2256 nummi
1263 2192 1311 2254 in·

110 2277 230 2355 scriptio:
253 2297 284 2340 rr.
308 2295 373 2340 uua.
396 2294 561 2338 turouruus
584 2294 648 2340 uuus
670 2295 737 2340 auc.
759 2295 936 2340 succursura
957 2296 1046 2340 stent
1067 2297 1110 2340 sc.
1138 2277 1313 2340 Existimant

109 2360 184 2422 anuo
208 2380 309 2423 areum
330 2361 432 2422 Severi
459 2360 681 2440 triumphalem,
709 2361 758 2440 qui
787 2361 947 2424 etiamnum
974 2369 1067 2434 extat,
1095 2379 1130 2424 ea
1157 2361 1313 2424 occasione

109 2443 157 2504 loc
174 2463 280 2508 annum
304 2452 433 2506 erectum
467 2444 629 2520 Politiaops
651 2453 681 2507 et
703 2445 884 2524 Onuplrrins,
907 2445 990 2508 cuius
1013 2445 1235 2524 inscriptionem
1256 2445 1311 2506 ha-

109 2527 153 2590 bes
171 2547 271 2608 supra,
301 2547 427 2607 qnorum
450 2537 571 2606 uterque
592 2528 732 2592 latissime
752 2537 784 2590 et
804 2529 948 2608 originem
970 2537 1000 2590 et
1020 2547 1124 2592 omnes
1145 2530 1220 2592 ritem
1242 2546 1311 2592 sae·

109 2611 232 2674 murium
252 2613 392 2676 ludomm
413 2613 612 2692 prosequitur.
655 2613 694 2678 Et
714 2612 785 2673 uero
806 2621 866 2676 tam
886 2612 943 2674 late
964 2613 1002 2674 de
1023 2613 1161 2674 omnibns
1175 2613 1313 2674 ludorum

108 2697 266 2772 speetaorlis
290 2697 321 2758 in
343 2696 401 2758 illis
423 2696 555 2758 exhiberi
577 2695 672 2758 solitis
693 2699 802 2758 Auctor
823 2705 941 2768 tractat,
968 2704 1001 2758 nt
1021 2697 1078 2758 alio
1100 2695 1312 2758 commentario

108 2779 197 2842 lectori
217 2782 339 2844 curioso
359 2797 420 2842 non
442 2780 481 2842 sit
502 2798 589 2858 opus,
611 2779 736 2842 maxime
757 2779 783 2842 si
805 2779 940 2842 consulat
962 2787 991 2840 et
1021 2780 1226 2842 annotationes
1254 2799 1311 2842 no-

108 2873 183 2925 stras.
211 2865 322 2928 Eodem
334 2882 429 2942 paene
442 2871 577 2943 tempore
598 2863 798 2942 conscriptum
819 2870 935 2924 constat
955 2861 1062 2924 librum
1077 2863 1119 2924 De
1135 2861 1312 2935 Idololatria,

110 2957 197 3025 utpote
217 2950 248 3010 in
269 2967 329 3027 qno
352 2955 383 3010 et
403 2947 491 3010 huius
512 2947 581 3008 libri
596 2965 630 3008 sc
643 2946 859 3025 persecutionis
874 2945 1042 3008 meminerit
1062 2946 1116 3020 (lle
1131 2945 1204 3006 ldol.
1219 2964 1244 3006 c.
1264 2946 1312 3010 13.

110 3035 221 3108 em),
249 3041 281 3095 et
303 3032 447 3094 solemnia
468 3032 626 3094 Caesarum
647 3030 682 3092 ad
698 3028 893 3092 idololatriam
915 3027 1062 3106 pertinere
1075 3027 1209 3100 adstruit,
1228 3027 1314 3090 sicuti

111 3115 183 3178 etiarn
205 3117 298 3180 multa
317 3115 383 3188 alia,
402 3115 433 3176 in
447 3116 552 3194 quilius
567 3113 678 3176 directe
692 3113 828 3176 consistit
840 3112 987 3174 idolorum
1001 3111 1106 3176 cadurs.
1139 3111 1173 3174 ln
1188 3112 1314 3176 eundem

112 3217 209 3278 meque
229 3219 340 3298 snnpm
362 3200 517 3262 referimus
536 3198 630 3262 libros
652 3197 695 3260 De
715 3196 824 3259 Habitu
843 3195 979 3260 lltdiebri
999 3205 1029 3258 et
1049 3197 1093 3261 lle
1114 3195 1199 3258 Cultu
1211 3195 1312 3260 Fenni-

115 3279 1313 3448 131111111111111“’11111.’.111.”11.131.11111111

113 3445 166 3512 iun
189 3453 229 3514 ld
257 3453 387 3516 Uxorem
414 3452 483 3514 duo.
536 3449 609 3514 Nam
637 3469 728 3530 quum
755 3450 850 3530 priori
872 3469 889 3512 a
910 3449 1020 3528 nuptiis
1041 3449 1179 3510 secumdis
1200 3455 1313 3510 tanturn

112 3533 275 3612 unomen,
297 3545 328 3598 et
348 3535 507 3615 posteriori
528 3535 631 3597 saltem
652 3533 769 3612 nuptias
783 3552 849 3598 mm
870 3533 1027 3612 gentilibus
1055 3532 1225 3604 interdicat,
1257 3550 1312 3610 ap-

111 3629 181 3694 paret
206 3641 257 3682 eos
283 3619 471 3700 eomcaptos
497 3627 563 3680 ante
595 3618 732 3680 haeresin
752 3618 899 3692 Auctoris,
930 3616 1063 3680 rorussis
1095 3617 1223 3689 Romae,
1255 3633 1313 3692 quo

110 3701 264 3782 [requenter
285 3705 453 3768 discurrere
473 3703 552 3765 solet
572 3702 675 3766 0011010
696 3703 734 3766 ad
754 3702 923 3776 absentem,
946 3709 975 3763 et
995 3709 1134 3781 quantum
1156 3705 1277 3778 apparet
1297 3715 1313 3758 a

92 3785 94 3791 ‘
111 3785 315 3863 nletudimrio,
337 3789 447 3868 quippe
468 3787 519 3866 eui
540 3787 670 3866 priorem
692 3787 922 3850 admonitionem
936 3794 1072 3865 tanquam
1084 3785 1142 3846 iam
1153 3781 1315 3844 moriturus

112 3867 230 3949 topos
248 3893 284 3936 oe
303 3875 378 3956 fidei
397 3874 586 3938 commissura
606 3879 757 3950 nuncupet
775 3869 832 3950 (ld
846 3870 935 3934 Uxor.
954 3869 988 3944 1.,
1011 3872 1040 3933 1.
1062 3867 1110 3938 ll„
1135 3867 1186 3938 tl.

182 4038 264 4102 lunc
292 4039 411 4104 Domini
437 4039 532 4102 cett.
576 4039 647 4117 imp.
672 4038 756 4102 Ctes-
778 4038 817 4104 ll.
838 4038 908 4108 dtur.
930 4033 1072 4099 Bassiane
1094 4031 1162 4094 Ser.
1184 4032 1257 4128 ling.
1279 4030 1312 4094 F.

116 4117 243 4184 trunco
251 4123 327 4204 Ans„
337 4125 375 4186 ll.
397 4133 428 4186 et
447 4124 481 4186 P.
493 4125 574 4202 Sept
596 4124 664 4186 Seu.
685 4123 758 4200 lug.
779 4121 812 4184 F.
836 4121 908 4184 Geta
928 4138 1006 4182 coss.
1029 4117 1060 4180 S.
1071 4116 1228 4197 Zephyrum
1251 4115 1312 4176 lio·

116 4205 180 4266 uani
198 4209 345 4286 pontilicis
366 4208 427 4270 llll.
448 4207 551 4272 Severi
572 4207 676 4287 imper.
699 4205 774 4270 tttl.
802 4225 892 4286 quum
913 4205 1054 4270 haereses
1076 4201 1173 4264 uariae
1192 4219 1312 4278 grassa-

114 4297 202 4350 rentur
222 4291 254 4352 in
275 4293 370 4356 uitrico
391 4294 428 4356 ad
448 4292 636 4356 scribendum
658 4291 800 4354 aduersos
822 4307 875 4352 eos
896 4287 977 4350 serio
1003 4305 1036 4348 se
1058 4285 1191 4348 contulit.
1236 4283 1314 4346 puter

112 4387 176 4446 ‘lm
195 4376 310 4454 primus
332 4377 460 4440 occurrit
479 4377 555 4440 liber
575 4377 723 4438 Adversus
743 4373 951 4453 Apelletinncs,
974 4371 1028 4434 etsi
1049 4369 1139 4432 hodie
1159 4367 1312 4429 desidera-

113 4461 168 4528 wfls
195 4459 225 4520 id
253 4471 302 4522 est
319 4461 429 4541 Apellis
457 4460 592 4541 discipuli
613 4458 771 4522 llmdonis
791 4463 970 4529 sectatores,
1003 4456 1040 4518 de
1062 4453 1168 4534 quibus
1190 4451 1312 4512 ductor:

113 4539 213 4614 Mitte
235 4544 340 4623 inquit,
361 4549 393 4608 to
408 4546 525 4610 suerio
541 4553 717 4628 supersunt,
733 4545 786 4624 qui
797 4541 986 4604 remiserint
999 4558 1113 4611 eorum,
1135 4540 1224 4600 etium
1236 4551 1314 4614 pro-
