3078 5248
291 351 355 411 504
412 365 589 414 ursorumo
604 367 642 407 ne
656 365 730 408 rm
743 367 857 410 ιιιιιι
871 367 958 408 cerr.
973 365 1169 410 sroncsmcr
1184 367 1375 410 rsurcnnuu

291 517 417 579 Sererm
438 517 563 578 sicarios
584 516 728 588 irridebat,
750 515 812 594 qni,
832 535 870 578 ne
891 535 979 594 qun
991 517 1140 595 Augustae
1160 515 1310 593 dignitatis
1331 535 1415 596 porro
1433 520 1472 580 ba-

290 601 374 662 beret
395 603 517 667 socium
544 601 683 663 Albinum
702 602 740 662 de
762 602 860 662 medio
883 601 1029 662 tollerent.
1071 600 1192 660 Praeter
1212 599 1407 664 Herodianum
1426 603 1474 674 (lli-

292 687 408 772 stcriar.
431 686 494 746 Lib.
509 686 558 746 llL
581 707 606 748 c.
629 693 660 750 5.
680 704 711 765 p.
729 689 812 761 133).
834 687 899 764 ipsa
921 685 1021 746 Sereni
1043 685 1081 748 ad
1100 685 1235 746 ethicum
1257 686 1391 765 epistola,
1410 707 1475 766 quan

291 770 520 850 permanebas
547 771 574 832 ei
603 771 783 833 reddendam
815 771 988 835 tradiderat.
1025 771 1103 848 apud
1133 769 1328 848 Capitolinum
1362 771 1428 844 (lita
1446 773 1474 834 ll.

290 855 386 916 Albini
409 875 434 916 c.
458 855 517 915 lll.
546 876 577 936 p.
597 859 682 930 212)
713 856 772 916 boc
801 856 964 916 confirmat.
1018 855 1103 914 Αιιιιο
1136 855 1289 916 minimum
1322 865 1387 934 post
1415 857 1474 935 Nigri

291 941 410 1002 exitium
432 941 508 1001 banc
529 951 676 1002 exaratam
698 961 784 1007 esse.
818 941 864 1002 rel
891 939 963 1000 tet-is
992 941 1057 1000 eius
1086 939 1233 1018 inspectio
1260 939 1368 1002 docere
1390 951 1474 1018 potest

290 1025 419 1086 Eventus
445 1026 640 1104 expectationi
667 1026 854 1105 imperatoris
881 1043 949 1086 urm
985 1043 1045 1084 non
1082 1025 1278 1102 responderet
1320 1025 1475 1104 insidiaeque

290 1119 474 1188 comparatae
496 1119 710 1188 retegerentnr,
736 1109 858 1172 Albinus
879 1110 1019 1170 eontintm
1041 1129 1122 1170 arma
1144 1109 1173 1168 in
1196 1109 1340 1170 &renim
1361 1110 1475 1188 capiebat

289 1195 320 1255 ls
341 1193 445 1256 nuntio
467 1195 524 1256 boc
544 1205 663 1274 accepto
686 1194 726 1256 nil
747 1195 840 1275 quieti
861 1193 988 1254 mudum
1010 1214 1078 1254 esse
1099 1193 1234 1272 pntabat;
1256 1193 1312 1274 sed
1334 1195 1475 1254 collectise

288 1279 430 1355 vestigio,
463 1297 538 1358 qnae
559 1289 711 1358 poterant,
748 1279 841 1359 copiis
863 1279 1027 1340 incredibili
1049 1279 1195 1338 eeleritate
1217 1279 1247 1338 iu
1271 1279 1406 1350 Galliam,
1436 1297 1474 1356 «pn

290 1363 378 1424 aarum
401 1373 464 1424 erat
483 1364 683 1438 vehementia,
716 1364 894 1444 properabat
921 1363 1115 1448 Albinumque
1135 1362 1335 1424 mundatur.
1378 1364 1417 1423 Ne
1435 1363 1473 1440 tti-

289 1449 376 1509 rautii
397 1448 515 1526 quidem
538 1457 692 1528 expectare
713 1450 829 1510 volebat
849 1449 1104 1528 expugnationem.
1146 1439 1262 1522 Αὗιὸς
1282 1445 1329 1524 di,
1352 1449 1474 1526 inquitle

289 1553 325 1594 ec
353 1533 538 1594 Herodianus
561 1534 650 1606 (llist.
671 1534 706 1596 t..
728 1535 777 1594 lll.
801 1554 826 1594 e.
849 1537 879 1596 6.
902 1552 931 1611 p.
958 1535 1040 1608 139.)
1062 1533 1119 1616 τῆς
1141 1525 1220 1594 ὁδοῦ
1249 1531 1370 1612 εἴχετο,
1400 1529 1473 1629 pqd·

287 1621 367 1698 μίαν
383 1609 500 1702 &opis
515 1609 706 1706 ἆναπαὺλης
728 1614 839 1693 διδοὺς
858 1615 940 1702 μήτε
954 1615 1084 1700 ἑορταῖς
1097 1613 1179 1699 μήτε
1193 1613 1363 1698 καμάτοις,
1385 1638 1473 1698 speon

289 1701 343 1764 καὶ
366 1697 520 1778 θάλπους
542 1695 664 1784 ὁμοίως
684 1703 912 1788 ιαιαφρονῶνε
942 1702 1010 1781 lpse
1031 1707 1091 1765 iter
1110 1703 1240 1781 sunblnt
1262 1707 1329 1764 sine
1350 1707 1474 1764 interscis-

290 1793 384 1856 rr'one,
409 1807 502 1867 neque
522 1789 619 1866 sectos
642 1791 703 1850 dies
731 1809 824 1868 neque
850 1787 971 1848 luderes
998 1787 1079 1848 ullos
1100 1785 1281 1868 magnopere
1304 1806 1421 1858 arans,
1444 1785 1474 1845 el-

288 1875 372 1951 qurt's
394 1883 482 1952 utque
503 1883 605 1934 cestus
628 1877 715 1934 ructu
734 1877 864 1952 petiens.
908 1871 990 1932 llanc
1011 1873 1060 1949 qni
1081 1872 1301 1932 festinationem
1324 1872 1472 1932 considerat

289 1974 349 2016 uon
371 1964 488 2034 potest,
520 1957 589 2036 quin
611 1977 638 2018 a.
661 1957 779 2018 cxctt.
802 1957 927 2030 initium,
949 1975 976 2017 a.
999 1955 1133 2018 CXClll.
1156 1957 1245 2016 finem
1267 1955 1410 2018 Albiniani
1428 1953 1473 2016 belli
1499 2025 1500 2042 χ

289 2041 395 2102 factum
418 2059 485 2102 esse
506 2045 673 2102 constituat
717 2042 910 2103 lusidiatores
938 2042 1094 2102 concedam
1122 2061 1149 2102 a.
1171 2039 1278 2102 CXCV.
1309 2041 1473 2118 ablegatose
1499 2045 1500 2112 l

289 2125 401 2186 Severo
417 2145 495 2187 esse.
524 2129 608 2186 Anno
623 2127 680 2188 boc
701 2145 793 2205 paene
814 2127 897 2186 finito
920 2145 973 2186 eos
995 2125 1025 2187 in
1046 2113 1175 2188 facino're
1197 2125 1402 2204 deprehensos
1421 2141 1475 2184 csse
1499 2197 1500 2206 ἵ

289 2211 453 2290 adiungam.
482 2211 614 2290 benique
635 2231 661 2272 a.
677 2211 797 2272 CXCll.
820 2211 876 2272 mm
899 2230 1005 2272 exorso
1027 2211 1071 2272 rei
1093 2211 1157 2273 eius
1177 2211 1338 2272 certiorem
1361 2211 1473 2270 Severum

289 2315 354 2357 esse
376 2298 483 2357 factum
505 2295 609 2356 dicam
633 2296 712 2356 lntra
733 2296 812 2357 baud
832 2297 872 2356 ita
895 2296 1004 2356 merltos
1025 2296 1089 2357 dies
1111 2314 1211 2356 murae
1227 2294 1473 2374 impatientissime
1499 2321 1500 2324 ¹

289 2381 458 2460 imperator,
479 2380 530 2459 qui
551 2380 688 2442 currebat
700 2382 798 2458 potius
819 2399 906 2458 ιῃιιιιι
921 2379 1169 2459 proficiscebatur,
1193 2380 1317 2440 Galbam
1331 2388 1398 2458 post
1420 2379 1472 2438 bunc

288 2466 422 2527 nuntium
454 2474 604 2544 acceptum
635 2465 778 2543 attingere
809 2465 913 2544 potuit
958 2465 1042 2526 Aliud
1070 2483 1105 2524 ex
1133 2464 1297 2526 obsidionis
1326 2463 1471 2543 Byzantina

288 2559 421 2628 tempore
449 2549 628 2628 praesidium
655 2550 834 2628 parabimus.
878 2550 932 2611 llio
962 2549 1082 2610 Cassius
1111 2548 1199 2610 trium
1227 2568 1375 2610 annorum
1394 2546 1470 2626 spatie.

188 2687 190 2695 ,
289 2631 345 2698 ἐπὶ
369 2628 445 2697 ὅλον
466 2635 575 2716 τριετῆ
596 2630 726 2717 χρόνον,
765 2643 960 2714 oppugnatam
989 2653 1005 2694 a
1035 2634 1248 2696 Severouane
1270 2634 1375 2696 urbem
1396 2631 1471 2696 fuisse.

289 2720 392 2782 scribit
422 2720 509 2792 (llist
532 2719 597 2780 Lib.
621 2719 743 2780 txxtt'.
767 2739 796 2798 p.
820 2722 891 2782 845.
915 2719 961 2780 ed.
983 2719 1117 2780 Franeof.
1144 2721 1257 2794 tecti).
1311 2719 1418 2782 Omnes
1442 2713 1469 2774 ιο

288 2804 540 2878 circumstantiae,
569 2805 598 2866 id
621 2805 700 2884 quod
722 2805 909 2866 Tillemontiu
933 2803 977 2879 (l'.
1000 2803 1068 2864 Not.
1090 2803 1162 2864 Xll'.
1185 2822 1237 2866 sur
1259 2803 1372 2866 severe
1393 2803 1421 2862 T.
1437 2795 1468 2858 ΠΙ.

286 2889 362 2950 ttise
386 2891 437 2950 des
459 2889 577 2969 Empdr.
600 2891 633 2951 P.
655 2890 678 2950 l.
701 2909 730 2969 p.
746 2893 818 2953 401.
834 2893 920 2965 402.)
943 2889 1000 2949 iam
1021 2887 1206 2950 observatum
1229 2907 1297 2949 esse
1322 2890 1415 2958 video,
1431 2899 1467 2944 nu

234 2987 238 2997 ’
288 2973 324 3036 de
346 2975 492 3054 completo
515 2993 657 3037 annonem
680 2975 769 3036 trium
791 2975 898 3036 circulo
921 2974 974 3035 bas
996 2993 1083 3034 voces
1104 2971 1288 3052 explicandas
1304 2993 1375 3036 esse
1388 2970 1469 3034 iubent,

38 3047 39 3056 ¹
169 3084 175 3098 ⁴
288 3058 403 3120 sedita
425 3067 548 3130 tantum,
578 3070 611 3119 ut
634 3059 727 3122 tribus
750 3060 835 3120 annis
857 3059 914 3120 sibi
937 3057 1162 3120 suceedentibus
1181 3058 1385 3136 continuatam
1404 3054 1470 3118 fuisse

289 3143 475 3204 obsidionem
496 3143 641 3214 indicent,
664 3144 731 3204 licet
752 3144 885 3204 fortassis
908 3142 1004 3222 primo
1027 3151 1152 3204 exeunte
1172 3151 1292 3222 coepta,
1316 3141 1400 3205 tertio
1417 3135 1469 3228 inri-

288 3227 386 3306 pionte
407 3229 537 3308 perfecta
559 3229 608 3288 sit.
651 3229 755 3290 flodus
783 3229 831 3288 bic
857 3228 996 3307 loquendi
1020 3227 1138 3290 Graecis
1167 3227 1326 3290 admodum
1349 3225 1469 3288 familiam

289 3318 344 3370 est.
388 3311 453 3372 Non
475 3311 650 3390 disputabo,
672 3313 718 3373 cui
740 3331 817 3373 anno
839 3312 955 3374 initium
977 3312 1040 3374 eius
1062 3313 1206 3391 assignari
1229 3311 1349 3386 debeat,
1379 3323 1469 3379 numu

289 3393 411 3456 CllClll.
434 3404 483 3456 aut
510 3415 536 3456 a.
561 3395 684 3458 CllCll':
718 3395 841 3469 suflicit,
874 3398 952 3475 quod
974 3397 1081 3458 iterum
1102 3397 1188 3458 [licui
1210 3397 1353 3460 debemus
1376 3395 1470 3467 (ttistm

176 3503 180 3510 ·
289 3479 352 3540 Lib.
367 3479 492 3540 LXXIV.
504 3499 533 3558 p.
547 3483 642 3555 844),
665 3481 754 3559 Nigro
776 3481 908 3542 nondum
931 3480 1056 3542 extincto
1078 3481 1182 3544 urbem
1203 3481 1408 3560 copiis-fuisse
1426 3474 1470 3536 cin·

288 3571 374 3631 ctam.
419 3564 529 3626 Cecidit
550 3565 575 3626 is
597 3583 623 3625 a.
646 3565 765 3626 CXCll'.
800 3565 877 3626 ·Sive
898 3566 1002 3644 igitur,
1025 3567 1104 3644 quod
1126 3566 1213 3645 aliqui
1233 3565 1359 3637 faciunt,
1382 3562 1438 3624 finis
1454 3573 1470 3615 t·

288 3648 421 3723 cient,
449 3649 511 3711 sive
533 3650 685 3711 exordium
708 3669 734 3711 a.
757 3649 875 3712 CXCIV.
899 3653 1094 3730 praeferatur,
1126 3669 1243 3730 semper
1263 3649 1393 3712 vicimus.
1431 3643 1471 3704 ,iu

288 3744 384 3797 umen
406 3753 502 3814 nego,¹
515 3735 625 3797 melius<
640 3734 727 3813 louge
749 3755 802 3797 eos
824 3736 944 3810 sentire,
967 3737 1016 3815 qui
1039 3756 1065 3797 a.
1081 3735 1199 3798 CllCll'.
1222 3735 1342 3813 eligunt,
1364 3753 1396 3796 ae
1414 3725 1470 3792 mll-

288 3820 465 3900 tisqnidem
487 3821 653 3882 decausis.
697 3820 781 3882 Cadit
807 3839 877 3899 ergo
899 3821 1074 3901 expugnatio
1097 3821 1127 3882 in
1149 3840 1175 3882 a.
1198 3819 1316 3882 cxct't.
1359 3813 1470 3881 Nondum

288 3905 409 3966 veroin
430 3913 607 3985 potestatem
628 3905 814 3985 imperatoris
848 3905 919 3968 urbs
946 3906 1063 3968 redacta
1089 3915 1151 3966 erat
1177 3906 1207 3967 id
1234 3905 1391 3984 temporis,
1424 3910 1470 3959 cunt

288 3989 392 4052 Albino
425 3990 617 4062 occurrebat,
647 3989 815 4052 Herodiano
844 3997 919 4051 teste
947 3990 1071 4064 (Hister.
1093 3990 1128 4051 L.
1156 3990 1207 4052 lll.
1236 4010 1261 4052 c.
1291 3993 1321 4054 6.
1345 4009 1373 4070 p.
1398 3985 1469 4054 139l·

288 4074 366 4147 Quin
387 4075 417 4136 in
438 4075 544 4137 itinere
567 4075 675 4138 Gallico
703 4076 761 4136 iarn
788 4075 965 4136 constitutus
993 4075 1083 4136 fuisse
1110 4075 1239 4149 videtur,
1273 4095 1339 4138 cum
1360 4075 1470 4148 receptat

287 4158 369 4220 urbis
391 4160 510 4222 nuntius
533 4160 569 4222 ad
591 4179 658 4222 eum
680 4153 880 4239 perferretur?
913 4159 1000 4232 Quod
1028 4161 1053 4220 si
1082 4179 1152 4238 ergo
1173 4159 1302 4240 tri-zanni
1331 4153 1470 4236 rccuptttll

288 4249 317 4304 ct
338 4245 528 4322 profectionis
556 4246 696 4306 adversus
717 4245 854 4306 Albinum
882 4263 976 4306 annus
999 4263 1075 4306 unus
1098 4245 1231 4324 idemque
1260 4253 1319 4318 est,
1352 4243 1396 4305 ille
1416 4247 1468 4296 tuf

199 4374 208 4386 ,.
287 4329 457 4388 necessario
479 4349 505 4390 a.
529 4329 646 4392 CXCVI.
670 4330 724 4402 sit,
749 4330 881 4408 sequitur
902 4329 1023 4390 omnino
1045 4348 1071 4390 a.
1095 4327 1226 4390 CXCl'll.
1250 4331 1388 4408 praelium
1407 4323 1467 4415 [ος-

288 4411 421 4472 dunense
443 4413 633 4476 commissum
654 4414 757 4476 fuisse.
801 4413 833 4475 Si
854 4414 890 4475 ad
911 4433 937 4475 a.
961 4412 1106 4474 CXCl'lll.
1127 4414 1334 4492 progrediaris,
1357 4406 1467 4472 obsidu-

289 4514 355 4558 nem
377 4515 434 4556 uua
448 4497 633 4576 Byratttinam
655 4519 708 4578 per
730 4509 854 4578 quatuor
876 4499 1000 4560 durasse
1022 4517 1115 4560 annos
1137 4499 1333 4571 confiteberis,
1361 4493 1387 4558 id
1408 4482 1466 4570 quod

286 4579 477 4644 falsissimum
498 4601 567 4646 esse
589 4583 729 4648 exitione
750 4591 876 4646 constat.
906 4583 1061 4646 mudum
1083 4593 1138 4657 est,
1160 4584 1239 4664 quod
1261 4594 1404 4664 postremo
1418 4575 1466 4634 ¹0⁰⁰
