3132 5238
477 361 610 404 sacrans
633 361 737 406 sucoso
760 361 896 406 renuo.
1064 359 1071 374 ·
1250 347 1291 412 Db

114 523 152 574 en
169 531 184 572 a
203 511 356 574 aenbendo
379 511 532 575 destiterit.
563 513 768 577 sentiebamus
791 514 956 594 aliqnando,
977 532 1067 594 quum
1088 513 1118 576 in
1140 513 1292 576 idaman-

110 596 250 658 nuboues
271 597 485 671 scriberemus,
513 597 620 661 libram
640 599 683 661 De
704 599 841 671 ieiuniis,
870 599 924 662 suh
947 601 977 660 S.
1001 599 1111 662 Calixto
1132 618 1206 680 papa
1228 599 1292 662 edi-

109 693 153 742 nn
171 681 269 754 luisse,
290 682 368 761 quod
396 682 576 745 leicuriorum
597 684 862 750 memineritcitro
884 685 955 746 illoc
978 685 1038 746 dies
1053 686 1158 765 quidne
1173 683 1293 750 ahlatm

108 777 139 828 est
155 785 277 846 mansan
299 766 352 840 (De
364 766 456 829 leiun.
479 786 504 829 c.
519 771 566 832 13.
589 768 663 831 lbid.
687 789 711 830 o.
730 773 803 846 ts),
826 769 856 830 id
871 777 918 830 est
936 777 1016 830 extra
1031 769 1292 848 quadragesimam,

107 851 280 914 existimantes
301 850 388 912 uruat
411 853 448 913 aa
470 852 576 914 ieiunia
597 854 646 915 ra.
668 863 834 933 temporum
856 854 892 915 n
914 853 963 914 aua
986 853 1126 915 instituta.
1164 854 1222 916 sea
1242 837 1293 916 uhi

107 935 211 1014 penitius
231 935 426 1015 inspeximus»,
447 945 547 1016 potest
568 939 672 1000 reterri
695 946 744 1000 aut
765 940 803 1000 ad
823 939 852 1000 id
869 939 948 1018 quod
963 938 1109 1017 sequitur:
1133 938 1170 1001 sc
1185 942 1294 1002 statio·

106 1039 160 1082 nass
185 1025 366 1083 semiieiunia
395 1027 620 1102 interponentes
653 1027 772 1103 (nempe
799 1024 888 1084 leriae
915 1031 1035 1102 quartae
1068 1029 1098 1083 et
1129 1031 1229 1086 sextae
1256 1023 1293 1084 ad

106 1107 186 1166 horam
215 1123 309 1184 nsque
336 1111 464 1183 nonam)
498 1117 527 1168 et
548 1109 700 1170 interdurn
718 1128 797 1190 pane
818 1120 847 1170 et
868 1123 946 1190 aqna
967 1112 1153 1179 vietitantes,
1186 1109 1293 1169 autad

88 1187 219 1252 ‘ieiunium
240 1190 371 1264 sabbati,
399 1191 478 1276 quod
498 1191 609 1254 Romae
631 1193 831 1254 celebrabatur
852 1212 887 1254 ex
909 1201 1036 1273 statuto,
1054 1210 1114 1252 non
1136 1192 1166 1253 in
1187 1191 1292 1266 Alhica,

105 1275 178 1344 icum
208 1275 293 1336 etiam
322 1275 410 1354 paulo
439 1284 510 1354 post
537 1275 679 1349 meminit)
716 1287 766 1340 aut
786 1279 823 1339 ad
844 1277 951 1340 ieiunis
973 1277 1183 1356 poenitentium
1206 1275 1294 1337 etiam

105 1361 366 1432 catechumenorum,
389 1361 425 1422 de
448 1359 554 1440 quibus
577 1360 642 1441 ipse
664 1361 694 1423 in
716 1363 789 1424 baec
811 1363 899 1423 rerba
914 1369 981 1422 ante
995 1360 1147 1423 haeresin:
1170 1361 1294 1441 Ingres-

105 1463 175 1505 suros
205 1445 384 1525 baptismam
406 1448 594 1508 orationibus
618 1447 750 1521 crebris,
782 1451 902 1509 ieiuniis
925 1459 954 1510 et
974 1445 1242 1525 geniculationibus
1264 1455 1293 1506 et

102 1530 242 1606 pervigiliis
265 1549 359 1592 orare
383 1542 503 1611 oportet
525 1531 578 1604 (De
598 1531 739 1609 baptism.
762 1551 787 1592 c.
811 1535 891 1607 to),
913 1538 964 1592 ant
984 1530 1109 1608 denique
1129 1531 1166 1591 ad
1187 1527 1294 1590 ieiunia

104 1612 125 1676 in
150 1613 243 1692 vigiliis
271 1615 464 1676 festivitatum
486 1615 758 1677 ecclesiasticarum.
801 1617 895 1694 Atque
921 1615 993 1676 adeo
1015 1614 1109 1693 piacet
1129 1613 1162 1674 D.
1184 1613 1292 1675 Hiero-

103 1697 177 1774 npni,
197 1699 359 1778 Sophronii
381 1707 411 1760 et
421 1699 578 1780 Nicephori
601 1700 757 1774 sententia,
780 1701 829 1779 qui
851 1719 910 1762 non
934 1700 989 1760 sub
1011 1698 1138 1760 Macrino
1161 1706 1211 1760 aut
1231 1697 1292 1759 lle-

104 1781 233 1860 hogsbalo,
264 1785 322 1844 sed
351 1784 407 1844 sub
430 1785 538 1845 Severo
567 1785 698 1864 principe
721 1792 751 1846 et
770 1785 917 1848 Antonino
940 1783 1082 1846 Caracalla
1104 1782 1243 1844 dorcdsse
1265 1790 1295 1844 et

107 1867 231 1946 scripsisse
252 1877 405 1930 testantur
426 1868 503 1931 bunc
515 1870 671 1931 Auctorem
695 1877 844 1942 nostrum3
867 1868 992 1931 maxime
1014 1887 1102 1948 marn
1118 1868 1172 1940 sub
1189 1867 1220 1928 S.
1235 1867 1292 1928 Ze-

108 1950 204 2030 phpino
229 1953 374 2033 pontifice
405 1972 508 2015 omnes
542 1954 621 2016 idam
649 1953 791 2016 claruisse
819 1953 957 2026 scribant,
991 1971 1050 2014 non
1083 1953 1139 2014 sub
1167 1951 1293 2025 Calirt03

105 2045 197 2112 praeter
222 2057 316 2100 unum
352 2037 476 2116 aliquem
509 2039 705 2111 neotericam,
739 2039 788 2117 qui
821 2047 918 2100 nmen
946 2058 1013 2100 euni
1041 2038 1097 2098 iam
1125 2045 1208 2098 antea
1237 2037 1293 2098 sub

104 2119 203 2182 Adriano
222 2123 352 2184 Caesare
374 2123 498 2184 cundem
520 2124 629 2184 iecerat
650 2141 716 2184 cunr
738 2123 904 2203 l'ertyliano
926 2124 972 2185 lC.
995 2123 1088 2183 Porro
1110 2129 1293 2200 postremum

105 2205 175 2266 inisse
194 2208 266 2269 hunc
287 2225 401 2290 arurarn
410 2207 548 2268 Antonini
560 2207 722 2270 Caracallae
745 2208 859 2287 imper„
883 2227 943 2268 non
956 2215 1127 2286 sequentem
1150 2206 1204 2278 (nti
1219 2205 1292 2268 Cas-

105 2289 215 2352 dodonis
236 2292 350 2368 habet),
373 2300 454 2371 patet
476 2311 511 2352 err
532 2293 617 2354 lastis
640 2292 843 2354 consularibus
859 2291 1118 2365 emendatioribus,
1141 2289 1292 2369 inquibus

104 2373 134 2434 sic
155 2377 299 2438 scribitur:
336 2375 401 2439 llo'c
422 2395 502 2439 anno
525 2379 564 2440 od
590 2377 636 2438 l'l.
659 2376 732 2439 Idas
754 2379 874 2458 Apriles
896 2382 1000 2458 snper.
1026 2377 1107 2440 Caes.
1132 2375 1172 2436 M.
1196 2377 1294 2436 Anne-

106 2457 147 2520 l'ss
170 2461 236 2522 Dici
263 2462 375 2524 Severi
400 2462 483 2542 filins
506 2464 677 2524 Antoniana
701 2466 855 2542 Augustus
877 2462 1074 2524 Britannicus
1098 2461 1294 2523 Germanicas
1408 2471 1411 2480 ·

109 2549 194 2607 scasas
215 2558 259 2609 est
280 2546 419 2626 (Apolog.
441 2565 503 2625 cap.
528 2551 601 2622 lh).
649 2547 748 2620 Quum
770 2553 847 2609 enim
870 2547 974 2626 (inquit
997 2545 1181 2628 Spartianus)
1204 2543 1294 2606 vellet

107 2629 187 2690 itcrsn
210 2631 337 2693 Parthis
367 2631 478 2693 bellurn
505 2633 623 2710 inferre
655 2643 742 2712 atqnc
765 2632 925 2694 hibernare
945 2631 1087 2701 Edessae,
1116 2640 1205 2710 atque
1225 2629 1294 2690 inde

108 2711 193 2777 ionas
214 2716 293 2778 lani
316 2716 375 2776 Dei
393 2720 494 2796 pratia
517 2717 662 2794 (dequo,
695 2717 773 2794 quod
796 2717 916 2795 insuper
937 2715 1026 2786 addit,
1059 2715 1094 2774 ad
1116 2713 1294 2774 intellectum

106 2797 304 2874 baldomeris,
328 2801 378 2880 qui
400 2799 504 2862 alieubi
525 2800 684 2861 hlasculurn
706 2800 819 2862 Lunam
841 2801 929 2874 ridet)
952 2803 1090 2867 venisset,
1114 2800 1160 2859 die
1182 2795 1294 2858 natalia

106 2887 140 2942 aii
154 2889 217 2964 ipsis
237 2885 470 2966 Megalensibus,
503 2887 621 2947 insidiis
643 2904 661 2944 a
685 2885 821 2946 Macrino
842 2885 943 2964 praes.
964 2893 1064 2962 praet.
1084 2885 1211 2962 positis,
1245 2884 1297 2960 qui

52 3035 59 3058 .
106 2979 153 3043 past
166 2989 222 3030 eon
236 2975 355 3032 incasit
376 2974 543 3049 imperinm,
565 2973 762 3049 interemptos
785 2980 837 3040 est,
860 2967 896 3028 oh
919 2969 1019 3028 eodem
1041 2969 1192 3028 tamenin
1217 2963 1293 3027 Deos

109 3050 194 3114 achias
224 3067 251 3116 ct
285 3053 397 3134 templo
430 3059 458 3116 ei
478 3054 633 3134 aedificato
662 3064 690 3114 et
718 3053 811 3114 Saliis
844 3053 963 3114 addin's.
1009 3051 1203 3112 Confirmatur
1222 3048 1296 3109 haec

108 3153 154 3196 nes
177 3140 333 3211 monada,
362 3139 440 3218 quod
473 3138 568 3201 nullae
600 3144 699 3198 extent
731 3137 811 3216 leges
841 3136 1042 3198 Antonino‘et
1062 3135 1194 3195 Adtento
1216 3151 1292 3194 coss.

113 3221 147 3276 sd
162 3223 287 3284 Antonini
310 3225 385 3302 Aug.
415 3222 498 3284 titulo
527 3223 602 3285 duae
624 3221 783 3282 Praesente
807 3230 836 3282 et
861 3220 1007 3282 Satricato
1030 3237 1108 3281 coss,
1132 3218 1220 3280 altera
1242 3217 1292 3278 lib.

115 3299 147 3362 ll·
161 3305 217 3370 tad.
245 3310 314 3370 data
337 3308 412 3369 lllll.
434 3307 553 3370 llalead.
583 3307 666 3368 blart.
694 3306 783 3368 altera
811 3306 860 3366 lib.
884 3305 956 3367 Vlll.
985 3305 1030 3366 tit.
1053 3307 1104 3368 38.
1132 3303 1183 3364 lib.
1206 3305 1235 3367 3.
1258 3322 1294 3366 ex

113 3383 197 3453 laland.
217 3393 331 3456 blartiis
355 3392 440 3472 paulo
462 3400 529 3453 ante
553 3391 674 3454 obitum.
718 3391 875 3470 lmperavit
895 3390 1020 3469 proinde
1042 3409 1058 3450 a
1079 3388 1174 3468 pridie
1196 3388 1294 3448 Nonas

110 3467 169 3535 lehc.
188 3479 251 3540 soni
272 3476 393 3540 Domini
415 3477 523 3539 CCllll.
547 3495 640 3555 usqae
662 3477 699 3537 ad
720 3475 829 3538 dictum
853 3475 946 3546 diem,
975 3493 1069 3536 annos
1092 3473 1151 3535 Vll.
1174 3489 1293 3533 menses

110 3553 133 3614 ll.
149 3559 200 3622 dies
220 3563 267 3624 lll.
310 3561 400 3642 Atqui
423 3562 454 3622 S.
477 3561 640 3641 Zeplryrino
668 3579 776 3640 papae,
810 3579 896 3638 quem
925 3568 954 3621 ot
976 3560 1007 3620 S.
1030 3560 1173 3620 Damasus
1196 3564 1226 3617 et
1246 3555 1294 3617 alii

110 3657 185 3706 tanes
204 3647 248 3709 his
271 3645 444 3710 oonsulibus
465 3645 552 3707 vitam
575 3645 687 3706 liniisse
711 3645 852 3718 scribunt,
875 3663 936 3705 non
956 3650 1086 3724 possunt
1105 3642 1206 3721 plnres
1225 3639 1293 3701 anni

110 3725 173 3789 tnbni
196 3751 280 3810 marn
310 3731 388 3794 xlx.
411 3739 441 3791 et
462 3731 526 3792 dies
549 3730 622 3792 xvi.
645 3730 724 3810 quod
746 3749 762 3790 a
783 3730 830 3791 lV.
853 3730 922 3791 ldus
943 3727 1065 3807 Augusti
1087 3727 1155 3786 anni
1178 3723 1294 3785 Domini

110 3807 158 3872 ili.
181 3833 269 3896 osque
298 3817 337 3878 ad
359 3816 419 3877 vn.
442 3815 561 3877 Kalend.
584 3815 744 3893 Septemb,
776 3833 835 3894 quo
868 3815 925 3876 hoo
956 3815 1110 3875 deluootus
1132 3816 1194 3882 est,
1223 3807 1293 3868 toti-

111 3893 156 3956 dem
173 3909 384 3980 computentur.
415 3901 510 3974 Quem
532 3919 621 3979 quum
642 3899 772 3961 Ecclesia
793 3899 871 3960 inter
885 3907 1027 3978 martyres
1042 3893 1180 3965 celebret,
1202 3909 1293 3972 opor-

113 3983 146 4048 aa,
163 3991 191 4042 ut
209 3985 329 4047 absente
351 3985 408 4047 iam
430 3985 601 4058 Antonino,
625 3984 730 4044 iterum
752 4001 807 4062 per
827 3983 982 4063 pontifices
1004 3979 1148 4041 idolorum
1172 3978 1293 4062 cpcitsta

115 4063 174 4128 herii
191 4069 310 4144 licmae,
342 4079 373 4130 et
404 4069 539 4131 fortassis
572 4067 738 4130 allacrino
772 4069 939 4130 continuata
973 4063 1032 4144 (qai
1059 4063 1184 4142 proinde
1207 4063 1294 4124 etiam

115 4159 160 4220 nost
175 4171 287 4228 annum,
310 4171 444 4216 mensem
465 4171 569 4226 unum
590 4153 654 4214 dies
666 4152 777 4231 aliquot
791 4172 808 4213 a
823 4154 885 4214 Deo
900 4151 988 4213 caede
1002 4147 1120 4228 punitis
1137 4153 1194 4224 est)
1206 4147 1292 4208 Clari-

116 4231 242 4324 iiiancmm
255 4239 436 4319 persecutio,
459 4239 511 4299 scd
527 4238 593 4318 qnia
608 4237 709 4298 localis
724 4237 872 4306 dunmxat,
890 4253 951 4297 non
966 4241 1132 4314 computata
1146 4232 1182 4294 ab
1196 4231 1292 4294 histo-

115 4317 169 4380 sstit.
206 4323 359 4386 Caeterum
388 4323 475 4386 etiam
498 4323 546 4384 hic
567 4321 760 4384 adiiciendum
782 4340 837 4402 pro
859 4319 1001 4382 historias
1024 4319 1162 4390 veritate,
1185 4318 1294 4378 trustra

115 4405 224 4475 nnbat
244 4409 327 4471 illum
350 4409 446 4469 denuo
467 4407 503 4470 ad
525 4407 696 4469 catholicam
718 4406 806 4467 iidem
827 4404 954 4466 rediisse
976 4402 1100 4483 opinari.
1143 4401 1215 4462 Narn
1244 4399 1292 4461 in-

116 4485 190 4556 rins
214 4492 241 4553 id
263 4511 300 4554 ex
322 4494 352 4555 S.
375 4491 538 4572 Augustino
561 4491 656 4570 codigi
678 4508 737 4551 nou
759 4508 851 4569 posse
873 4488 909 4550 ad
930 4507 1036 4551 annam
1059 4487 1165 4550 abhinc
1186 4502 1293 4545 sensn-

116 4565 164 4634 iuu
185 4577 374 4640 ostendimus.
416 4577 529 4640 Deinde
556 4577 636 4638 inter
664 4583 807 4654 martyras
829 4573 948 4636 mhiime
970 4571 1196 4652 computandum
1217 4568 1293 4628 Ter-

1016 4671 1024 4682 .
1055 4673 1092 4722 3,
