3144 5236
234 394 299 458 224
325 407 518 452 nlsssnnnrlo
534 409 563 450 itt
579 407 628 458 QU.
642 406 728 450 ΕΒΗ.
744 405 830 450 FLOR·
846 404 1042 450 TUMULUM!
1056 405 1284 450 ssotoosntcuu
1299 405 1386 448 tlffl'.
1442 399 1454 409 '

236 567 336 624 nostru
357 558 436 620 inter
456 556 601 618 vadantes
615 555 773 619 Foldensis
795 555 971 635 exemplaris
985 555 1129 618 lectiones
1144 556 1332 636 reputantur
1352 563 1385 618 et
1408 573 1468 620 oter

236 643 325 708 boios
348 641 441 706 solim
462 641 666 704 auctoritatem
686 641 793 702 ceteris
814 639 953 703 omuibus
971 639 1155 721 praetulerit

321 727 365 789 lle
386 733 548 788 memorata
568 723 709 804 deinceps
730 744 747 786 a
762 724 944 788 Tertulliano
967 724 1040 788 solis
1056 724 1222 788 ddecdone
1235 724 1357 803 eiusque
1372 742 1467 802 prae-

238 812 366 876 dictione
387 810 456 873 alibi
478 809 676 872 disseruimus
698 809 836 881 (Dissert.
858 809 890 872 iu
910 808 1042 870 Lectum
1065 827 1129 888 cap.
1145 811 1174 874 8.
1194 809 1258 870 Art.
1273 812 1327 884 2.).
1357 808 1465 881 Quam

238 907 300 963 tum
330 913 399 958 vero
429 913 464 958 ee
491 893 620 973 perculsi
647 893 760 956 luer'mt
787 911 848 956 uon
877 893 1112 966 salaminiam,
1141 893 1196 956 sed
1217 893 1306 956 etiam
1327 893 1466 972 gentiles,-

238 1001 274 1044 ex
296 981 342 1041 bis
365 979 479 1040 coniiee
503 978 756 1058 subsequentibus
777 977 915 1042 Auctoris
937 978 1035 1040 nostri
1062 977 1176 1040 verbis:
1214 977 1254 1040 nr
1276 989 1372 1042 team
1393 997 1468 1040 ruas

237 1066 343 1128 modi
371 1083 474 1126 corum
501 1063 632 1126 relatam
660 1068 694 1126 iu
721 1067 845 1125 crocala
874 1067 985 1126 uestris
1015 1062 1129 1126 debetis
1157 1061 1342 1135 (Tertulliani.
1363 1061 1464 1140 ibid).

239 1151 321 1224 Quae
343 1149 461 1228 quidem
488 1145 529 1208 ita
549 1147 580 1208 in
602 1147 714 1208 nostris
737 1146 889 1209 codicibus
910 1146 988 1208 sicot
1008 1146 1039 1208 iu
1061 1145 1180 1226 Rigaltii
1201 1145 1330 1208 monne
1352 1147 1468 1226 scripta

239 1241 319 1298 sont
362 1233 401 1295 ltt
426 1231 493 1311 quis
522 1249 584 1292 uon
605 1230 735 1292 laudabit
756 1231 935 1310 singularem
956 1230 1064 1294 eruditi
1086 1229 1174 1294 illios
1187 1231 1243 1294 riri
1265 1231 1465 1304 sedulitatem,

239 1318 290 1397 qoi
311 1335 368 1378 uos
390 1316 431 1378 ibi
453 1316 609 1378 admonuit
626 1315 657 1378 in
671 1315 737 1377 aliis
753 1313 933 1378 editionibus
948 1333 1003 1394 pro
1018 1319 1143 1378 arenula
1157 1315 1290 1394 positum
1304 1314 1467 1378 uredinis?

238 1401 341 1464 biaiori
363 1409 461 1463 nmen
482 1399 568 1463 lande
589 1399 697 1478 dignus
718 1399 913 1478 proculdubio
933 1401 1021 1472 leret,
1044 1398 1071 1459 si
1092 1399 1149 1461 bac
1168 1399 1291 1478 aliisque
1312 1400 1468 1464 nonnullis

240 1485 386 1550 similibus
408 1493 488 1546 certe
509 1483 669 1546 levissimis
691 1483 870 1546 lectionibus
891 1483 1001 1547 notatis
1023 1481 1095 1547 alias
1116 1483 1203 1562 louge
1229 1484 1331 1563 plores
1348 1495 1379 1548 et
1392 1503 1468 1564 gra-

239 1571 332 1632 vioris
354 1571 488 1649 prolecto
510 1567 653 1630 momenti
674 1587 736 1630 non
758 1569 1022 1647 praetermisisset
1050 1567 1125 1630 Nam
1141 1569 1268 1632 arellius
1283 1568 1361 1630 idem
1375 1569 1468 1649 pana

241 1655 405 1733 significant
427 1661 514 1732 atque
536 1671 660 1723 crocea,
691 1671 766 1731 quae
798 1652 888 1714 Festo
911 1662 941 1714 et
963 1651 1066 1714 Seruio
1089 1651 1216 1714 testibus
1250 1653 1387 1716 dicantur
1407 1673 1466 1716 se·

241 1747 320 1800 creta
343 1745 373 1799 et
394 1737 492 1800 clausa
514 1746 543 1798 et
564 1736 703 1815 aquibus
729 1755 833 1798 onmes
849 1745 987 1800 arcentor
1008 1735 1199 1808 (Festuslib.
1213 1735 1276 1800 XX,
1290 1737 1466 1800 deierbor.

242 1823 400 1902 Significat.
424 1821 544 1884 Servius
566 1820 595 1880 in
619 1821 720 1900 Virgil.
741 1820 792 1882 lib.
814 1821 838 1882 l.
859 1821 981 1884 aeneid.
1002 1840 1029 1882 r.
1053 1823 1149 1897 aas).

325 1907 421 1969 Porro
449 1913 547 1968 autem
575 1904 646 1968 iliud
674 1905 748 1966 solis
778 1906 937 1986 deliquium
970 1906 1000 1966 in
1028 1923 1135 1968 means
1161 1904 1313 1985 gentilium
1339 1905 1471 1970 relatum

242 2011 311 2054 esse
333 1990 443 2052 doctor
472 1997 577 2052 noster
608 1998 759 2052 asseverat
789 1989 855 2068 quia
886 1989 957 2054 iilud
985 1997 1014 2052 et
1041 1989 1106 2062 alia,
1138 2008 1213 2070 quae
1241 1999 1309 2051 ante
1338 1997 1368 2051 et
1394 1999 1472 2068 post

189 2115 193 2126 ·
241 2075 352 2138 dimisti
384 2081 511 2136 mortem
543 2082 715 2146 evenerant,
749 2093 766 2136 a
798 2074 921 2136 notariis
952 2073 1077 2152 publicis
1106 2083 1156 2136 ant
1178 2073 1243 2136 aliis
1265 2073 1411 2153 descripta
1436 2075 1469 2138 io

241 2160 404 2222 eorundem
431 2159 584 2238 gentilium
612 2157 737 2222 archivis
768 2159 968 2222 servabantur.
1013 2158 1096 2232 Quae
1117 2167 1214 2220 autem
1235 2159 1309 2221 baec
1323 2159 1392 2221 ,sint
1412 2179 1468 2221 ar·

123 2293 128 2300 .
241 2243 324 2308 cbiva
351 2243 413 2306 sive
440 2261 554 2316 aroana,
584 2261 623 2304 an
643 2243 846 2304 Romanorum
868 2243 913 2304 rel
933 2243 1057 2305 aliomm
1079 2237 1244 2322 gentilium,
1271 2261 1308 2304 ex
1329 2243 1378 2304 bis
1399 2245 1469 2306 lor·

213 2367 216 2372 -
242 2329 319 2390 sitan
347 2327 443 2406 colligi
470 2327 589 2406 poterit,
622 2346 697 2406 quae
724 2327 812 2406 paolo
840 2337 911 2406 post
930 2327 1064 2391 dicemus
1086 2327 1124 2388 de
1145 2327 1230 2390 Pilati
1251 2329 1287 2389 ad
1310 2327 1471 2392 'liberium

241 2412 452 2491 imperatorem
473 2411 510 2474 de
532 2410 650 2474 Cbrisio
672 2409 789 2474 litteris.

325 2497 440 2558 interea
467 2515 538 2558 uero
566 2494 831 2559 animadvertemus
859 2513 966 2558 manos
996 2495 1092 2556 adbuc
1113 2515 1130 2557 a
1151 2495 1276 2573 Rigaltio
1299 2495 1395 2558 illatos
1417 2497 1471 2560 bis

241 2580 491 2658 subsequentibus
509 2578 680 2642 Tertulliani
701 2579 817 2640 serbis:
840 2579 930 2642 Hunc
951 2579 1057 2644 ludaei
1078 2581 1247 2644 detractum
1269 2581 1416 2644 deorum
1440 2593 1472 2646 et

243 2665 384 2745 sepulcra
407 2665 560 2726 conditum
579 2683 690 2744 magua
711 2669 798 2727 etiam
819 2664 962 2728 militaria
985 2667 1137 2728 custodiae
1159 2664 1313 2744 diligentia
1336 2669 1472 2728 u'rcams-

244 2751 389 2811 aederunt
410 2749 518 2825 (ibid).
549 2749 583 2810 ln
604 2747 717 2810 nosuts
741 2747 888 2826 siquidem
910 2748 1118 2827 manuscriptis
1140 2756 1171 2810 et
1191 2757 1276 2810 antea
1299 2749 1388 2812 editis
1411 2769 1470 2813 ea-

243 2832 422 2912 emplaribus
445 2833 566 2911 iegitur:
592 2831 673 2895 Tunc
694 2832 803 2895 ludaei
824 2875 961 2894 .....
981 2851 1094 2914 mogun
1114 2838 1204 2896 etiam
1223 2833 1355 2899 militari
1373 2851 1472 2898 mass

244 2919 396 2980 custodiae
425 2917 578 2996 diligentia
607 2917 873 2979 circumsederunt.
918 2916 997 2990 Quid
1028 2925 1126 2980 autern
1152 2917 1193 2980 ibi
1221 2917 1368 2980 nocebant
1392 2919 1473 2980 base

241 3003 347 3064 rerba:
368 3020 478 3080 mopso
497 3002 629 3066 militari
647 2999 764 3064 mani)
806 3000 911 3063 Nonne
933 3001 980 3063 bis
995 3000 1106 3064 doctor
1126 3010 1231 3063 noster
1251 3001 1470 3081 signillmutios

244 3086 392 3164 expressit
412 3105 475 3146 non
496 3103 618 3166 parvum
639 3085 734 3147 lirisse
756 3085 880 3146 miiitum
902 3103 1069 3159 numerius,
1091 3086 1142 3164 qni
1164 3087 1333 3166 tepidorum
1354 3087 1472 3152 Christi

243 3169 469 3247 diligentissime
492 3168 719 3232 comedebant?
763 3170 823 3231 Sed
844 3179 940 3232 cetera
962 3187 1187 3249 prosequamur.
1463 3185 1467 3192 ¹

684 3367 691 3378 .
745 3309 912 3374 l'ollcottls
932 3323 967 3374 tv.
1053 3369 1056 3376 .

244 3421 276 3464 lle
295 3420 374 3464 christi
392 3432 405 3464 a
422 3428 493 3466 morte
511 3423 538 3466 ati
555 3423 621 3468 vitans
639 3435 759 3478 regresso,
784 3425 956 3482 apparitionibus
976 3424 1000 3470 in
1017 3425 1124 3478 Galilaea,
1148 3425 1254 3470 ordinatis
1272 3425 1300 3470 ad
1317 3425 1471 3470 disseminan-

244 3488 295 3532 dum
314 3487 458 3541 drangulum
482 3490 604 3545 discipulis,
625 3491 689 3532 illius
715 3491 737 3534 in
760 3492 837 3536 caelos
856 3504 961 3544 ascenso,
985 3499 1007 3536 et
1025 3493 1051 3536 iis
1069 3492 1172 3558 omuibus
1190 3505 1203 3536 a
1221 3493 1290 3542 Pilato
1309 3493 1336 3536 art
1355 3493 1470 3538 'liberium

267 3556 421 3614 imperatorem
439 3555 528 3599 relatis:
548 3569 588 3600 cur
606 3557 716 3601 Caesares
735 3557 821 3601 cbristo
841 3559 996 3612 credidissent,
1015 3560 1033 3602 si
1052 3572 1096 3604 riou
1114 3566 1190 3604 essent
1207 3560 1299 3604 saeculo
1318 3559 1453 3604 necessarii.

328 3670 431 3749 Pergit
462 3669 663 3734 Tertullianus
692 3673 895 3753 certioresque
923 3693 980 3736 nos
1010 3675 1079 3736 lacit
1107 3673 1256 3737 Christum
1282 3675 1473 3754 praedixisse

243 3757 309 3818 lore
331 3763 363 3818 ut
383 3755 469 3818 tertia
491 3765 562 3836 post
583 3765 711 3818 mortem
731 3776 816 3820 suam
838 3759 886 3820 die
907 3759 945 3820 ad
966 3758 1043 3822 tiana
1065 3767 1254 3822 revocaretur
1281 3760 1471 3834 (Tertullinn.

242 3841 580 3920 Apologet.cap.21.).
624 3841 714 3903 Recte
742 3842 869 3920 quidem,
904 3843 1152 3922 quemadmodum
1173 3862 1190 3904 a
1212 3843 1306 3908 nobis.
1322 3844 1392 3906 abbi
1415 3863 1470 3907 ex-

243 3924 382 4004 plicatam
405 3934 450 3987 est
477 3924 614 3997 (Dissert.
638 3924 668 3986 in
689 3925 822 4006 Lqemnt.
844 3945 907 4006 cap.
930 3930 960 3992 8.
981 3928 1044 3990 Art
1067 3931 1121 4002 2.).
1166 3927 1236 3990 Suis
1258 3937 1357 3990 auum
1380 3929 1470 3991 Cirri-

245 4017 310 4068 stos
332 4008 416 4070 stetit
436 4009 596 4088 promissis
617 4019 648 4072 el
667 4010 756 4072 rediit
777 4013 813 4072 ad
835 4011 932 4074 vitam.
954 4021 956 4026 ’
975 4014 1013 4074 at
1030 4021 1192 4092 postquam
1213 4017 1258 4075 ita
1273 4019 1473 4076 resurremu-

244 4103 298 4160 eet.
328 4092 463 4154 clamem
482 4093 621 4156 boetoris
648 4095 745 4156 nosoi
767 4095 857 4158 rerba
880 4103 967 4158 sont:
996 4097 1074 4158 nillil
1094 4101 1128 4160 lo
1150 4097 1290 4177 sepulcro
1312 4108 1474 4178 repertum

245 4186 289 4236 eet
308 4188 524 4258 praeterquam
545 4182 671 4241 enuoine
694 4179 830 4259 repulere·
849 4179 958 4255 (ibid).
989 4180 1023 4242 in
1046 4180 1197 4244 codicibus
1219 4181 1334 4244 nostris
1357 4190 1389 4243 et
1403 4181 1471 4244 aliis

245 4257 423 4321 edibonibus
445 4261 567 4341 sepulti,
589 4270 621 4324 et
640 4262 748 4324 melios
770 4264 900 4342 quidem.
934 4264 1007 4326 Naro
1029 4265 1150 4328 exuviae
1171 4265 1309 4328 dictator
1330 4265 1471 4345 inprimis

243 4341 399 4405 bominum
421 4344 620 4424 etaliquando
635 4345 808 4410 bestiarum.
839 4348 1042 4432 Quaruobrem
1053 4349 1239 4412 Lactantius:
1263 4348 1471 4431 insepultus,

243 4426 347 4505 inquit,
376 4428 455 4490 uidit
482 4443 641 4510 repertum
665 4443 720 4508 eet,
749 4437 812 4495 uisi
837 4439 975 4506 emotae,
1003 4435 1110 4516 qulbus
1138 4435 1335 4498 convolutam
1352 4453 1472 4517 cerpus

242 4511 436 4660 iaciurlzrnrgr
457 4513 599 4584 ihcmnt
621 4515 673 4580 lib.
689 4517 737 4582 lv.
759 4516 855 4582 Diria.
869 4518 1000 4580 iustiori.
1016 4537 1079 4598 cap.
1091 4522 1142 4584 29.
1158 4519 1283 4588 llissert.
1295 4519 1325 4581 in
1337 4519 1472 4584 nsum

243 4615 307 4677 cap.
374 4641 382 4660 .
430 4605 466 4660 rt
489 4601 543 4676 2.).
