3144 5236
250 355 314 426 208
346 369 539 416 ursssarsrro
557 370 586 412 ru
602 369 649 420 ou.
666 368 750 414 esar.
765 368 851 412 reon.
868 366 1063 410 rsaruttnru
1077 365 1306 410 mouoosraeuu
1322 365 1410 409 cerr.

249 521 423 596 videndum
451 519 504 584 sed
532 537 600 598 qua,
628 517 733 580 amabo
755 525 794 588 te.
822 514 962 578 ratione?
1004 514 1038 576 ln
1060 515 1175 578 visione
1196 523 1321 588 tautum
1351 514 1394 578 ait
1414 515 1485 590 ille,

250 607 281 668 in
303 605 431 680 somnio,
452 605 483 668 in
505 603 636 683 speculo,
658 603 688 664 in
710 601 874 679 aenigmate
896 612 924 664 et
944 600 1057 681 somno,
1090 609 1124 662 ut
1144 598 1210 679 ipse
1231 599 1374 679 loquitur,
1397 605 1486 664 tho—

269 694 380 752 inuria.

249 711 267 772 ⁹
335 773 402 835 Nou
434 772 560 834 deerunt
591 772 720 832 sortasse
747 768 797 848 qui
825 767 970 830 mirentur
996 768 1070 829 haee
1090 787 1106 828 a
1127 767 1258 840 Pensio,
1286 767 1482 846 virentique

251 857 468 928 eruditissimo,
501 863 603 918 eontra
630 871 729 916 veram
757 851 928 915 Tertulliani
956 851 1053 914 nostri
1080 851 1117 914 de
1146 851 1212 913 Filii
1240 851 1293 914 Dei
1321 851 1481 914 divinitate
1515 873 1522 886 ·

251 941 427 1006 sententiam
448 939 535 1002 nobis
556 938 643 1001 obiici
666 937 774 1013 (Peter.
796 945 867 998 tom.
890 936 926 1000 ll.
949 936 1091 1015 Theolog.
1113 936 1218 1015 Dogm.
1240 935 1291 997 lib.
1306 936 1330 998 Ι.
1345 941 1478 1016 oapi).

250 1027 322 1090 Nem
341 1027 408 1104 ipse
430 1043 491 1088 nou
513 1023 608 1086 solum
631 1022 706 1086 ultro
729 1023 893 1094 confitente,
916 1021 968 1082 sed
990 1019 1125 1099 plurimis
1147 1028 1266 1082 stante
1288 1029 1318 1082 et
1338 1029 1407 1100 post
1420 1039 1480 1100 sy-

250 1111 361 1176 nodum
382 1109 540 1170 Nioaenam
561 1106 710 1170 Erolesiee
730 1105 851 1168 Petrum
879 1104 1058 1168 testimoniis
1088 1104 1219 1166 ostendit
1244 1104 1311 1166 illos
1342 1104 1480 1184 apertis-

250 1195 325 1258 sime
347 1193 542 1256 declaratione
562 1192 669 1254 Filium
690 1190 754 1264 Dei,
777 1189 893 1252 tametsi
916 1189 1013 1252 divina
1035 1189 1110 1260 eius,
1138 1188 1215 1251 sicut
1236 1189 1344 1262 Patris,
1367 1199 1480 1251 natura

249 1277 342 1340 videri
370 1285 507 1357 nequest,
536 1276 572 1338 ab
599 1273 773 1356 patiiarolris
800 1274 994 1336 nihilominus
1025 1281 1054 1334 et
1081 1273 1258 1352 prophetis,
1289 1282 1358 1336 ante
1385 1293 1481 1352 msam

251 1363 341 1424 homo
363 1362 457 1434 lieret,
480 1361 574 1423 aliena
596 1358 824 1440 aspectabilique
840 1358 938 1437 speeie
954 1358 1051 1420 visum
1066 1366 1153 1436 atque
1164 1365 1358 1436 conspectum
1380 1357 1481 1432 (idem

250 1446 322 1510 ibid.
343 1446 395 1508 lib.
416 1445 467 1508 lll.
490 1463 553 1524 cap.
576 1447 606 1508 2.
629 1448 659 1520 d.
685 1447 734 1508 tu.
757 1451 787 1504 et
809 1447 913 1521 sequ).
958 1442 1034 1515 Quid
1056 1439 1152 1504 verni
1174 1443 1254 1520 quod
1276 1441 1333 1519 ipsi
1354 1441 1481 1506 Petavio

251 1539 363 1594 certum
385 1549 452 1592 esse
475 1529 589 1591 videtur
609 1547 670 1590 non
692 1527 781 1590 modo
803 1526 918 1600 Filium,
941 1527 995 1588 sed
1015 1526 1134 1588 Patrem
1157 1526 1245 1588 etiam
1265 1545 1301 1588 ao
1329 1525 1481 1606 Spiritum

252 1623 384 1678 sanetum
406 1615 581 1693 apparuisse
602 1611 772 1676 hominibus
795 1611 894 1690 speeie
915 1611 1097 1672 extrinsecus
1118 1619 1277 1690 assumpta.
1320 1611 1418 1690 litque
1442 1631 1482 1674 ex

250 1699 287 1762 iis
309 1699 366 1760 rite
387 1698 519 1777 probatis
541 1696 689 1758 concludit
708 1695 857 1758 levissima
880 1713 948 1757 esse
974 1695 1059 1758 duma
1081 1695 1149 1756 inde
1172 1695 1208 1756 ab
1229 1694 1347 1756 Arianis
1370 1705 1481 1758 contra

249 1781 316 1848 Filii
338 1781 517 1844 divinitatem
538 1788 719 1860 argumenta,
740 1799 826 1859 quern
850 1797 936 1842 nemo
959 1797 1020 1841 uon
1041 1786 1219 1841 oontemnet.
1263 1779 1327 1842 Nos
1349 1797 1422 1842 vero
1447 1781 1481 1844 in

252 1867 455 1944 superiorious
478 1865 589 1926 nostris
610 1864 867 1928 dissertationibus
889 1863 1073 1928 ostendimus
1099 1864 1153 1926 has
1168 1863 1300 1926 visiones
1316 1881 1481 1943 supremae

252 1950 316 2016 Filii
339 1949 392 2012 Det
420 1949 564 2011 divinitati
593 1967 776 2028 nequaquam
805 1949 924 2010 oilieere
952 1967 987 2010 ao
1014 1966 1067 2010 our
1094 1947 1143 2010 hie
1173 1947 1274 2027 potius
1296 1967 1386 2027 quam
1410 1950 1480 2011 eius

251 2034 339 2097 Pater
365 2053 432 2096 sese
459 2032 629 2096 homiuibus
655 2033 814 2094 videndum
840 2031 1146 2112 praeberedelouerit
1174 2037 1257 2106 (tom.
1280 2031 1303 2094 Ι.
1332 2033 1478 2112 appu-at

251 2137 282 2200 p.
305 2123 377 2184 404.
400 2119 473 2184 593.
497 2127 527 2180 et
549 2120 621 2184 689.
644 2125 674 2180 et
696 2120 802 2197 sequ).

738 2285 905 2338 attttcuttts
923 2285 982 2336 llll.

250 2391 336 2434 llurnrs
359 2390 482 2434 ostenditur
507 2400 574 2445 quam
590 2389 719 2444 peroptans
736 2388 887 2432 Tenulliauus
911 2389 1063 2434 aeternitatem
1081 2388 1130 2432 lillii
1148 2387 1188 2432 liei
1207 2395 1301 2441 asserat,
1321 2395 1343 2432 et
1361 2391 1477 2434 contraria

252 2465 380 2512 manento
405 2457 524 2508 diluuntur.
548 2457 629 2512 quibus
648 2456 727 2502 oondol
745 2469 813 2512 posse
831 2465 908 2512 putant
925 2457 1084 2502 Tertullianum
1102 2456 1206 2500 docuisse
1225 2463 1275 2499 auto
1293 2457 1401 2500 muudum
1421 2469 1477 2502 oon·

340 2525 406 2568 ditum
425 2525 508 2568 nullom
527 2523 595 2567 titisse
613 2523 661 2568 Filii
680 2523 720 2568 liei
738 2525 891 2576 substantiam,
910 2531 931 2568 at
947 2525 1069 2580 perlectam
1086 2525 1157 2568 tuisse
1176 2523 1225 2566 aius
1244 2523 1379 2568 densitatem

603 2603 653 2635 cum
671 2591 732 2636 Deus
750 2591 854 2635 mundum
873 2603 951 2635 oreore
969 2592 1059 2636 molitus
1077 2597 1118 2635 est.

334 2704 485 2784 Expositis
506 2714 536 2768 et
556 2723 648 2784 aequa
670 2704 752 2768 ianoe
773 2705 945 2784 ponderatis
968 2705 1006 2768 iis
1027 2705 1176 2768 rationum
1190 2705 1349 2768 momentis
1364 2705 1477 2786 quibus

251 2790 451 2854 Tertullianus
479 2789 603 2852 eaodem
623 2788 719 2852 Patris
741 2809 775 2852 ao
795 2789 861 2852 Filii
883 2790 1079 2852 substantiam
1099 2809 1161 2852 uon
1182 2790 1341 2870 agnovisse
1361 2807 1476 2870 perpe-

249 2894 313 2940 ram
340 2874 483 2953 arguitur,
512 2874 549 2936 ad
577 2893 612 2936 ea
640 2874 699 2936 iam
726 2874 877 2938 veniamus
906 2874 1012 2953 quihus
1042 2874 1139 2936 aerius
1167 2873 1263 2936 adhue
1284 2874 1477 2938 insimulatur

249 2960 382 3022 eiusdem
410 2959 476 3021 Filii
504 2957 556 3021 Dei
588 2958 741 3038 negavisse
769 2959 983 3022 aeternitatem.
1038 2958 1071 3020 Si
1104 2976 1161 3037 qua
1189 2957 1268 3022 enim
1297 2957 1476 3022 doenssirno

248 3043 368 3106 Petavio
395 3043 468 3105 tides
495 3043 638 3116 habenda,
667 3043 697 3106 in
720 3043 778 3104 hoo
806 3041 854 3104 ille
875 3042 1013 3105 Arionem
1034 3042 1170 3105 haeresin
1193 3042 1343 3122 impietate
1364 3052 1395 3106 et
1417 3045 1475 3108 ab·

250 3128 394 3190 surditate
422 3136 542 3206 superat
569 3128 679 3202 (Peter.
701 3127 752 3190 lib.
775 3127 797 3189 l.
821 3127 964 3206 Theolog.
986 3128 1091 3206 Dogm.
1113 3127 1151 3190 de
1173 3127 1278 3218 Tpinit
1301 3145 1365 3206 eap.
1388 3133 1420 3192 5.
1442 3147 1475 3208 p.

249 3213 326 3286 ld).
369 3211 476 3272 Verum
498 3211 523 3272 si
546 3210 611 3289 ipse
626 3211 825 3275 'lerttdliauus
848 3219 938 3286 reete,
961 3210 1003 3274 uti
1025 3211 1161 3285 vidimus.
1183 3211 1307 3274 eandem
1328 3231 1399 3276 esse
1421 3232 1474 3276 es-

250 3293 345 3356 aeruit
358 3293 424 3354 Filii
446 3311 481 3356 ae
494 3294 590 3356 Patris
611 3303 756 3369 naturam,
779 3295 861 3358 ilium
882 3295 1078 3376 prootddubio
1099 3295 1179 3358 Patri
1203 3315 1258 3360 sno
1281 3303 1475 3360 coaeteruum

250 3395 317 3440 esse
348 3395 450 3438 revera
479 3378 666 3440 existimavit
709 3380 919 3460 Unusquisque
944 3388 1059 3453 autem,
1090 3399 1124 3442 ex
1152 3381 1200 3442 his
1228 3399 1303 3459 quae
1324 3399 1417 3460 supra
1440 3401 1476 3444 ae

248 3461 436 3540 potissimum
465 3462 497 3524 in
524 3463 620 3542 primo
648 3463 737 3526 huius
765 3463 869 3543 capitis
897 3464 1020 3530 artioulo
1049 3464 1219 3538 rettulimus,
1249 3465 1475 3544 deprehendere

248 3544 332 3610 iaeile
359 3545 456 3624 potuit
482 3545 553 3608 illud
575 3547 741 3612 muetos
769 3548 838 3610 fidei
866 3549 1075 3612 documentum
1102 3549 1347 3614 manifestissime
1374 3550 1412 3611 ab
1435 3569 1472 3612 eo

248 3630 342 3694 asseri
364 3637 394 3692 et
413 3630 586 3710 praedicari.

334 3715 393 3778 Sed
420 3713 489 3794 quid
517 3715 670 3795 speoiatim
692 3716 729 3777 de
751 3715 828 3780 illius
850 3716 1020 3780 aeternitate
1042 3716 1238 3790 eottstituerit,
1265 3717 1323 3780 iam
1345 3725 1472 3794 attento,

248 3800 275 3862 si
296 3799 387 3872 lubet,
410 3798 508 3862 animo
531 3799 752 3862 consideremus
774 3819 809 3862 ae
829 3805 926 3881 primo
949 3801 1068 3880 quidem
1089 3801 1240 3880 quomodo
1260 3801 1315 3864 net
1338 3805 1472 3865 aeterni-

247 3891 338 3945 tatem
353 3884 487 3946 deliniat:
512 3883 588 3957 Quis
610 3884 701 3958 alius,
724 3885 827 3963 inquit,
850 3885 909 3948 liei
929 3903 1045 3957 emens,
1068 3905 1156 3967 mom
1174 3885 1369 3948 aeternitas?
1393 3887 1491 3961 Quis·

247 3967 327 4032 etin
353 3972 543 4032 aeternitatis
573 3987 694 4040 mens,
730 3988 818 4050 pum
844 3987 963 4050 semper
987 3971 1142 4049 satiasset
1168 3972 1313 4050 [annor
1339 3989 1405 4033 esse
1433 3990 1473 4034 es

243 4057 464 4132 proeropotioo
490 4052 607 4116 nullius
636 4057 731 4127 initii,
760 4053 878 4116 autum
905 4055 977 4134 fineis
1008 4054 1216 4127 (Tonantio.
1240 4054 1305 4116 adv.
1328 4053 1471 4135 llermoss.

248 4151 312 4213 cap.
335 4132 402 4210 aa?
434 4135 478 4198 lbi
499 4145 608 4211 annm,
629 4137 717 4200 siouti
739 4137 832 4212 vides,
865 4156 926 4201 uon
946 4138 1042 4202 solum
1065 4137 1167 4202 delinit
1187 4137 1257 4217 quo
1278 4137 1472 4203 sit‘aeterni-

246 4225 303 4291 tes,
332 4218 385 4280 sed
415 4238 479 4284 eam
505 4221 546 4284 ita
574 4220 631 4284 soli
653 4221 715 4283 Deo
743 4240 813 4284 osse
844 4221 1006 4302 propriam,
1034 4231 1068 4284 ut
1093 4221 1166 4286 nulli
1193 4221 1276 4284 alteri
1298 4232 1471 4304 oompetere

245 4301 352 4382 possit
382 4303 471 4382 Atqui
492 4305 541 4367 ille
562 4323 622 4368 nou
644 4305 744 4369 minus
766 4305 843 4370 clare
865 4314 895 4370 et
915 4306 1081 4386 perspicue,
1102 4305 1145 4370 uti
1166 4315 1256 4386 supr‘a
1271 4307 1471 4382 ostendimus,

246 4385 334 4448 dooet
354 4385 517 4466 probatque
537 4389 644 4452 Filium
666 4390 719 4452 liei
741 4409 810 4454 esse
830 4409 943 4463 venant,
975 4409 1066 4454 unum
1089 4409 1123 4454 ao
1145 4391 1271 4454 eundem
1293 4409 1360 4454 oum
1380 4391 1472 4456 Patre

245 4487 303 4566 suo
323 4469 428 4532 neum.
456 4471 636 4538 Persuasum
657 4493 728 4556 ergo
749 4474 853 4538 habuit
873 4473 996 4538 eandem
1018 4493 1087 4540 esse
1108 4474 1185 4540 illins
1207 4485 1238 4537 et
1250 4473 1348 4540 Patris
1370 4485 1470 4540 aeter-

244 4561 376 4620 tttluiettt.
