3122 5250
476 375 612 420 sacroue
633 375 693 420 nte.
715 375 753 420 aa
775 374 904 448 nouus.
1178 411 1180 424 .
1238 359 1300 426 329

100 523 231 588 Veledam
250 525 408 588 mimum
429 525 538 600 (Valer.
560 525 634 590 blaa.
656 525 707 588 lib.
729 526 780 588 lll.
803 544 870 607 cap.
890 530 922 590 2.-
941 525 1062 589 Exteru.
1084 529 1115 606 5.
1129 529 1184 605 8.),
1207 527 1300 591 alios-
1337 597 1340 604 ,

99 629 148 690 que
166 610 323 672 historicos
347 611 518 690 scriptores.

172 694 228 756 'lot
253 703 350 758 autem
372 713 439 757 cum
459 695 591 757 virorum
612 704 675 758 tum
696 695 852 758 mulierum
874 695 1017 776 exemplis
1039 696 1299 760 recte'Tertullia-
1358 766 1363 776 ,

99 796 146 841 uus
166 779 347 842 demonstrat
361 780 545 862 Christianos
567 778 625 841 sibi
647 779 686 842 ob
709 780 803 842 solam
823 780 998 860 religionem
1018 779 1096 842 illata
1116 780 1153 841 ab
1174 781 1298 844 ethnicis

97 871 182 926 morte
202 865 409 927 lubentissime
430 864 528 926 animo
551 864 758 927 aemulantes
780 865 816 927 ab
837 864 885 926 bis
905 883 1063 956 perperam
1084 865 1248 928 dementiae
1270 875 1301 930 et
1370 906 1376 920 ·

98 948 301 1027 desperationis
328 949 468 1024 accusari.
511 949 585 1011 Nam
613 949 738 1012 summis
766 949 807 1011 illi
828 949 965 1014 laudibus
986 958 1016 1012 et
1036 949 1184 1010 bonorum
1206 951 1299 1012 titulis

21 1059 22 1064 1
97 1051 159 1094 suos
178 1034 319 1096 hacteuus
340 1042 521 1097 memoratos
543 1033 738 1096 mmulabaut
779 1035 817 1094 at
837 1033 925 1114 louge
945 1033 1107 1096 maioribus
1122 1034 1202 1114 digni
1217 1044 1300 1098 eraut

96 1117 237 1180 christiam
258 1126 410 1199 martyres,
433 1118 484 1198 qui
506 1135 567 1180 non
590 1118 716 1181 caducae
738 1135 871 1199 vanaque
884 1119 1037 1181 homiuum
1052 1117 1161 1197 glorim
1176 1127 1297 1198 captan-

96 1200 151 1275 dae,
178 1204 231 1266 sed
260 1212 395 1266 aeternae
422 1203 566 1265 felicitatis
588 1204 802 1282 comparandae
823 1221 909 1266 cansa
942 1202 1100 1265 horrendis
1120 1203 1206 1282 plarm
1229 1221 1298 1266 cru-

94 1285 206 1350 ciatibus
228 1307 262 1350 se
284 1288 482 1351 excarnificari
503 1287 610 1350 mutam
630 1288 717 1368 plane
738 1288 769 1350 in
791 1288 911 1350 modum
931 1287 1126 1367 patiebantur.
1168 1287 1297 1351 Persua-

94 1369 234 1434 tissimum
267 1373 413 1453 siquidem
444 1372 592 1435 habebant
624 1391 657 1434 se
688 1372 827 1452 martyrio
855 1373 1064 1452 sempiternam
1090 1371 1300 1436 beatitudiuem

21 1503 22 1516 ,
93 1465 304 1520 consecuturos.
350 1458 409 1520 Sed
430 1457 460 1520 id
482 1477 498 1520 a
520 1456 607 1520 nobis
628 1457 716 1538 paulo
738 1457 893 1520 enodatius
916 1457 1120 1538 explicandum
1141 1465 1197 1519 est

583 1695 749 1746 surrectus
768 1693 804 1744 ll'.

94 1795 154 1846 Quam
169 1798 290 1854 perspicue
308 1797 458 1842 Tertullianus
477 1797 556 1842 doceat
573 1797 698 1852 martyrium
716 1809 767 1841 esse
785 1797 908 1842 secuudum
924 1796 1039 1852 baptisma,
1057 1807 1101 1852 quo
1119 1805 1163 1843 tots
1175 1797 1216 1842 Dei
1230 1797 1301 1854 mado

21 1909 22 1924 ,
135 1865 254 1920 redimitur,
272 1873 365 1922 peccata
383 1865 455 1909 omnis
473 1865 612 1909 remittuntur
627 1877 653 1908 sc
670 1865 778 1920 praelium
797 1876 823 1908 ex
840 1876 883 1919 quo
900 1865 995 1908 alatores
1013 1864 1126 1909 chdsdaui
1143 1866 1239 1922 palmata

327 1939 388 1976 reste
407 1931 476 1976 ornati
495 1939 517 1976 et
534 1931 657 1988 triumphali
675 1944 740 1976 curro
758 1932 781 1975 iu
798 1932 924 1988 paradisum
941 1933 1057 1976 rabuntur.

21 2091 23 2116 t
165 2047 290 2110 aalma
310 2050 455 2128 prolecto,
479 2047 565 2110 sicuti
586 2047 712 2110 vidimus
735 2055 765 2109 et
786 2047 865 2109 omni
887 2047 973 2109 laude
987 2047 1081 2110 maior
1095 2048 1150 2110 luit
1162 2047 1298 2108 invictis-

21 2119 23 2152 *
94 2130 158 2194 sima
178 2142 341 2213 martyrum
362 2132 514 2206 tortitudo,
536 2151 593 2210 qua
614 2141 762 2211 acceptam
784 2131 932 2194 aChristo
954 2131 1126 2212 religionem
1149 2150 1205 2193 suo
1227 2151 1299 2194 sau-

21 2223 23 2310 q
94 2216 180 2292 utine,
203 2227 344 2297 tauquam
364 2216 482 2298 publico
505 2216 610 2296 sigillo,
634 2217 836 2296 obsignarunt.
862 2217 901 2276 At
921 2236 957 2278 eo
980 2235 1051 2278 saue
1065 2216 1204 2278 libentius
1218 2216 1301 2278 illum

21 2317 22 2338 ³
92 2301 289 2377 profuderunt,
311 2321 369 2382 quo
392 2302 501 2364 certius
524 2310 666 2364 noverant
687 2303 752 2363 lore
775 2309 809 2362 ut
822 2301 961 2381 martyrio
976 2320 1095 2363 omnem
1108 2300 1163 2362 llei
1177 2301 1301 2382 gratiam

94 2386 276 2466 omniumque
303 2387 418 2448 veniam
438 2394 624 2466 peccatorum
647 2385 890 2466 adipiscerentur.
935 2385 992 2446 Gur
1014 2386 1093 2448 enim
1115 2386 1300 2448 Christianus

93 2473 142 2530 tam
161 2472 304 2534 ardenter
324 2470 494 2550 martyrium
516 2469 658 2549 optabat?
700 2471 737 2532 Ut
758 2489 805 2543 eo,
827 2470 923 2550 inquit
943 2470 1151 2543 Tertullianus,
1174 2471 1234 2534 Det*
1253 2482 1302 2532 to-

21 2583 22 2618 t
93 2563 145 2616 tam
162 2561 300 2638 protelem
321 2557 458 2630 rediaaat,
480 2567 515 2618 at
536 2573 651 2618 omnem
672 2559 788 2618 ondam
809 2555 845 2617 ab
868 2573 902 2618 ee
927 2559 1164 2636 compensatione
1178 2559 1303 2635 samgar·-

21 2671 22 2700 t
92 2643 132 2700 ais
152 2646 202 2704 sai
228 2641 372 2720 eapeds‘at
399 2639 581 2714 (Tertullian.
602 2639 755 2719 dpologet.
779 2657 842 2718 cap.
865 2643 939 2716 50.).
983 2639 1137 2700 dadonem
1159 2639 1185 2699 si
1207 2657 1301 2718 expo·

21 2799 22 2802 Ἴ
92 2725 188 2800 stulos,
217 2725 321 2788 statim
342 2723 548 2804 respondebit:
578 2724 685 2785 Omnia
707 2728 785 2785 enan
807 2723 875 2785 buis
897 2727 985 2802 operi
1004 2724 1112 2786 delicta
1134 2725 1300 2786 donanter.

21 2851 24 2882 a
93 2807 147 2869 tto
174 2821 277 2873 autem
304 2809 335 2870 in
362 2809 439 2871 libro
467 2808 554 2870 docet
580 2807 651 2870 illud
673 2808 834 2870 secundum
855 2825 924 2868 esse
945 2805 1100 2886 baptisma,
1128 2825 1188 2886 quo
1210 2807 1302 2886 gratia

93 2889 138 2954 llei
157 2895 287 2958 donatur
307 2894 464 2972 omniaque
484 2899 602 2972 peccata
624 2899 691 2953 ante
712 2891 943 2953 sacratissimum
965 2891 1036 2952 illud
1050 2909 1142 2970 aquae
1157 2891 1303 2952 lavacrum

21 3027 23 3050 ,
94 2980 248 3042 ammissa
269 2978 356 3059 plane
376 2977 552 3059 penitusque
573 2976 771 3038 remittuntur.
802 2974 861 3036 Sed
878 2976 987 3054 ipsum,
1009 2975 1034 3036 si
1049 2975 1153 3054 placet,
1175 2975 1303 3054 loquen-

94 3067 145 3124 tem
171 3065 272 3127 adbuc
297 3063 464 3126 audiamus:
501 3061 556 3122 list
582 3063 696 3142 qm'dem
723 3063 809 3123 modu
836 3065 926 3122 etiam
953 3060 1116 3122 secandam
1138 3060 1303 3134 lavacrum,

95 3164 180 3211 sasas
201 3161 232 3213 et
257 3153 364 3229 ipsam,
388 3151 544 3226 sangoinis
567 3145 689 3221 scilieet,
711 3145 769 3207 boc
790 3151 836 3206 est
856 3143 995 3224 martyrii,
1018 3145 1053 3206 de
1067 3163 1125 3225 quo
1138 3145 1304 3208 Dominus:

95 3228 195 3308 Habeo,
225 3237 336 3315 taqua,
367 3232 513 3312 baptismo
543 3234 648 3309 tingui,
677 3248 744 3292 cum
770 3233 831 3291 iam
859 3234 969 3292 tinetas
999 3230 1109 3309 saisost
1138 3271 1306 3293 ......

96 3314 150 3379 llos
171 3321 252 3382 duos
276 3319 438 3398 baptismos
461 3316 495 3377 de
515 3315 641 3377 uralaera
659 3316 798 3396 perfossi
818 3314 923 3378 lateris
946 3317 1051 3386 emisit,
1076 3325 1223 3394 quotenus
1255 3318 1309 3395 qas'

96 3403 324 3484 msanpas'aem
351 3405 414 3463 eins
444 3401 601 3463 crederent
627 3417 705 3480 aqna
734 3399 923 3472 lavarentur,
961 3402 1015 3480 qui
1051 3416 1129 3479 opta
1158 3399 1306 3462 taotssest

98 3489 175 3549 etiam
203 3490 384 3567 sanquinem
402 3495 558 3564 potarem.
602 3483 659 3547 llic
681 3495 726 3546 est
747 3485 912 3564 baptismus
943 3486 996 3564 qui
1017 3483 1173 3546 muneram
1194 3495 1223 3547 et
1243 3501 1307 3545 non

97 3568 926 3733 ttt‘ttltt'tttt‘tltttttttttltdtt
946 3567 996 3715 ll·
1010 3567 1305 3731 ttttltttmtt

99 3740 208 3803 uadum
231 3761 250 3802 a
271 3739 417 3819 discipulo
439 3737 503 3799 eius
519 3738 675 3818 Cypriane,
698 3738 748 3816 qui
769 3745 921 3816 praeterea
942 3736 1085 3798 maiorem
1109 3736 1197 3797 buius
1219 3751 1308 3813 quam

99 3823 197 3899 prioris
218 3824 359 3905 baptismi
381 3823 503 3902 gratiam
525 3822 571 3884 bis
593 3821 691 3884 verbis
712 3821 807 3901 palam
826 3821 990 3901 praedicat:
1013 3821 1148 3882 Primum
1163 3821 1309 3898 baptismo

102 3911 281 3974 medentibus
305 3910 446 3980 dedimus,
469 3909 508 3969 ad
529 3907 614 3970 aliud
635 3925 749 3988 quoqne
762 3905 897 3986 singulos
908 3923 1129 3986 praeparemus
1145 3907 1308 3965 instrenuu-

102 3999 137 4054 tes
157 4005 186 4058 et
207 3997 349 4059 docentes
371 3993 426 4056 boc
448 4010 512 4054 esse
532 3992 681 4072 baptisma
702 3997 734 4052 itt
753 3994 854 4070 qratia
874 3993 981 4062 maius,
1004 3994 1036 4052 in
1047 3997 1195 4068 potestate
1211 3986 1309 4049 aebli-

102 4081 178 4155 uias,
200 4085 234 4142 ia
258 4079 372 4142 bonore
380 4080 557 4158 pretiosius,
581 4077 728 4157 baptisma
741 4079 774 4138 ta
788 4094 846 4156 qao
862 4074 961 4153 angeli
974 4074 1139 4153 baptizant,
1162 4072 1309 4152 baptisma

103 4161 203 4243 t'tquo
232 4163 315 4226 Deus
343 4173 372 4225 ct
400 4162 539 4224 Gbristus
567 4166 631 4223 elas
660 4158 814 4230 ccultant,
842 4159 998 4242 baptisma,
1015 4166 1087 4237 post
1116 4157 1194 4237 qaod
1221 4173 1308 4220 mmo

103 4245 275 4328 ismpeecat,
298 4249 443 4328 baptismo
455 4246 942 4328 qaodfides'nostraeiacremesta
954 4252 1145 4320 consummant,
1162 4241 1310 4322 baptisma

105 4333 172 4407 qaod
191 4352 250 4396 nes
272 4334 307 4396 de
327 4333 439 4394 mando
461 4332 632 4394 recedentes
646 4333 748 4392 statim
762 4328 824 4391 Deo
842 4327 971 4408 copulat.
1000 4326 1039 4387 ln
1053 4343 1147 4407 aqaue
1162 4326 1309 4406 baptismo

105 4421 247 4496 neptem
263 4427 457 4498 peccatoram
477 4420 626 4486 remissio,
648 4419 681 4477 ἐκ
702 4417 857 4493 sangast'm's
873 4429 986 4474 corona
998 4413 1147 4474 uirtutum
1161 4410 1309 4490 (Cypriam.

108 4493 303 4586 phaores
323 4503 441 4581 llartpr.
464 4521 493 4581 p.
518 4503 579 4565 toa
601 4507 632 4562 et
652 4504 757 4578 seqq).
798 4496 920 4558 Brevius
941 4513 1011 4557 roro
1033 4493 1116 4557 alibi:
1151 4495 1308 4576 Numquid,

110 4585 407 4668 aquamanus
438 4588 579 4668 baptismi
605 4603 667 4648 esse
693 4588 793 4648 motor
822 4591 877 4644 aot
900 4585 1006 4661 potior
1033 4599 1122 4663 qaam
1150 4580 1310 4661 consueto,
