3132 5238
239 358 278 420 12
564 333 608 420 au
633 371 716 412 scor.
739 369 824 412 raon.
848 367 1042 410 ranunculus
1063 367 1129 409 urs

233 523 315 604 phua
327 534 355 584 et
366 531 495 602 martpr,
518 518 669 582 Miltiades
681 519 874 582 eeclesiarum
888 518 1033 597 eophr'ata,
1057 527 1087 579 et
1100 515 1245 578 lrenoeas
1256 521 1388 580 ornatam
1399 519 1458 580 da-
1563 595 1564 598 Ἴ

238 611 410 670 striatarum
423 603 847 683 auriasien'muaenploratar.
869 602 985 675 Quibus
994 599 1134 662 omnibus
1146 599 1315 662 evolvendis
1337 609 1366 662 et
1387 609 1457 664 ante

238 699 268 754 et
290 699 359 770 past
387 690 473 751 tidem
496 695 660 766 susceptam
683 688 782 767 ipsum
802 686 999 760 allaborasse,
1029 686 1074 748 rel
1097 703 1132 746 ex
1153 683 1343 763 hpolngetica
1365 693 1456 763 patet,
1497 697 1499 700 ’

236 775 268 836 in
297 793 355 854 quo
383 772 509 836 subinde
535 772 602 834 ibas
624 772 802 834 adverbum
824 773 885 832 lere
907 771 1047 831 imitatur.
1091 769 1144 830 His
1167 767 1456 831 omnibus-admini-

238 859 311 922 culis
332 859 368 919 ad
391 857 499 919 Christi
520 857 608 918 tidem
629 873 789 918 conversus
812 864 841 916 et
862 855 919 917 iam
941 854 1087 928 initiatus,
1115 871 1205 931 quum
1227 853 1456 931 pentametri·
1553 868 1562 912 .’

237 943 368 1004 alianum
393 942 512 1018 indutus
540 940 638 1017 (sicuti
663 948 748 1002 antea
776 940 863 1001 etiam
885 938 1046 1017 attigimus)
1067 937 1281 998 inconstantiae
1301 945 1457 1000 notaretur
1559 989 1564 1029 ἲ

238 1027 274 1089 ab
296 1027 404 1100 amico,
434 1027 513 1104 quod
535 1045 552 1086 a
574 1035 641 1103 toga
663 1024 819 1086 transisset
849 1024 885 1084 ad
906 1022 1041 1102 pallium,
1070 1021 1235 1082 orationem
1256 1021 1358 1083 hahuit
1380 1022 1454 1082 Car·
1559 1017 1560 1022 ’

238 1111 355 1189 thagine
388 1112 486 1188 (quara
519 1109 563 1170 lle
593 1108 683 1170 Pallio
716 1108 891 1187 inscripsit),
925 1125 982 1186 qua
1015 1115 1043 1168 et
1067 1105 1146 1184 pallii
1172 1112 1356 1178 vetustatem,
1378 1105 1453 1166 sim·
1550 1157 1559 1187 „

236 1194 410 1274 minitatum,
431 1193 615 1266 facilitatem,
641 1192 806 1253 libertatern
827 1193 894 1252 sine
915 1209 999 1264 aura,
1028 1189 1262 1268 philosophicam
1284 1190 1455 1268 grauitatem

237 1287 267 1340 et
286 1278 469 1340 sanctitatem
492 1276 693 1345 commendat.
722 1285 751 1337 et
771 1275 841 1338 vitio
864 1275 919 1336 sihi
943 1274 1008 1336 dari
1028 1290 1089 1336 non
1111 1272 1221 1336 debere
1241 1274 1329 1334 variis
1352 1292 1454 1336 exem·
1557 1269 1564 1348 ᾗ

166 1385 178 1408 r
235 1363 292 1442 plis
316 1363 455 1435 ostendit,
477 1361 558 1440 quad
578 1361 711 1422 habitum
732 1359 861 1422 verterit.
891 1359 956 1431 era
977 1358 1133 1422 armaions
1155 1366 1184 1420 et
1203 1357 1358 1421 libidinum
1376 1359 1455 1421 naria
1546 1358 1554 1427 ,’

235 1461 353 1526 genera
376 1445 483 1524 quibus
505 1453 608 1506 natura
628 1452 774 1516 mutetur,
797 1452 827 1506 et
846 1451 1047 1506 matronarum
1069 1442 1179 1504 cultum
1199 1441 1383 1504 indecentem
1404 1443 1454 1504 ia·
1545 1437 1564 1538 'i

235 1539 373 1603 sectatur,
397 1538 426 1590 et
446 1529 502 1590 lori
523 1529 653 1590 iudicum
677 1537 707 1590 et
726 1528 853 1589 militnm
874 1526 963 1598 vitiis,
986 1537 1048 1588 tam
1070 1525 1222 1588 ambitioni
1237 1535 1267 1587 et
1281 1527 1366 1605 gulae
1382 1546 1454 1590 aau-

235 1625 329 1677 terem
357 1613 456 1691 adigit
498 1612 585 1690 htqni
613 1612 660 1672 his
689 1631 767 1673 coss.
797 1613 863 1672 data
892 1611 1065 1672 constitutio
1087 1610 1187 1672 Severi
1210 1619 1240 1672 et
1259 1611 1398 1673 Antonini
1419 1611 1454 1674 V.
1544 1597 1561 1619 '⁴

234 1698 304 1760 rous
326 1697 460 1769 aaran,
489 1715 563 1774 quas
585 1703 663 1756 exat
683 1695 717 1755 a.
741 1695 806 1756 aa.
828 1698 858 1758 a.
888 1695 973 1756 rom.
996 1695 1018 1756 a
1041 1695 1092 1756 aa.
1115 1694 1148 1767 1,
1171 1694 1278 1788 traina
1300 1696 1455 1758 aomina

235 1790 369 1843 nostram
391 1779 568 1842 sententiam
589 1779 627 1840 de
647 1779 796 1841 Antonino
819 1779 879 1840 lilia
902 1778 1019 1857 imperii
1041 1788 1190 1840 consorte

320 1949 405 2009 hana
425 1945 543 2008 Domini
559 1946 691 2008 CXCVII.
735 1947 766 2007 C.
789 1946 917 2007 [inmitia
939 1946 1048 2007 Darna
1070 1945 1107 2007 ll.
1130 1954 1159 2006 et
1179 1946 1215 2006 L.
1236 1935 1350 2008 Valerio
1371 1948 1453 2010 bles·
1540 1931 1562 2006 'P

236 2034 299 2107 sala
321 2032 452 2093 Thrasea
472 2031 575 2092 Prisca
604 2049 681 2092 coss.
719 2030 750 2092 S.
773 2031 898 2092 Victoris
925 2048 1018 2109 papae
1039 2031 1165 2092 Ronlani
1187 2047 1263 2092 anna
1285 2030 1321 2090 ll.
1345 2039 1374 2090 et
1394 2032 1453 2094 Se·
1533 2019 1556 2061 'l'

236 2118 298 2180 reri
319 2117 367 2180 ll.
390 2114 588 2178 Tertullianus
608 2115 666 2176 iam
688 2115 872 2178 Christianus
901 2113 1007 2192 quibus
1035 2133 1068 2175 se
1095 2113 1335 2193 occupationibus
1357 2122 1454 2176 tanim
1560 2115 1564 2155 l

236 2201 390 2275 dediderit,
412 2200 521 2280 scripta
536 2199 609 2274 elas,
632 2197 795 2277 dequibus
817 2206 929 2276 postea,
951 2198 1018 2278 plus
1040 2199 1112 2260 satis
1133 2217 1189 2260 sna
1211 2198 1384 2260 canlirmant
1405 2206 1453 2262 te·
1537 2206 1553 2285 [ί

236 2285 385 2350 stimania.
414 2285 458 2346 Ex
480 2283 586 2363 umbus
614 2283 751 2362 inprimis
773 2292 889 2344 constat
909 2283 950 2344 ita
970 2291 1119 2344 versatum
1140 2283 1231 2344 luisse
1252 2283 1283 2343 in
1304 2302 1455 2348 sacrarum
1532 2294 1564 2364 ,⁴¹2

236 2371 361 2434 lectione
387 2369 566 2441 litterarum,
594 2368 634 2430 ita
661 2367 821 2428 memoriae
848 2368 946 2428 omnia
968 2376 998 2428 et
1018 2367 1132 2445 singula
1154 2367 1366 2446 scripturarum
1387 2368 1454 2430 loon

235 2454 474 2526 commendasse,
502 2461 536 2513 ut
563 2453 609 2514 vel
637 2452 720 2538 unica
742 2452 865 2530 periodo
887 2451 1013 2512 subinde
1035 2451 1185 2530 complura
1206 2451 1376 2531 complexus
1397 2453 1454 2528 ait3

237 2539 324 2600 sicuti
345 2557 381 2599 ex
402 2537 612 2614 scripurarum
632 2537 727 2596 indice
749 2545 863 2607 nostro,
896 2535 1050 2598 collatione
1072 2554 1139 2598 cum
1152 2535 1281 2598 Auctore
1301 2538 1385 2609 teuc,
1407 2537 1453 2597 ia·
1534 2533 1564 2572 l*

237 2623 292 2684 alle
314 2630 359 2684 est
380 2620 611 2698 deprehendere.
648 2620 680 2680 la
702 2620 760 2683 illis
782 2628 880 2681 antem
902 2619 1028 2682 citandis
1050 2620 1208 2682 editionem
1231 2620 1364 2698 seqnitur
1385 2619 1454 2682 uhi·
1523 2611 1564 2676 a,

237 2706 388 2784 quetxx.
411 2699 535 2782 lnte'rpr.
551 2705 630 2782 quad
645 2705 680 2766 ad
688 2705 779 2766 Vetus
793 2704 1024 2767 lustramentum
1038 2704 1150 2776 attinet,
1159 2705 1237 2782 quod
1250 2723 1309 2784 per
1323 2704 1456 2766 Esdram
1521 2701 1527 2729 ²'

237 2791 293 2862 (rel
315 2791 380 2868 ipso
403 2795 489 2864 teste)
514 2800 632 2850 constat
655 2799 863 2852 restauratum
885 2788 939 2860 (De
953 2788 1107 2850 Habblul.
1120 2807 1144 2849 a.
1159 2790 1189 2852 3.
1210 2788 1454 2866 bpolog.c.18.),

236 2876 324 2953 idque
345 2892 405 2935 non
429 2873 460 2934 in
479 2872 678 2934 Pentateucho
700 2873 792 2952 illapsi
814 2873 953 2934 duntaxat
973 2872 1097 2951 aliisque
1119 2871 1201 2932 libris
1217 2872 1377 2944 historicis,
1400 2873 1455 2934 sed
1517 2871 1533 2924 l

236 2959 317 3021 etin
339 2957 550 3037 prophetarum
571 2957 733 3018 vaticiniis:
765 2957 849 3029 Quas
871 2961 950 3018 enim
969 2957 1088 3034 (inquit)
1111 2957 1239 3018 amnuo
1257 2957 1455 3034 praedicata·
1519 2955 1541 3009 aa

186 3045 190 3051 ’
237 3063 300 3114 res,
327 3042 494 3122 prophetoe
516 3043 551 3104 de
574 3041 676 3120 afficio
694 3041 864 3120 praefandi
882 3042 1035 3102 dicuntur.
1083 3039 1170 3102 laces
1191 3055 1304 3108 eoram,
1325 3043 1452 3120 itemque
1513 3035 1563 3102 ‘di

238 3131 382 3196 virtutes,
410 3143 485 3202 puae
513 3126 552 3186 ad
578 3125 667 3204 fidem
695 3126 861 3194 divinitatio
884 3125 1020 3196 edebant,
1048 3129 1082 3186 in
1105 3125 1256 3186 thesauris
1278 3123 1454 3188 litterarum
1510 3119 1564 3197 bh

237 3220 366 3281 martem,
379 3207 723 3272 nectaraenunclatent.
753 3207 1333 3289 Ptolernaearumeruditiasrmoe(paena
1349 3207 1454 3268 Phila-
1516 3215 1564 3280 attii,

238 3293 378 3373 delphum
399 3295 662 3371 supernominant)
683 3302 712 3352 et
727 3295 823 3353 omnis
835 3291 1029 3354 litteraturae
1040 3297 1261 3371 sapauaaimas,
1285 3310 1374 3371 quam
1385 3303 1455 3354 stu-
1510 3300 1564 3372 tp,

238 3379 286 3440 dia
309 3375 555 3438 bibliothecarum
569 3373 765 3438 Pisistratum
786 3375 836 3455 (ut
851 3373 972 3455 opinor)
991 3377 1214 3448 aemularetur,
1239 3379 1319 3438 inter
1334 3385 1458 3439 caetera
1505 3376 1564 3457 hu,

237 3463 465 3530 memarimnm,
498 3459 604 3539 quihus
632 3468 686 3520 ant
713 3470 847 3524 uetustae
880 3470 934 3522 aut
967 3465 1129 3524 carr'ositos
1157 3459 1258 3540 aliqua
1279 3460 1318 3520 ad
1337 3460 1457 3536 somam
1509 3463 1564 3540 lui,

235 3543 505 3625 patrocinabatur,
534 3554 563 3604 et
588 3555 729 3621 suppestu
759 3544 906 3606 Demetrii
925 3544 1068 3606 Phalerei
1092 3547 1357 3622 pramncoticornm
1380 3552 1457 3608 tuna
1504 3545 1564 3629 lla„

235 3629 459 3711 probatissimi,
484 3630 534 3688 eui
549 3629 780 3706 praefecturam
800 3629 1010 3700 mandaverat,
1039 3629 1134 3690 libros
1157 3648 1176 3689 a
1199 3628 1317 3692 ludaeis
1340 3645 1459 3708 auoque
1501 3639 1553 3709 ti,

234 3713 414 3794 portulaca,
428 3715 573 3790 propriae
585 3710 696 3776 scilicet
706 3713 982 3792 atqueoeruaaalae
999 3717 1180 3792 scripturas,
1198 3731 1272 3794 qaas
1287 3711 1348 3774 eali
1362 3711 1457 3774 lrabe-
1507 3725 1554 3792 up,

238 3799 320 3862 bant.
350 3795 398 3860 Hor
419 3797 493 3874 epeia
516 3797 593 3856 enim
614 3805 642 3855 et
662 3795 702 3858 ad
722 3800 805 3874 ipsae
827 3815 943 3874 semper
955 3797 1123 3876 prophetae
1134 3803 1370 3875 peroraverant,
1393 3800 1458 3858 sai-
1506 3807 1533 3866 bo
1546 3788 1564 3889 ,ᾗ

239 3882 306 3945 licet
334 3882 372 3942 ad
398 3880 588 3942 demetitum
609 3877 665 3938 Der·
688 3889 810 3957 pentem⁴
829 3898 868 3940 etc
894 3891 1020 3958 patrum
1044 3885 1156 3960 pratia.
1199 3878 1331 3942 Hebraei
1356 3890 1456 3949 retro.
1496 3887 1538 3958 lai,
1552 3909 1564 3976 h

238 3967 291 4045 pur·
309 3983 391 4062 nana
411 3963 526 4026 ludaei.
570 3961 670 4041 lpitar
691 3973 719 4026 et
741 3963 860 4026 litterae
887 3963 1040 4026 Hebraeae
1072 3975 1101 4026 et
1131 3963 1292 4042 elopuimro.
1311 3957 1319 3963 “
1335 3961 1394 4024 Sed
1416 3982 1457 4024 ue
1495 3969 1561 4058 ²th

238 4051 346 4110 notitia
371 4058 508 4146 pacaret,
542 4045 605 4146 hac·
623 4031 980 4148 paapueUPtalepmaan
1006 4048 1127 4112 ludaeis
1160 4047 1366 4126 subscriptum
1397 4058 1457 4118 est,
1494 4059 1516 4114 ’a
1540 4080 1564 4146 pt

238 4139 429 4210 reptuapmta
450 4132 564 4194 duabus
593 4131 808 4209 interpretibus
840 4131 981 4202 indultas,
1010 4151 1084 4213 qaas
1118 4130 1305 4194 Menedemus
1339 4148 1459 4210 quaque
1500 4153 1560 4232 appii

235 4212 451 4295 philosophus,
470 4215 680 4292 prouidentiae
701 4216 813 4278 vindam
835 4215 869 4278 da
890 4221 1056 4278 sententiae
1078 4220 1283 4278 communione
1304 4219 1459 4292 carpenta.
1490 4228 1543 4324 aq,

238 4297 414 4378 affirmauit
426 4296 587 4366 mercatu
598 4298 861 4364 etiarnilristaeas.
890 4298 939 4360 lto
956 4303 990 4363 in
1005 4299 1152 4362 Graecam
1165 4300 1279 4378 septam
1293 4316 1332 4360 en
1345 4309 1459 4377 aperta
1490 4318 1514 4374 a,
1540 4272 1564 4399 ζμ

237 4390 431 4446 monumenta
467 4379 599 4460 reliquit.
650 4380 747 4452 Hodie
773 4384 856 4462 apud
881 4381 1047 4463 Serapeum
1071 4383 1237 4449 Ptolemaei
1261 4381 1461 4446 bibliothecae
1487 4369 1564 4489 cml

239 4485 305 4530 aum
325 4468 399 4545 ipsit
420 4462 576 4528 Hebraicis
597 4464 710 4530 litteris
729 4466 921 4530 mittentur.
965 4466 1048 4539 Quae
1074 4468 1161 4546 paulo
1183 4465 1328 4544 prolixias
1349 4464 1458 4528 citavi-
1485 4479 1536 4579 apg

238 4569 315 4626 mus,
336 4549 477 4614 adversos
500 4565 552 4610 ⁰0⁵
566 4548 617 4628 qn
630 4550 833 4616 sonoritatem
846 4549 935 4616 LXX.
957 4551 1083 4632 interpr.
1098 4551 1212 4648 clepere
1225 4567 1287 4612 nan
1303 4557 1458 4614 amantur.
1485 4527 1564 4670 baffi,

1483 4649 1495 4702 ι.
1549 4653 1555 4660 .
