3036 5230
275 407 280 415 .
304 367 366 430 τοι)
520 377 715 422 nrsssnrsrro
737 376 776 420 ns
797 375 1003 422 nmrnmnrro
1025 379 1065 422 ar
1086 379 1152 423 aros
1175 379 1306 424 scensas

202 568 205 576 ,
306 548 376 594 eum
394 533 495 598 uatum
516 545 585 588 esse
605 526 692 606 ponit
712 524 790 587 circa
810 543 837 587 a.
853 525 960 588 CXCV.
981 525 1026 588 rel
1041 525 1116 603 CL.;
1137 545 1315 590 conversum
1332 528 1363 590 ad
1376 527 1451 590 mco

305 629 374 677 nam
388 613 477 674 fidem
491 630 516 674 c.
533 609 713 685 chxxv.;
727 609 947 672 matrimonium
961 609 1068 674 iniisse
1088 631 1113 673 c
1129 611 1321 686 clxxxvi,
1339 613 1451 674 nortun

305 697 479 761 clericorum
494 695 657 756 admissum
678 714 705 755 c.
720 693 847 768 uxum
868 693 1000 756 Montani
1014 695 1172 776 opiniones
1188 715 1262 757 suas
1277 697 1373 758 lesisse
1383 716 1401 756 s
1411 697 1462 758 uu}

304 789 454 844 mortuum
477 797 592 842 esse-c.
615 777 740 851 cuttu:
773 791 875 838 verum
897 779 1091 842 haecomnia
1112 779 1203 842 meris
1225 780 1388 842 coniecturis
1402 783 1452 839 nus

304 871 363 928 tur.
406 863 583 944 liodgsonus
604 863 668 924 eius
690 861 727 923 ad
743 861 1001 924 Christianismum
1016 863 1243 926 conversionem
1258 865 1339 945 ponit
1350 884 1371 925 a
1383 863 1451 925 tutu

303 957 446 1032 putatque
468 966 535 1010 eum
555 946 634 1008 haud
655 945 744 1008 dubie
763 947 972 1008 Montanistam
993 948 1087 1010 luisse
1108 965 1134 1009 a.
1158 947 1230 1009 ccl.

389 1033 424 1094 ln
446 1030 619 1093 Tertulliani
640 1030 698 1091 rita
720 1049 810 1109 quum
832 1049 882 1091 res
903 1032 1029 1093 maxime
1042 1027 1255 1094 'memorabilis
1278 1033 1347 1093 haec
1363 1032 1402 1102 sit,
1418 1044 1452 1108 ps

304 1116 437 1180 Montani
459 1133 578 1178 errores
601 1121 722 1177 secutus
745 1114 794 1188 sit,
817 1133 941 1178 necesse
962 1115 1019 1176 erit
1033 1116 1070 1177 de
1084 1116 1143 1178 hoc
1156 1115 1453 1194 llaeresiarchaquelo

305 1201 433 1263 badere.
476 1199 560 1278 spurt
574 1197 754 1260 Eusebiumr
773 1199 904 1260 namatio
919 1206 1000 1262 extat
1015 1198 1144 1261 auctoris
1159 1201 1309 1280 anonymi,
1331 1198 1453 1278 questas

259 1283 261 1294 '
287 1283 398 1347 'nerus
426 1291 457 1346 et
482 1283 531 1345 alii
558 1283 707 1344 Asterium
729 1282 880 1344 Urbanum
908 1302 978 1345 esse
1006 1283 1184 1357 maliciam,
1212 1303 1303 1364 quam
1330 1283 1453 1378 mmdcnp

305 1370 354 1432 ille
382 1367 504 1448 scripsit
531 1367 672 1428 tredecim
700 1369 762 1429 lere
789 1367 875 1429 annis
903 1375 1126 1448 postmortem
1152 1367 1342 1441 Maximinus,
1370 1367 1453 1426 adesa

305 1451 504 1534 prophetissis
525 1451 695 1513 Montanum
723 1450 943 1512 comitantibus.
986 1451 1030 1512 Ex
1056 1451 1111 1513 hae
1138 1453 1311 1514 narratione
1331 1451 1453 1528 comperire

306 1555 374 1598 aum
396 1535 549 1608 Ardabari,
571 1552 646 1615 pago
669 1535 797 1614 quodam
818 1535 850 1595 in
872 1553 906 1596 ea
927 1535 1036 1615 Mysiae
1057 1543 1142 1614 parte
1163 1553 1240 1615 quae
1263 1536 1454 1597 conterminare

305 1621 458 1700 Phrygiae,
481 1617 619 1699 coepisse
640 1619 820 1699 prophetare
841 1628 903 1680 tum
926 1637 1017 1698 quum
1039 1619 1145 1680 Gratus
1167 1619 1332 1699 proconsrd
1352 1617 1453 1679 erattss

307 1723 374 1768 eum
401 1704 511 1765 multus
544 1703 681 1764 homines
717 1703 854 1764 inductos
890 1721 958 1765 esse
992 1705 1028 1765 ad
1070 1703 1250 1766 credendum
1289 1717 1352 1764 cum
1380 1701 1454 1760 diona

306 1805 375 1852 esse
396 1787 585 1867 inspiratum,
609 1795 670 1848 turn
692 1786 851 1866 inprimis
873 1788 947 1848 duas
969 1787 1126 1870 mulieres,
1149 1787 1336 1850 Maximillam
1355 1793 1379 1847 et
1393 1781 1454 1845 llisd

232 1871 236 1880 '
305 1873 364 1934 lam
393 1871 456 1932 sive
476 1871 624 1943 Priscam,
654 1889 729 1950 quae
758 1879 788 1932 et
815 1871 898 1950 ipsae
926 1871 1046 1933 easdem
1073 1871 1220 1933 divinandi
1245 1871 1385 1934 facultates
1400 1867 1453 1928 sele

305 1957 378 2018 bere
405 1955 593 2028 simularent3
621 1955 725 2016 harum
754 1953 950 2028 simulationis
978 1957 1110 2018 fraudem
1132 1975 1200 2018 esse
1225 1957 1388 2036 patefactam
1403 1951 1454 2010 stt

307 2040 432 2104 utrinam
459 2038 700 2113 condemnatam
727 2038 869 2118 ipsasque
898 2040 1164 2101 excommunicatas
1192 2059 1209 2101 a
1237 2040 1329 2101 aeriis
1349 2035 1453 2118 Synodir

306 2124 375 2186 Asia
408 2123 526 2185 habitis.
584 2122 667 2184 ldem
699 2131 804 2184 auctor
835 2141 999 2202 anonymus
1031 2124 1129 2198 addit,
1169 2125 1340 2186 Montanum
1368 2119 1452 2182 clo

307 2207 419 2270 millam
451 2207 614 2285 suspendio
647 2205 735 2268 vitam
771 2206 894 2281 finisse3
928 2207 1117 2269 Theodotum
1152 2227 1239 2282 vero,
1275 2206 1323 2286 qui
1353 2214 1401 2266 crat
1421 2203 1452 2260 itt

307 2289 421 2371 primos
444 2289 523 2350 illius
545 2304 651 2351 causae
679 2293 843 2370 patronos,'
862 2291 894 2352 iu¹
915 2295 1015 2360 aerem
1037 2292 1184 2354 sublatum
1206 2292 1237 2352 in
1261 2293 1352 2352 husts
1370 2287 1453 2348 diost·

308 2391 378 2437 esse
405 2391 422 2434 a
444 2371 555 2451 Spiritu
583 2373 732 2448 salsitatis,
760 2375 807 2436 cui
835 2393 869 2435 sc
891 2375 957 2454 ipse
979 2377 1178 2437 commisisset
1199 2393 1327 2456 sperans
1354 2375 1379 2435 in
1400 2367 1453 2430 uel!

308 2457 475 2522 seductum
505 2457 551 2519 iri.
603 2457 777 2536 Quanquam
808 2465 912 2520 auctor
943 2478 977 2520 se
1008 2459 1113 2521 harum
1134 2459 1354 2521 historiolarum
1371 2455 1453 2516 radah

307 2550 460 2624 praestare
482 2549 578 2621 negat
995 2589 999 2601 .

393 2626 471 2687 Satis
498 2644 602 2704 magna
624 2624 776 2705 opinionis
798 2625 994 2706 discrepantia
1014 2635 1062 2689 cet
1082 2628 1119 2689 dc
1142 2637 1280 2708 tempore
1300 2619 1410 2689 acerris
1422 2617 1453 2679 dd

182 2711 186 2722 '
308 2710 433 2784 niendo,
462 2729 521 2788 quo
543 2710 699 2771 Montanus
727 2710 906 2790 prophetare
934 2711 1075 2791 coeperit
1123 2711 1226 2774 Annus
1256 2712 1367 2792 quidem
1387 2717 1455 2786 proto

309 2795 384 2858 sulis
408 2794 489 2855 Grati
515 2811 577 2854 non
608 2793 719 2876 diserte
745 2794 887 2867 traditur,
916 2793 1064 2857 Eusebius
1093 2805 1191 2858 umen
1218 2813 1342 2858 nar-ram
1360 2794 1389 2854 de
1403 2803 1454 2880 W

309 2880 445 2950 cutione,
478 2895 565 2957 quam
592 2885 736 2958 martyres
762 2877 979 2956 Lugdunenses
1010 2888 1040 2940 et
1065 2879 1251 2942 Viennenses
1279 2880 1395 2946 subiere,
1417 2872 1455 2929 dd*

308 2971 380 3024 tuuc
406 2963 578 3024 Montanum
612 2962 736 3040 eiusque
768 2962 892 3024 comites
925 2971 959 3024 ut
988 2963 1147 3043 prophetas
1176 2963 1207 3033 in
1233 2963 1355 3044 Phrygia
1379 2955 1455 3019 moro

308 3055 430 3128 coeptos
454 3063 533 3107 esse.
577 3045 638 3106 lam
660 3064 731 3106 vero
753 3043 899 3108 Eusebius
921 3046 987 3126 ipse
1009 3047 1169 3126 septimum
1190 3047 1336 3110 deminum
1355 3033 1456 3106 annau!-

307 3127 448 3192 hntonini
471 3130 532 3190 sire
554 3147 580 3192 a.
597 3129 759 3192 CLXXVII.
781 3131 867 3209 ponit
889 3149 956 3192 eum
977 3149 1036 3210 quo
1058 3131 1105 3193 illa
1120 3133 1291 3210 persecutio
1306 3133 1335 3194 in
1349 3123 1455 3191 Gdlritl

308 3216 358 3276 sit.
407 3214 481 3274 ltcm
509 3231 633 3276 narrans
661 3215 699 3275 de
725 3215 868 3294 operibus
893 3214 1071 3293 Apollinaris
1098 3216 1317 3294 Hierapolitae,
1348 3209 1454 3293 quitos

309 3298 386 3360 circa
408 3315 516 3358 annum
540 3290 651 3359 CLXX.
666 3297 829 3360 Eusebiust
850 3299 892 3360 ait
906 3317 973 3361 eum
988 3300 1148 3379 scripsisse
1162 3299 1308 3363 adversus
1321 3287 1455 3360 haerente

292 3379 500 3460 'taphrygiam
523 3381 607 3443 cuius
629 3380 852 3443 tundamentum
872 3383 969 3444 iacere
990 3391 1061 3446 tunc
1076 3383 1232 3446 Montanus
1255 3383 1398 3464 coepisset
1414 3371 1454 3468 [Ψ

308 3463 457 3546 phanius¹²
485 3463 572 3526 huius
599 3464 734 3526 haeresis
763 3466 907 3545 originem
934 3465 1021 3546 ponit
1041 3485 1119 3529 anno
1140 3486 1221 3530 nouo
1243 3464 1376 3530 hntonini
1391 3459 1455 3522 ΨΨΨΨ

307 3567 334 3612 a.
359 3547 483 3622 utun,
507 3566 594 3628 quam
615 3548 786 3630 opinionem
801 3559 967 3630 sequuntur
979 3551 1150 3612 Pearsonus
1166 3560 1197 3614 et
1208 3549 1400 3616 Beausobrius
1415 3551 1454 3630 ll?

306 3632 476 3695 Baratierus
499 3651 565 3694 eam
586 3633 679 3694 multo
702 3633 796 3714 prius,
819 3653 845 3695 a.
869 3634 991 3696 cxxvi.
1013 3643 1115 3715 ponat.
1157 3635 1328 3698 Lardnerus
1346 3629 1454 3710 amplectil

292 3735 418 3779 ‘annum
441 3717 477 3778 ab
498 3717 629 3779 Eusebio
652 3724 796 3792 neutum,
819 3718 903 3780 euius
924 3717 1084 3782 auctorilas
1106 3720 1137 3782 in
1159 3719 1374 3800 quaestionibus
1386 3713 1453 3774 tholi

307 3800 411 3882 logicis
433 3802 491 3864 tide
514 3801 631 3880 dignior
651 3808 699 3866 est
719 3820 807 3882 quam
828 3801 996 3882 Epiphanii.
1450 3875 1453 3883 ¹

392 3885 418 3947 li
446 3886 617 3948 narratione
643 3886 772 3948 auctoris
800 3887 938 3966 anonymi
964 3886 1055 3950 modo
1076 3886 1162 3950 allata
1182 3897 1318 3969 apparet,
1344 3885 1453 3948 sectatore·

342 4054 363 4090 r.
381 4037 447 4088 Ecel.
466 4037 527 4088 llist.
546 4037 564 4087 l.
584 4037 624 4088 ld.
947 4040 1008 4102 gios,
1027 4039 1116 4090 Strom.
1135 4038 1171 4090 ll.
1189 4053 1213 4104 p.
1229 4039 1307 4104 605.;
1324 4037 1366 4088 tlt.
1379 4023 1455 4099 pilli

342 4121 363 4156 s.
386 4105 452 4156 Eeel.
476 4105 535 4155 liist
563 4104 582 4155 l.
606 4105 631 4155 3.
659 4104 774 4168 Martyres
798 4105 828 4156 de
850 4106 896 4157 bae
948 4107 1038 4158 letter.

308 4185 367 4222 nora
386 4173 513 4236 prophetis
532 4173 648 4236 epistolas
666 4172 784 4222 miseruut
801 4187 854 4223 cnm
865 4174 895 4224 ad
980 4180 996 4224 t.
1015 4151 1080 4224 Eud.
1098 4173 1160 4228 ntes
1173 4173 1211 4225 ll.
1230 4173 1272 4224 27.

308 4239 397 4288 tratres
415 4241 438 4288 lo
457 4241 511 4290 lsia
530 4248 553 4289 et
573 4239 671 4303 Phrygis
691 4240 826 4290 habitantes
844 4249 895 4291 tum
981 4255 1005 4289 n.
1024 4241 1094 4290 llssr.
1114 4239 1154 4290 28.
1172 4257 1193 4292 s.
1211 4239 1252 4291 48.

307 4305 339 4354 sd
357 4305 521 4368 Eleutherum,
539 4307 654 4370 Phrygiae
672 4307 822 4371 episcopum.
842 4309 894 4358 lre-
980 4321 1003 4358 ιι.
1022 4307 1196 4370 Cognoscimos
1210 4297 1453 4359 sustinuissemus

307 4385 383 4422 assus
407 4374 453 4421 etsi
479 4389 526 4423 non
550 4365 649 4424 diserte'
667 4377 812 4424 mentionem
837 4376 895 4426 tacit
946 4389 1076 4438 scopcruro
1101 4376 1265 4426 llomsnornnr
1289 4377 1327 4436 (ds
1350 4372 1392 4434 ipat
1409 4361 1454 4432 W

293 4438 517 4499 ·llontsnistsrum,
543 4449 621 4491 tamen
639 4442 677 4492 his
696 4457 739 4492 cos
757 4443 893 4503 signitlcsre
945 4457 993 4492 non
1012 4443 1166 4492 consentiunt
1182 4443 1225 4492 riri
1243 4443 1317 4504 docti)
1333 4427 1454 4500 strueretur

305 4505 466 4566 ridetur,·lll.
489 4507 528 4558 lt.
546 4524 571 4572 p.
581 4508 654 4570 2234
672 4507 760 4559 tuot.
779 4511 893 4560 Clemens
945 4509 1076 4558 inclinasse
1094 4517 1120 4558 ut
1131 4519 1274 4570 agnosceret
1284 4487 1453 4574 prophetarit*

303 4571 479 4624 Alexandrinus
504 4575 542 4624 bis
566 4583 741 4627 commemorat
759 4577 893 4642 Cetaphry·
945 4577 994 4640 tsui
1011 4577 1185 4655 auctoritatem.
1218 4577 1275 4628 hdr.
1293 4577 1384 4627 Prusae
1397 4557 1434 4613 st
