3126 5250
487 377 622 424 sacrans
642 379 702 424 arc.
724 379 761 424 es
783 381 909 426 aornar.
1244 366 1325 432 ata·

589 595 755 650 luriculas
774 597 810 648 ll.

90 695 118 740 lle
144 695 180 740 his
204 709 262 752 quae
285 705 336 754 pest
358 711 453 748 caenam
475 700 498 746 in
522 701 695 746 Christianarum
718 681 834 758 syrmatis
858 671 994 758 agellulum
1020 704 1047 747 de
1066 715 1123 760 equs
1141 707 1251 758 maauslh
1278 707 1306 750 de

201 767 302 810 accensis
322 767 440 812 luminibus
459 775 481 811 et
498 781 608 824 spasmon
628 771 695 820 bara;
714 769 741 812 de
760 769 851 814 canticis
870 779 891 814 et
908 771 1006 826 hymnum
1026 772 1052 814 de
1071 773 1189 826 gratiarum

471 837 557 908 acdona
576 843 597 880 ct
614 837 787 881 Christianorum
805 839 915 881 discessu.

170 947 246 1008 Post
267 966 388 1012 menam
410 969 447 1012 eo
476 970 535 1030 quo
568 952 760 1032 exposuimus
790 954 880 1014 modo
913 953 1009 1016 datam
1043 963 1072 1016 et
1105 953 1216 1016 linitam
1249 953 1303 1018 tria

87 1031 183 1094 adhuc
205 1051 222 1092 a
243 1031 420 1097 Christianis
441 1045 505 1098 acta
525 1036 572 1098 his
596 1036 793 1100 Tertullianus
815 1038 914 1100 verbis
937 1048 1066 1100 enarrat:
1103 1037 1176 1102 Post
1197 1059 1305 1120 aquam

86 1117 258 1180 manualem
280 1130 310 1180 et
332 1121 454 1194 lumina,
477 1133 512 1184 nt
534 1125 655 1204 quiaque
678 1123 712 1184 de
727 1122 896 1203 seripturis
918 1123 1037 1186 Sanctis
1060 1125 1110 1186 uel
1126 1125 1161 1187 de
1172 1129 1306 1205 proprr'a

86 1206 207 1286 ingenio
224 1214 336 1283 potest,
355 1217 546 1287 prouocatur
568 1211 600 1268 in
620 1209 749 1270 medinm
770 1207 832 1270 Deo
856 1227 962 1270 canere
984 1208 1303 1289 (Tertullianhpolog.

86 1307 149 1370 cap.
167 1290 242 1366 39.).
285 1288 417 1364 Rrimum
438 1291 535 1369 itaque
558 1291 668 1352 notarit
688 1311 793 1372 aquam
814 1292 989 1365 manualem,
1011 1311 1085 1372 quae
1106 1293 1246 1356 nimbum
1267 1294 1304 1357 ad

86 1391 193 1439 manus
215 1373 374 1436 abluendas
396 1374 611 1454 porrigebatur.
640 1375 682 1437 Ea
704 1387 802 1439 autem
825 1378 1008 1440 consuetudo
1030 1396 1091 1438 non
1114 1377 1211 1440 solmn
1225 1379 1304 1458 apud

87 1461 290 1534 Christianos,
322 1460 375 1522 sed
402 1461 527 1540 gentiles
560 1460 647 1522 eham
674 1461 843 1524 invaluerat
897 1461 1002 1524 Narrat
1029 1461 1107 1524 enim
1134 1463 1303 1526 Athenaeus

86 1557 154 1609 ante
176 1554 208 1607 et
228 1553 299 1625 post
319 1563 440 1608 coenam
462 1563 479 1608 a
501 1545 620 1608 Graecis
642 1546 739 1606 datam
760 1545 911 1608 abluendis
933 1546 1067 1608 manibus
1096 1566 1211 1626 aquam,
1238 1549 1303 1627 pri-

86 1650 223 1711 mamque
244 1625 327 1693 κατὰ
347 1625 470 1714 χειρὸς,
504 1630 662 1692 secundam
691 1621 933 1704 ἀπονίψασθαι
953 1651 970 1693 a
991 1631 1140 1694 veteribus
1164 1633 1304 1712 appellari

87 1717 204 1788 ththen.
230 1715 281 1776 lib.
310 1715 361 1778 Xl.
387 1714 587 1794 Deipnosoph.
616 1734 678 1794 cap.
704 1718 752 1780 18.
789 1734 854 1795 pag.
882 1718 955 1781 408.
988 1725 1017 1778 et
1038 1716 1088 1778 lib.
1110 1717 1157 1778 ll'.
1186 1736 1250 1795 cap.
1275 1721 1303 1780 l.

87 1821 152 1881 pag.
183 1803 255 1866 128.
285 1809 314 1860 et
335 1817 397 1878 cap.
420 1802 450 1863 2.
472 1817 537 1880 pag.
557 1801 649 1876 129.).
694 1799 780 1874 Quod
803 1800 920 1880 quidem
942 1801 990 1862 ille
1012 1801 1100 1864 variis
1124 1801 1305 1880 scriptorum

87 1886 265 1948 testimoniis
289 1885 471 1963 comprobat.
514 1884 600 1946 Prius
629 1903 699 1946 vero
728 1885 818 1946 edidit
846 1886 1040 1966 fragmentum
1062 1885 1205 1966 epistolae
1227 1886 1301 1967 Hip-

87 1971 217 2052 polochi,
239 1989 295 2049 qua
318 1969 477 2048 scripserat
498 1968 631 2048 expletos
656 1969 720 2032 cibo
743 1970 879 2032 convivas
901 1989 1005 2032 manus
1027 1969 1142 2032 lavisse.
1186 1971 1301 2034 hiemo·

88 2057 145 2118 riae
176 2055 265 2116 etiam
287 2053 474 2132 Lampridius
502 2054 632 2133 prodidit
658 2052 786 2116 exhibita
813 2054 849 2116 ab
872 2054 1059 2133 Heliogabalo
1081 2055 1218 2134 parasitis
1239 2057 1301 2118 ler-

89 2141 157 2214 eula,
181 2141 223 2202 ita
239 2146 273 2201 ut
286 2157 340 2219 per
354 2139 467 2218 singula
482 2138 617 2200 biberent
639 2149 667 2201 et
687 2158 805 2211 manus,
828 2144 918 2220 qnasi
937 2141 1140 2212 comedissent,
1163 2139 1304 2204 lavarent
1345 2211 1350 2220 ,

90 2225 247 2306 (lamprid.
270 2224 300 2285 in
324 2224 386 2285 Vita
407 2223 586 2302 Heliogabali
608 2242 674 2303 pag.
697 2227 792 2300 stu).
836 2225 901 2286 llos
924 2224 1013 2303 igitur
1035 2224 1083 2285 ille
1106 2242 1209 2288 munus
1231 2234 1303 2305 post

92 2329 209 2372 coenam
238 2305 389 2380 abluendi,
430 2316 533 2388 utpote
560 2309 722 2382 honestus,
759 2328 775 2370 a
803 2307 976 2370 Christianis
1007 2327 1127 2388 quoque
1158 2309 1300 2372 observa-

94 2395 178 2458 batur.
224 2393 340 2456 Videsis
363 2393 583 2454 Theodoretum
605 2401 635 2454 et
655 2393 730 2455 alios
759 2394 950 2466 (Theodorei.
972 2393 1022 2456 lib
1045 2395 1068 2456 1.
1090 2394 1166 2456 Hist.
1188 2394 1301 2456 Eccles.

98 2482 249 2554 ra.18.).

122 2499 137 2558 p
165 2564 320 2644 Explicatu
347 2562 445 2640 itaque
467 2561 628 2624 difficiliora
659 2561 736 2624 haud
762 2562 850 2623 dubie
877 2562 1012 2642 plurimis
1035 2562 1210 2624 videbuntur
1230 2563 1304 2626 haec

96 2649 143 2710 duo
165 2647 377 2727 subsequentia
400 2646 571 2708 Tertulliani
592 2646 694 2708 verba:
718 2647 756 2708 Et
778 2647 901 2708 lamina.
934 2647 1026 2708 Nobis
1049 2646 1166 2727 quidem
1189 2647 1218 2708 id
1241 2667 1303 2710 non

93 2733 162 2807 latet,
185 2733 267 2814 quud
289 2731 405 2812 quidam
427 2739 606 2798 annotarunt
628 2730 657 2791 in
673 2731 804 2793 Woverii
826 2731 927 2792 codice
949 2731 1091 2810 scriptum
1113 2734 1152 2794 ad
1175 2731 1300 2805 lumina,

92 2819 137 2880 sed
165 2821 191 2880 is
221 2819 305 2880 solus
335 2816 426 2878 codex
454 2817 559 2878 ceteris
588 2815 725 2876 omnibus
747 2817 889 2895 praeferri
916 2834 977 2876 aon
1000 2815 1095 2878 dehet.
1139 2815 1181 2876 lbi
1203 2825 1302 2878 autem

91 2903 193 2965 luctor
215 2912 319 2964 noster
340 2901 470 2962 monitos
491 2899 684 2980 proculdubio
707 2919 763 2960 aas
786 2919 854 2962 esse
875 2899 967 2960 voluit
988 2909 1057 2962 tunc
1070 2918 1193 2962 accensa
1207 2900 1301 2964 luisse

92 2986 209 3062 lumina,
246 2987 314 3066 qnia
343 2985 398 3047 sub
427 3003 579 3064 vesperam
608 2983 765 3046 Christiani
800 2984 1051 3062 congregabantur
1082 2985 1302 3064 coenabantque

91 3073 167 3134 linito
187 3074 246 3134 iam
269 3071 316 3132 die
338 3089 372 3130 ac
392 3077 550 3150 postquam
572 3087 605 3130 ea
632 3069 729 3130 omnia
752 3087 825 3148 qnae
851 3069 1051 3130 autumavimus
1075 3071 1148 3130 lacta
1174 3071 1299 3132 lucrant.

92 3157 134 3218 0b
155 3157 363 3220 necessitatem
384 3154 473 3234 igitur
494 3161 524 3214 et
544 3154 581 3214 ad
602 3153 753 3232 fugandas,
777 3153 1023 3232 quemadmodum
1045 3153 1092 3214 ille
1114 3153 1182 3216 alibi
1205 3154 1299 3232 signi·

91 3241 168 3315 ficat,
199 3241 296 3303 nands
324 3242 463 3305 tenebras
490 3238 563 3300 baec
582 3239 693 3300 lumina
713 3237 946 3300 accendebantur
973 3238 1155 3312 (Tertulliani.
1177 3239 1300 3320 Apolog.

91 3345 150 3405 cap.
174 3331 224 3400 l.).
269 3324 329 3386 Sed
351 3325 387 3386 de
409 3324 456 3385 his
479 3323 537 3384 iam
558 3323 666 3402 aliquid
693 3323 762 3384 alibi
784 3323 1002 3384 observavimus
1031 3332 1060 3384 et
1081 3333 1185 3402 postea
1207 3325 1302 3388 adbuc

93 3411 353 3473 animadvertemus
376 3408 541 3485 (Dissertat.
565 3409 594 3470 in
616 3409 747 3470 Laetam.
771 3427 833 3486 cap.
857 3411 907 3472 25.
930 3410 991 3470 hrt.
1014 3411 1067 3486 2.).

169 3495 261 3557 Nobis
292 3513 363 3556 vero
392 3492 495 3572 aliquis
527 3493 721 3572 proculdubio
750 3492 900 3554 obiiciat:v
921 3493 952 3554 Si
984 3491 1039 3554 hae
1067 3491 1300 3556 Christianorum

93 3597 209 3658 synaxes
233 3579 290 3642 sub
311 3597 468 3658 vesperum
490 3576 669 3657 cogebantur
694 3595 729 3640 ac
749 3578 846 3639 noetis
868 3577 951 3640 initio
974 3597 1094 3640 coenam
1123 3578 1164 3640 illi
1192 3577 1298 3639 incho-

94 3663 184 3734 abant,
206 3664 349 3726 euridem
364 3663 559 3726 Tertullianus
581 3663 638 3723 hos
661 3671 762 3725 coetus
784 3662 852 3724 abbi
866 3662 1056 3724 antelucanos
1073 3661 1220 3741 appellati
1243 3663 1302 3724 Cur

94 3747 146 3809 alio
167 3750 195 3810 in
215 3751 293 3812 liluo
315 3749 401 3810 dixit:
428 3747 637 3810 Eucharistiae
665 3758 886 3810 sacramentum
914 3753 1002 3810 etiam
1023 3746 1210 3810 antelucanis
1233 3765 1301 3809 coe-

95 3833 167 3894 tibus
188 3839 333 3898 sumantur
355 3831 539 3906 (Tertullian.
561 3831 612 3892 lib.
635 3831 672 3892 de
694 3831 809 3893 Corona
830 3831 913 3892 llilit.
937 3850 999 3910 cap.
1022 3834 1075 3907 3.).
1119 3830 1219 3908 Neque
1240 3830 1298 3890 alic

95 3919 205 3980 nomine
226 3939 244 3982 a
265 3917 360 3980 Phaia
383 3917 521 3978 Secundo
549 3916 579 3978 in
609 3935 663 3977 sua
690 3917 725 3976 ad
749 3916 905 3977 Traianum
937 3916 1145 3995 imperatorem
1173 3913 1299 3993 epistola

96 4011 206 4064 roratas
226 4022 309 4066 ¹esse
341 4010 475 4064 testatur.
519 4002 552 4062 ln
581 4019 615 4062 ea
636 3999 797 4079 siquidem,
831 4008 863 4062 ut
884 4001 948 4079 ipse
970 3999 1172 4064 Tertullianus
1188 3999 1297 4074 retulit,

97 4083 198 4149 Plinius
220 4089 381 4168 scripserat
407 4085 479 4148 nihil
500 4091 533 4148 in
555 4089 752 4148 sacramentis
782 4103 888 4148 eorum
910 4083 1140 4146 Christianorum
1164 4102 1195 4146 se
1217 4103 1298 4148 cons-

95 4177 209 4247 psn'rse,
231 4191 320 4254 quarn
341 4183 443 4236 coetus
465 4170 662 4234 antelucanos
684 4172 722 4232 ad
745 4170 908 4240 camum
931 4171 1049 4232 Christo
1071 4180 1101 4231 et
1121 4167 1183 4231 Dea
1206 4167 1299 4241 (ldem

98 4251 238 4337 lpologet.
261 4277 325 4338 cap.
347 4261 400 4334 2).
445 4255 523 4329 Quin
552 4255 639 4316 etiam
667 4254 697 4316 hi
724 4263 826 4316 coetus
854 4272 974 4316 rursum
1001 4272 1017 4314 a
1039 4251 1216 4316 Tertulliano
1238 4273 1296 4316 no-

98 4337 232 4404 minantur
252 4350 413 4404 noeturnae
434 4339 676 4404 couvooaliones:
712 4340 787 4412 Qun
809 4342 983 4408 nocturnis,
1012 4337 1120 4414 iuquit,
1150 4357 1298 4402 convoca-

99 4425 226 4498 sinuas,
247 4431 277 4490 si
297 4431 341 4489 ita
364 4430 543 4506 oportuerit,
565 4443 693 4488 onorem
707 4443 727 4485 a
741 4423 836 4486 latere
857 4441 912 4484 sno
935 4424 1027 4485 aduini
1048 4421 1172 4486 libenter
1193 4423 1297 4502 feret?

101 4502 133 4566 tn
157 4513 239 4589 paulo
273 4519 358 4592 post:
395 4510 464 4572 Non
491 4514 564 4572 sciet
590 4513 718 4572 maritus
746 4509 817 4590 qnid
837 4519 951 4570 secreto
974 4521 1043 4570 ante
1065 4527 1181 4570 ornnem
1203 4511 1298 4572 cibam

100 4605 203 4668 mater,
224 4605 310 4677 atque
333 4595 406 4658 adeo
427 4593 578 4657 matutinis
600 4595 698 4668 horis,
736 4605 763 4658 et
785 4598 813 4656 si
834 4595 956 4655 sciverit
973 4611 1097 4672 paneae,
1116 4613 1189 4666 ,nort
1210 4593 1297 4656 illurn
