3166 5250
259 363 322 426 466
358 376 550 421 4444444444
567 377 596 418 44
613 376 663 427 oo.
677 375 762 438 4444.
779 375 864 418 reon.
881 373 1076 418 4444444444
1091 374 1319 419 4444444444444
1334 374 1421 418 4444.
1439 366 1443 372 ’

346 527 422 601 Quid
444 523 553 606 plura?
596 523 805 596 Sutrinorum,
828 525 999 586 4114144144
1020 533 1133 599 noster,
1155 524 1267 588 Nortia
1293 525 1485 600 (Tertullian.

258 613 324 674 loco
347 613 418 688 411).
461 611 667 682 lisanum,
695 610 791 689 inquit
811 609 923 684 Livius,
952 611 1026 672 urbs
1056 613 1138 672 44414
1158 609 1372 680 Romanorum,
1394 611 1487 673 441441

260 699 397 760 41444144
419 697 564 758 Ferorr'oc
586 706 653 757 crat
673 693 747 764 (Lis.
771 694 820 756 lib.
842 694 893 756 lll.
916 712 978 773 cap.
1002 695 1055 758 32.
1078 702 1109 754 41
1128 693 1179 755 lib.
1195 695 1242 756 Vl.
1265 703 1331 774 cap:
1341 697 1394 772 3.).
1417 697 1483 756 414-

259 791 398 844 1444444
420 782 529 841 fecerat
550 779 730 842 mentionem
752 780 828 850 eius‚
857 794 933 858 quae
961 778 992 838 in
1013 777 1101 839 444114
1125 779 1213 840 etiam
1235 779 1483 860 inscriptionibus

259 885 274 928 a
298 867 423 927 Grutero
446 863 735 926 exhibitisoocurrit
765 864 894 933 (Gruter.
916 883 945 944 p.
968 866 1041 928 254.
1065 865 1138 928 302.
1160 867 1221 928 305
1244 867 1391 941 41411.)
1436 864 1483 924 nb

258 951 332 1012 mbo
355 959 451 1012 441444
474 949 568 1010 lloma
596 947 685 1010 distat
705 947 806 1010 xxm
829 947 918 1011 millia
938 967 1092 1028 passuum,
1122 947 1200 1010 sicut
1219 949 1331 1010 Marsus
1354 958 1482 1011 annota-

258 1035 299 1096 vit
321 1035 352 1096 in
374 1035 445 1095 baec
456 1031 520 1095 Silii
536 1033 626 1094 Italici
649 1032 753 1094 verba:
777 1031 884 1094 Sutrio
906 1044 982 1096 14414
1004 1032 1068 1107 (Sil.
1084 1033 1175 1094 ltalic.
1191 1031 1241 1094 lib.
1253 1031 1326 1094 vltt.
1342 1053 1370 1095 4.
1383 1037 1484 1111 lusu.

222 1168 227 1173 .
257 1119 375 1180 Videsis
398 1119 553 1180 Erasmum
585 1119 616 1179 in
648 1118 705 1179 boc
736 1117 945 1196 proverbium:
971 1117 1071 1191 04444·
1090 1116 1229 1180 Sutrium
1250 1129 1321 1181 cont
1351 1117 1484 1191 (Erasm.

258 1205 347 1284 ddag.
371 1203 444 1264 Cbil.
466 1203 513 1264 lv.
535 1202 654 1263 Centur.
677 1207 707 1264 4.
730 1201 819 1282 41643.
841 1205 893 1266 52.
916 1222 946 1282 p.
969 1204 1065 1278 841.).
1094 1202 1190 1264 114144
1211 1219 1302 1281 porro
1324 1202 1408 1264 urbis
1430 1203 1484 1262 in-

258 1290 332 1350 colis
363 1288 427 1362 dea,
463 1287 506 1349 uti
534 1287 573 1348 ait
595 1286 804 1358 Tertullianus,
841 1295 904 1348 erat
932 1285 1056 1349 Norcc'o.
1076 1315 1079 1322 ·
1098 1287 1245 1366 Numquid
1273 1305 1344 1367 ergo
1377 1288 1485 1349 eadem

258 1382 451 1452 utrorumque
472 1373 527 1433 dea
547 1370 623 1434 luit?
652 1372 757 1432 Nonne
779 1371 820 1433 ibi
841 1371 1003 1452 peurliaros
1025 1389 1059 1433 ao
1079 1378 1218 1452 proprios
1240 1371 1385 1450 cuiusque
1407 1373 1483 1434 oiri-

258 1459 326 1520 tatis
354 1458 427 1519 deos
455 1454 614 1520 recenset?
657 1457 694 1517 411
720 1457 796 1518 banc
817 1455 1012 1536 proculdubio
1035 1456 1073 1516 cb
1096 1475 1216 1518 cansam
1237 1457 1347 1536 prioris
1370 1473 1485 1518 nomen

257 1543 345 1623 paulo
368 1542 461 1616 aliter,
484 1541 561 1604 sicut
581 1542 762 1616 monuimus,
785 1541 927 1620 scriptum
949 1540 1115 1602 voluerunt.
1159 1541 1236 1603 lluio
1256 1549 1354 1602 tamen
1374 1559 1483 1604 emen-

258 1627 370 1688 dationi
391 1627 582 1688 adversantur
603 1644 663 1686 non
687 1627 782 1687 solum
806 1643 910 1686 omnes
933 1625 1027 1686 nostri
1050 1625 1179 1698 codices,
1202 1625 1255 1688 sed
1277 1627 1384 1688 citatus
1400 1643 1484 1706 quo-

258 1729 315 1790 que
337 1730 354 1771 a
374 1710 462 1771 nobis
486 1711 595 1772 Livius.
627 1712 736 1772 Veram
757 1711 825 1790 quia
847 1708 1011 1772 Volsinium
1033 1717 1063 1770 41
1085 1710 1216 1772 Sutrium
1238 1710 1329 1772 urbes
1343 1711 1485 1772 Etruriae

257 1797 377 1857 luerunt
399 1803 428 1855 et
448 1795 522 1857 baec
542 1795 597 1857 dea
618 1795 751 1858 Etruriae
774 1815 790 1857 a
810 1795 893 1856 Livio
916 1803 1109 1875 nuncttpatur,
1143 1795 1299 1874 utriusque
1320 1795 1403 1858 urbis
1427 1795 1485 1857 dea

258 1899 326 1942 esse
358 1879 462 1960 potuit.
507 1879 538 1940 si
570 1879 636 1960 quis
670 1899 739 1942 vero
773 1880 846 1942 duas
879 1899 913 1943 ac
945 1879 1063 1946 diverso
1091 1881 1212 1942 nomine
1239 1889 1356 1944 vocatas
1386 1880 1485 1944 luisse

258 1963 403 2038 ostendat,
426 1964 589 2026 sententiae
612 1963 692 2027 illius
716 1965 792 2026 ultro
816 1962 1049 2026 subscribemus.

268 2085 272 2098 '
341 2081 453 2161 Agmen
474 2082 582 2143 borum
603 2082 821 2162 municipalium
844 2082 1059 2162 topicorunque
1081 2081 1204 2142 deorum
1230 2081 1337 2142 claudit
1358 2081 1485 2144 Tertul-

257 2166 350 2227 114444
380 2167 426 2230 1414
455 2166 568 2227 verbis:
606 2167 795 2229 Faliscorum
821 2171 855 2228 in
884 2168 1029 2229 bonorem
1053 2171 1156 2248 patras
1180 2167 1288 2229 Curris
1317 2173 1487 2248 reaccepit

259 2269 420 2330 copnomcu
449 2250 527 2314 1444
558 2250 741 2327 (1441411144.
764 2251 918 2330 Apologet.
947 2270 1009 2331 cap.
1033 2253 1084 2315 24.
1114 2259 1145 2313 41
1164 2251 1216 2314 lib.
1237 2251 1274 2312 ll.
1303 2251 1339 2312 ad
1362 2251 1484 2314 Natiou.

258 2353 320 2414 cap.
345 2337 399 2412 8.).
442 2335 553 2396 Falisca
584 2344 691 2409 autem,
724 2335 796 2396 urbs
824 2336 976 2408 Etruriae,
1011 2336 1089 2396 inter
1116 2335 1262 2396 Ciminum
1290 2345 1423 2398 montem
1453 2347 1488 2398 41

259 2419 391 2480 Tiberim
413 2419 469 2480 sita
492 2427 546 2480 est.
591 2418 730 2482 Coloniae
752 2439 822 2480 vcro
845 2420 1028 2481 Faliscorum
1050 2419 1161 2482 mentio
1184 2421 1215 2481 lit
1236 2421 1267 2481 in
1284 2419 1374 2482 Plinii
1396 2420 1485 2483 libris

258 2503 344 2579 (Plio.
366 2503 417 2565 lib.
439 2501 497 2574 111..
512 2503 588 2564 Hist.
611 2503 727 2565 Nation.
751 2523 814 2585 cap.
837 2509 879 2582 4.)
903 2503 1066 2565 4111441441
1088 2504 1331 2584 inscriptionibus
1348 2505 1483 2576 (Gruter.

258 2607 287 2668 p.
310 2589 383 2653 288.
406 2588 539 2666 inscript.
564 2591 617 2666 1.)‚
641 2589 759 2668 saepius
781 2589 905 2650 444414
927 2588 987 2650 Titi
1009 2589 1085 2650 Livii
1107 2589 1241 2650 historiis
1271 2589 1348 2666 (Lib.
1371 2590 1424 2651 lib.
1449 2591 1484 2652 V.

205 2713 208 2718 -
258 2691 321 2754 cap.
342 2676 391 2737 17.
411 2674 459 2737 18.
477 2674 529 2736 26.
559 2680 589 2732 41
615 2672 667 2734 lib.
684 2673 745 2735 Vll.
775 2693 838 2754 cap.
861 2677 900 2738 17
918 2683 948 2736 41
966 2677 1071 2753 seqq),
1098 2674 1205 2754 hisque
1227 2673 1338 2754 Virgilii
1367 2676 1481 2738 earmi-

259 2758 362 2820 nibus:

411 2863 673 2955 4144444444
696 2895 773 2955 acics
796 2911 963 2976 aequusque
986 2893 1129 2965 Faliscos,

412 2977 456 3039 na·
474 2977 611 3039 Soractis
634 2976 846 3041 1414444444
870 2978 1066 3060 Flaviniaque
1087 2995 1173 3049 oron,

412 3062 586 3126 1110144141
607 3079 673 3123 cum
693 3072 793 3124 monte
815 3063 911 3124 144444
936 3063 1076 3144 lucosque
1100 3062 1246 3142 Capenos.

701 3144 814 3224 (virgil.
836 3146 885 3207 lib.
909 3147 968 3208 vlt.
990 3145 1110 3208 Aeneid.
1134 3149 1244 3232 0695
1268 3153 1308 3256 41
1319 3151 1416 3226 seqq.)

347 3279 458 3341 Similia
486 3279 597 3342 aSillo
619 3279 719 3341 Italico
747 3279 896 3341 deoamata
924 3281 1055 3343 invenies
1084 3281 1147 3355 (Sil.
1169 3281 1259 3343 ltalic.
1282 3281 1332 3342 lib.
1355 3281 1433 3344 1111.
1456 3303 1482 3345 4.

262 3367 325 3432 406
348 3367 483 3443 etseq..)
528 3364 663 3425 Celerum
685 3363 758 3424 luno
785 3363 950 3442 ploranti
978 3383 1065 3426 nemo
1087 3365 1192 3436 nescit,
1219 3365 1346 3427 babebat
1367 3385 1483 3464 cogno-

262 3448 351 3522 mina,
374 3447 537 3528 exquibus
560 3447 1070 3512 unumCurristesteFestclluit.
1114 3451 1146 3514 Si
1177 3449 1243 3529 quis
1276 3468 1346 3512 vero
1380 3451 1482 3531 inqui-

261 3541 309 3596 rat
335 3551 388 3594 cur
415 3532 454 3594 ita
483 3525 1484 3611 4444414414411144441418444144441444414141444114444-

262 3622 361 3682 minc:
387 3616 581 3689 0444114441,
605 3617 1336 3714 444441114444444411441418444441411
1359 3619 1483 3691 41444141.
1565 3619 1566 3680 3

262 3723 290 3764 4.
307 3706 360 3780 6.).
403 3699 1484 3782 4114441144,4144111,44414114414444Ρ44444144440441444184-
1565 3695 1566 3718 ¹

263 3789 331 3852 bine
360 3786 511 3850 bostra..
568 3786 737 3850 0.ιιι4“1ι“44
758 3786 904 3850 lunonem
924 3788 1128 3932 oqpellobnnt,
1162 3791 1233 3870 quio
1254 3789 1376 3851 eoadem
1396 3791 1485 3870 [4444

265 3871 918 3954 1444444414644101441.44464414..)
967 3891 1055 3934 erum
1076 3871 1152 3933 41441
1173 3872 1203 3934 141
1226 3871 1388 3951 scriptores
1405 3873 1483 3937 'ler-

139 3995 141 4000 ·
264 3955 386 4020 tulliano
419 3963 524 4020 nostro
545 3955 642 4018 lavent
663 3955 808 4019 asserenti
828 3955 971 4018 lunonem
993 3955 1228 4036 cognominatam
1249 3955 1344 4018 luisse
1367 3957 1485 4022 Currim

264 4042 328 4104 4144
350 4041 494 4106 Curetim:
516 4041 586 4104 ita
579 4041 636 4122 rpsi
657 4029 859 4116 adversantur,
881 4049 982 4122 aperte
1004 4041 1134 4104 dieentes
1155 4041 1212 4104 hoc
1234 4059 1400 4122 cognomen
1422 4063 1485 4108 non

250 4124 306 4188 .illi
329 4125 457 4190 datum'
449 4145 481 4188 44
502 4125 647 4188 bonorem
668 4089 871 4205 parmensis,
893 4126 947 4188 sed
969 4146 1004 4188 ex
1025 4126 1119 4198 hasta,
1142 4145 1215 4206 quae
1237 4125 1386 4191 aSablnis
1403 4130 1484 4194 44414
1565 4127 1566 4162 ³

265 4209 475 4288 appellabatur,
497 4219 548 4274 aut
568 4230 585 4272 a
608 4229 705 4286 curru,
733 4208 979 4309 quemadmodum
999 4210 1096 4274 innuit
1117 4209 1247 4286 Servius,
1276 4211 1324 4292 qui
1346 4221 1485 4276 tamena
1565 4255 1566 4276 .

265 4293 416 4356 nonnullis
444 4295 575 4376 priorem
596 4295 683 4358 huius
705 4295 833 4358 nominis
856 4294 1059 4378 etymologiam
1080 4295 1227 4359 veriorem
1247 4295 1485 4363 existimantibus
1565 4367 1566 4372 ,

267 4377 434 4480 corripitur.

239 4511 244 4520 ·
352 4475 430 4568 Quid
451 4497 549 4576 erqo?
569 4498 717 4578 Numquid
737 4497 913 4580 responderi
934 4507 1035 4578 potest
1046 4500 1192 4562 lunonem
1206 4500 1242 4562 ab
1256 4499 1340 4563 basta
1354 4501 1486 4564 14441444

267 4579 348 4645 14141
377 4597 551 4662 cognomen,
579 4584 657 4664 qaod
685 4591 790 4664 postea
810 4583 944 4648 Falisci
936 4601 967 4648 44
987 4584 1080 4666 patris
1102 4585 1188 4648 Curis
1208 4585 1353 4650 bonmam
1375 4585 1405 4650 ei
1425 4587 1484 4651 de-
