<?xml version="1.0" encoding="UTF-8"?>
<!DOCTYPE html PUBLIC "-//W3C//DTD XHTML 1.0 Transitional//EN"
    "http://www.w3.org/TR/xhtml1/DTD/xhtml1-transitional.dtd">
<html xmlns="http://www.w3.org/1999/xhtml" xml:lang="en" lang="en">
 <head>
  <title>
</title>
<meta http-equiv="Content-Type" content="text/html;charset=utf-8" />
  <meta name='ocr-system' content='tesseract 3.04.00' />
  <meta name='ocr-capabilities' content='ocr_page ocr_carea ocr_par ocr_line ocrx_word'/>
</head>
<body>
  <div class='ocr_page' id='page_1' title='image "./quaesupersuntom01oehlgoog_0242.png"; bbox 0 0 3144 5236; ppageno 0'>
   <div class='ocr_carea' id='block_1_1' title="bbox 467 281 1292 346">
    <p class='ocr_par' dir='ltr' id='par_1_1' title="bbox 467 281 1292 346">
     <span class='ocr_line' id='line_1_1' title="bbox 467 281 1292 346; baseline 0.011 -10"><span class='ocrx_word' id='word_1_1' title='bbox 467 289 681 338; x_wconf 76' lang='lat' dir='ltr'><strong>aucronsnue.</strong></span> <span class='ocrx_word' id='word_1_2' title='bbox 705 295 742 338; x_wconf 82' lang='lat' dir='ltr'><strong>ne</strong></span> <span class='ocrx_word' id='word_1_3' title='bbox 764 294 892 340; x_wconf 84' lang='lat' dir='ltr'><strong>nonnun.</strong></span> <span class='ocrx_word' id='word_1_4' title='bbox 1229 281 1292 346; x_wconf 81' lang='lat'><strong>235</strong></span> 
     </span>
    </p>
   </div>
   <div class='ocr_carea' id='block_1_2' title="bbox 90 442 1293 1361">
    <p class='ocr_par' dir='ltr' id='par_1_2' title="bbox 92 442 1293 608">
     <span class='ocr_line' id='line_1_2' title="bbox 92 442 1293 523; baseline 0.004 -18"><span class='ocrx_word' id='word_1_5' title='bbox 92 455 120 506; x_wconf 92' lang='lat' dir='ltr'><strong>ut</strong></span> <span class='ocrx_word' id='word_1_6' title='bbox 142 442 345 516; x_wconf 77' lang='lat' dir='ltr'><strong>annotavimus,</strong></span> <span class='ocrx_word' id='word_1_7' title='bbox 374 451 474 520; x_wconf 89' lang='lat' dir='ltr'><strong>aperte</strong></span> <span class='ocrx_word' id='word_1_8' title='bbox 503 443 686 522; x_wconf 77' lang='lat' dir='ltr'><strong>pronuntiet,</strong></span> <span class='ocrx_word' id='word_1_9' title='bbox 715 459 803 504; x_wconf 90' lang='lat' dir='ltr'><strong>nemo</strong></span> <span class='ocrx_word' id='word_1_10' title='bbox 825 451 922 504; x_wconf 88' lang='lat' dir='ltr'><strong>tamen</strong></span> <span class='ocrx_word' id='word_1_11' title='bbox 944 443 1072 522; x_wconf 90' lang='lat' dir='ltr'><strong>probare</strong></span> <span class='ocrx_word' id='word_1_12' title='bbox 1093 453 1194 523; x_wconf 90' lang='lat' dir='ltr'><strong>potest</strong></span> <span class='ocrx_word' id='word_1_13' title='bbox 1215 445 1293 510; x_wconf 87' lang='lat' dir='ltr'><strong>illam</strong></span> 
     </span>
     <span class='ocr_line' id='line_1_3' title="bbox 95 526 1195 608; baseline 0 -18"><span class='ocrx_word' id='word_1_14' title='bbox 95 527 209 590; x_wconf 86' lang='lat' dir='ltr'><strong>similiter</strong></span> <span class='ocrx_word' id='word_1_15' title='bbox 228 526 263 587; x_wconf 90' lang='lat' dir='ltr'><strong>ab</strong></span> <span class='ocrx_word' id='word_1_16' title='bbox 284 526 336 586; x_wconf 92' lang='lat' dir='ltr'><strong>illo</strong></span> <span class='ocrx_word' id='word_1_17' title='bbox 358 527 448 588; x_wconf 91' lang='lat' dir='ltr'><strong>tribui</strong></span> <span class='ocrx_word' id='word_1_18' title='bbox 470 528 568 608; x_wconf 83' lang='lat' dir='ltr'><strong>pravis</strong></span> <span class='ocrx_word' id='word_1_19' title='bbox 589 527 719 605; x_wconf 75' lang='lat' dir='ltr'>Angelis,</span> <span class='ocrx_word' id='word_1_20' title='bbox 741 536 774 588; x_wconf 91' lang='lat' dir='ltr'><strong>ut</strong></span> <span class='ocrx_word' id='word_1_21' title='bbox 794 528 934 588; x_wconf 90' lang='lat' dir='ltr'><strong>mulieres</strong></span> <span class='ocrx_word' id='word_1_22' title='bbox 957 537 1195 607; x_wconf 80' lang='lat' dir='ltr'><strong>constuprarent.</strong></span> 
     </span>
    </p>

    <p class='ocr_par' dir='ltr' id='par_1_3' title="bbox 90 610 1291 1361">
     <span class='ocr_line' id='line_1_4' title="bbox 159 610 1291 692; baseline 0.004 -21"><span class='ocrx_word' id='word_1_23' title='bbox 159 610 212 672; x_wconf 84' lang='lat' dir='ltr'><strong>Fae</strong></span> <span class='ocrx_word' id='word_1_24' title='bbox 236 619 334 672; x_wconf 88' lang='lat' dir='ltr'><strong>tamen</strong></span> <span class='ocrx_word' id='word_1_25' title='bbox 362 611 429 672; x_wconf 91' lang='lat' dir='ltr'><strong>illos</strong></span> <span class='ocrx_word' id='word_1_26' title='bbox 457 629 576 690; x_wconf 92' lang='lat' dir='ltr'><strong>quoquo</strong></span> <span class='ocrx_word' id='word_1_27' title='bbox 605 611 721 672; x_wconf 86' lang='lat' dir='ltr'><strong>tandem</strong></span> <span class='ocrx_word' id='word_1_28' title='bbox 743 611 832 672; x_wconf 87' lang='lat' dir='ltr'><strong>modo</strong></span> <span class='ocrx_word' id='word_1_29' title='bbox 861 612 923 674; x_wconf 88' lang='lat' dir='ltr'><strong>sive</strong></span> <span class='ocrx_word' id='word_1_30' title='bbox 946 612 1009 674; x_wconf 89' lang='lat' dir='ltr'><strong>suis</strong></span> <span class='ocrx_word' id='word_1_31' title='bbox 1037 613 1206 692; x_wconf 75' lang='lat' dir='ltr'><strong>praestigiis</strong></span> <span class='ocrx_word' id='word_1_32' title='bbox 1230 615 1291 677; x_wconf 86' lang='lat' dir='ltr'><strong>sire</strong></span> 
     </span>
     <span class='ocr_line' id='line_1_5' title="bbox 93 693 1290 774; baseline 0.004 -18"><span class='ocrx_word' id='word_1_33' title='bbox 93 695 143 756; x_wconf 88' lang='lat' dir='ltr'><strong>aliis</strong></span> <span class='ocrx_word' id='word_1_34' title='bbox 161 693 289 755; x_wconf 80' lang='lat' dir='ltr'><strong>nefandis</strong></span> <span class='ocrx_word' id='word_1_35' title='bbox 312 694 424 756; x_wconf 87' lang='lat' dir='ltr'><strong>artibus</strong></span> <span class='ocrx_word' id='word_1_36' title='bbox 447 713 511 756; x_wconf 88' lang='lat' dir='ltr'><strong>eam</strong></span> <span class='ocrx_word' id='word_1_37' title='bbox 534 695 677 768; x_wconf 88' lang='lat' dir='ltr'><strong>induisse,</strong></span> <span class='ocrx_word' id='word_1_38' title='bbox 707 695 802 756; x_wconf 93' lang='lat' dir='ltr'><strong>maior</strong></span> <span class='ocrx_word' id='word_1_39' title='bbox 824 713 896 756; x_wconf 89' lang='lat' dir='ltr'><strong>sane</strong></span> <span class='ocrx_word' id='word_1_40' title='bbox 920 705 1055 774; x_wconf 83' lang='lat' dir='ltr'><strong>superest</strong></span> <span class='ocrx_word' id='word_1_41' title='bbox 1076 697 1113 758; x_wconf 88' lang='lat' dir='ltr'><strong>do</strong></span> <span class='ocrx_word' id='word_1_42' title='bbox 1135 698 1290 760; x_wconf 91' lang='lat' dir='ltr'><strong>daemoni-</strong></span> 
     </span>
     <span class='ocr_line' id='line_1_6' title="bbox 92 778 1290 860; baseline 0.005 -22"><span class='ocrx_word' id='word_1_43' title='bbox 92 779 135 840; x_wconf 90' lang='lat' dir='ltr'><strong>bas</strong></span> <span class='ocrx_word' id='word_1_44' title='bbox 154 778 313 839; x_wconf 83' lang='lat' dir='ltr'><strong>difficadtas.</strong></span> <span class='ocrx_word' id='word_1_45' title='bbox 358 778 447 840; x_wconf 87' lang='lat' dir='ltr'><strong>Cuius</strong></span> <span class='ocrx_word' id='word_1_46' title='bbox 477 779 555 839; x_wconf 91' lang='lat' dir='ltr'><strong>enirn</strong></span> <span class='ocrx_word' id='word_1_47' title='bbox 583 780 701 856; x_wconf 89' lang='lat' dir='ltr'><strong>generis</strong></span> <span class='ocrx_word' id='word_1_48' title='bbox 731 779 854 857; x_wconf 84' lang='lat' dir='ltr'><strong>spiritus</strong></span> <span class='ocrx_word' id='word_1_49' title='bbox 881 780 913 840; x_wconf 90' lang='lat' dir='ltr'><strong>hi</strong></span> <span class='ocrx_word' id='word_1_50' title='bbox 942 781 1103 842; x_wconf 89' lang='lat' dir='ltr'><strong>doemones</strong></span> <span class='ocrx_word' id='word_1_51' title='bbox 1126 799 1194 844; x_wconf 88' lang='lat' dir='ltr'><strong>esse</strong></span> <span class='ocrx_word' id='word_1_52' title='bbox 1216 800 1290 860; x_wconf 83' lang='lat' dir='ltr'><strong>pos-</strong></span> 
     </span>
     <span class='ocr_line' id='line_1_7' title="bbox 93 859 1291 943; baseline 0.004 -22"><span class='ocrx_word' id='word_1_53' title='bbox 93 870 159 934; x_wconf 86' lang='lat' dir='ltr'><strong>sunt,</strong></span> <span class='ocrx_word' id='word_1_54' title='bbox 189 881 263 940; x_wconf 91' lang='lat' dir='ltr'><strong>quos</strong></span> <span class='ocrx_word' id='word_1_55' title='bbox 287 859 487 924; x_wconf 80' lang='lat' dir='ltr'><strong>Tertullianus</strong></span> <span class='ocrx_word' id='word_1_56' title='bbox 517 864 632 923; x_wconf 78' lang='lat' dir='ltr'><strong>nefasto</strong></span> <span class='ocrx_word' id='word_1_57' title='bbox 661 863 850 940; x_wconf 92' lang='lat' dir='ltr'><strong>innuptarum</strong></span> <span class='ocrx_word' id='word_1_58' title='bbox 878 863 1024 942; x_wconf 85' lang='lat' dir='ltr'><strong>virginum</strong></span> <span class='ocrx_word' id='word_1_59' title='bbox 1046 865 1183 943; x_wconf 89' lang='lat' dir='ltr'><strong>coniugio</strong></span> <span class='ocrx_word' id='word_1_60' title='bbox 1207 874 1291 928; x_wconf 90' lang='lat' dir='ltr'><strong>ortos</strong></span> 
     </span>
     <span class='ocr_line' id='line_1_8' title="bbox 91 944 1289 1026; baseline 0.004 -21"><span class='ocrx_word' id='word_1_61' title='bbox 91 944 249 1006; x_wconf 80' lang='lat' dir='ltr'><strong>arbitratur?</strong></span> <span class='ocrx_word' id='word_1_62' title='bbox 287 947 445 1018; x_wconf 81' lang='lat' dir='ltr'><strong>Quomodo</strong></span> <span class='ocrx_word' id='word_1_63' title='bbox 468 965 505 1008; x_wconf 85' lang='lat' dir='ltr'><strong>en</strong></span> <span class='ocrx_word' id='word_1_64' title='bbox 527 947 563 1008; x_wconf 92' lang='lat' dir='ltr'><strong>iis</strong></span> <span class='ocrx_word' id='word_1_65' title='bbox 584 947 734 1026; x_wconf 90' lang='lat' dir='ltr'><strong>procreari</strong></span> <span class='ocrx_word' id='word_1_66' title='bbox 755 955 919 1026; x_wconf 90' lang='lat' dir='ltr'><strong>potuerunt</strong></span> <span class='ocrx_word' id='word_1_67' title='bbox 939 948 1121 1018; x_wconf 82' lang='lat' dir='ltr'><strong>substantiae</strong></span> <span class='ocrx_word' id='word_1_68' title='bbox 1148 949 1289 1010; x_wconf 91' lang='lat' dir='ltr'><strong>tenuissi-</strong></span> 
     </span>
     <span class='ocr_line' id='line_1_9' title="bbox 90 1014 1290 1110; baseline 0.003 -20"><span class='ocrx_word' id='word_1_69' title='bbox 90 1048 150 1100; x_wconf 88' lang='lat' dir='ltr'><strong>mae,</strong></span> <span class='ocrx_word' id='word_1_70' title='bbox 170 1029 584 1103; x_wconf 65' lang='lat' dir='ltr'><strong>subtilissimae,&#39;invisibiles</strong></span> <span class='ocrx_word' id='word_1_71' title='bbox 611 1029 763 1091; x_wconf 83' lang='lat' dir='ltr'><strong>volucrum</strong></span> <span class='ocrx_word' id='word_1_72' title='bbox 785 1014 959 1109; x_wconf 57' lang='lat' dir='ltr'><strong>supirantes</strong></span> <span class='ocrx_word' id='word_1_73' title='bbox 980 1032 1194 1110; x_wconf 77' lang='lat' dir='ltr'><strong>ppmieitatem,</strong></span> <span class='ocrx_word' id='word_1_74' title='bbox 1216 1051 1290 1110; x_wconf 89' lang='lat' dir='ltr'><strong>quae</strong></span> 
     </span>
     <span class='ocr_line' id='line_1_10' title="bbox 90 1113 1290 1194; baseline 0.004 -22"><span class='ocrx_word' id='word_1_75' title='bbox 90 1113 231 1192; x_wconf 83' lang='lat' dir='ltr'><strong>perrodunt</strong></span> <span class='ocrx_word' id='word_1_76' title='bbox 252 1133 361 1192; x_wconf 89' lang='lat' dir='ltr'><strong>corpus</strong></span> <span class='ocrx_word' id='word_1_77' title='bbox 384 1123 414 1175; x_wconf 91' lang='lat' dir='ltr'><strong>et</strong></span> <span class='ocrx_word' id='word_1_78' title='bbox 435 1115 561 1176; x_wconf 90' lang='lat' dir='ltr'><strong>animam</strong></span> <span class='ocrx_word' id='word_1_79' title='bbox 585 1115 738 1174; x_wconf 90' lang='lat' dir='ltr'><strong>hominum</strong></span> <span class='ocrx_word' id='word_1_80' title='bbox 760 1131 879 1194; x_wconf 91' lang='lat' dir='ltr'><strong>unoque</strong></span> <span class='ocrx_word' id='word_1_81' title='bbox 894 1125 1045 1176; x_wconf 90' lang='lat' dir='ltr'><strong>momento</strong></span> <span class='ocrx_word' id='word_1_82' title='bbox 1071 1115 1180 1194; x_wconf 90' lang='lat' dir='ltr'><strong>ubique</strong></span> <span class='ocrx_word' id='word_1_83' title='bbox 1196 1115 1290 1178; x_wconf 78' lang='lat' dir='ltr'><strong>sunt?</strong></span> 
     </span>
     <span class='ocr_line' id='line_1_11' title="bbox 90 1197 1290 1278; baseline 0.004 -22"><span class='ocrx_word' id='word_1_84' title='bbox 90 1197 176 1274; x_wconf 78' lang='lat' dir='ltr'><strong>bogari</strong></span> <span class='ocrx_word' id='word_1_85' title='bbox 205 1205 284 1258; x_wconf 88' lang='lat' dir='ltr'><strong>certe</strong></span> <span class='ocrx_word' id='word_1_86' title='bbox 318 1217 377 1258; x_wconf 92' lang='lat' dir='ltr'><strong>non</strong></span> <span class='ocrx_word' id='word_1_87' title='bbox 409 1205 510 1277; x_wconf 88' lang='lat' dir='ltr'><strong>potest</strong></span> <span class='ocrx_word' id='word_1_88' title='bbox 541 1200 615 1259; x_wconf 89' lang='lat' dir='ltr'><strong>haec</strong></span> <span class='ocrx_word' id='word_1_89' title='bbox 643 1198 768 1259; x_wconf 90' lang='lat' dir='ltr'><strong>maxima</strong></span> <span class='ocrx_word' id='word_1_90' title='bbox 797 1199 977 1260; x_wconf 82' lang='lat' dir='ltr'><strong>obscuritate</strong></span> <span class='ocrx_word' id='word_1_91' title='bbox 1006 1199 1137 1260; x_wconf 65' lang='lat' dir='ltr'><strong>involvi.x</strong></span> <span class='ocrx_word' id='word_1_92' title='bbox 1167 1200 1290 1278; x_wconf 90' lang='lat' dir='ltr'><strong>Siquid</strong></span> 
     </span>
     <span class='ocr_line' id='line_1_12' title="bbox 90 1281 1290 1361; baseline 0.003 -21"><span class='ocrx_word' id='word_1_93' title='bbox 90 1281 152 1340; x_wconf 90' lang='lat' dir='ltr'><strong>enim</strong></span> <span class='ocrx_word' id='word_1_94' title='bbox 166 1281 360 1343; x_wconf 80' lang='lat' dir='ltr'><strong>Tertullianus</strong></span> <span class='ocrx_word' id='word_1_95' title='bbox 376 1283 553 1344; x_wconf 90' lang='lat' dir='ltr'><strong>daemonum</strong></span> <span class='ocrx_word' id='word_1_96' title='bbox 574 1301 683 1361; x_wconf 88' lang='lat' dir='ltr'><strong>corpus</strong></span> <span class='ocrx_word' id='word_1_97' title='bbox 705 1301 773 1344; x_wconf 90' lang='lat' dir='ltr'><strong>esse</strong></span> <span class='ocrx_word' id='word_1_98' title='bbox 795 1283 981 1355; x_wconf 88' lang='lat' dir='ltr'><strong>existimavit,</strong></span> <span class='ocrx_word' id='word_1_99' title='bbox 1003 1283 1073 1344; x_wconf 91' lang='lat' dir='ltr'><strong>illud</strong></span> <span class='ocrx_word' id='word_1_100' title='bbox 1096 1283 1290 1361; x_wconf 83' lang='lat' dir='ltr'><strong>proculdubio</strong></span> 
     </span>
    </p>
   </div>
   <div class='ocr_carea' id='block_1_3' title="bbox 89 1365 1471 1446">
    <p class='ocr_par' dir='ltr' id='par_1_4' title="bbox 89 1365 1471 1446">
     <span class='ocr_line' id='line_1_13' title="bbox 89 1365 1471 1446; baseline 0.004 -22"><span class='ocrx_word' id='word_1_101' title='bbox 89 1383 131 1424; x_wconf 89' lang='lat' dir='ltr'><strong>neo</strong></span> <span class='ocrx_word' id='word_1_102' title='bbox 147 1366 302 1427; x_wconf 85' lang='lat' dir='ltr'><strong>humanum</strong></span> <span class='ocrx_word' id='word_1_103' title='bbox 330 1385 385 1426; x_wconf 88' lang='lat' dir='ltr'><strong>noc</strong></span> <span class='ocrx_word' id='word_1_104' title='bbox 405 1367 532 1428; x_wconf 80' lang='lat' dir='ltr'><strong>hunmna</strong></span> <span class='ocrx_word' id='word_1_105' title='bbox 554 1367 647 1446; x_wconf 86' lang='lat' dir='ltr'><strong>ligura</strong></span> <span class='ocrx_word' id='word_1_106' title='bbox 669 1367 796 1444; x_wconf 81' lang='lat' dir='ltr'><strong>effictum</strong></span> <span class='ocrx_word' id='word_1_107' title='bbox 827 1385 894 1428; x_wconf 92' lang='lat' dir='ltr'><strong>esse</strong></span> <span class='ocrx_word' id='word_1_108' title='bbox 923 1367 1047 1428; x_wconf 87' lang='lat' dir='ltr'><strong>censuit.</strong></span> <span class='ocrx_word' id='word_1_109' title='bbox 1093 1367 1172 1439; x_wconf 80' lang='lat' dir='ltr'><strong>Quid</strong></span> <span class='ocrx_word' id='word_1_110' title='bbox 1194 1365 1289 1445; x_wconf 82' lang='lat' dir='ltr'><strong>ergo‘l</strong></span> <span class='ocrx_word' id='word_1_111' title='bbox 1412 1423 1415 1432; x_wconf 72' lang='grc'>,</span> <span class='ocrx_word' id='word_1_112' title='bbox 1464 1371 1471 1382; x_wconf 85' lang='grc'><em>“</em></span> 
     </span>
    </p>
   </div>
   <div class='ocr_carea' id='block_1_4' title="bbox 66 1449 1365 4552">
    <p class='ocr_par' dir='ltr' id='par_1_5' title="bbox 66 1449 1365 4552">
     <span class='ocr_line' id='line_1_14' title="bbox 91 1449 1291 1530; baseline 0.004 -23"><span class='ocrx_word' id='word_1_113' title='bbox 91 1449 214 1528; x_wconf 76' lang='lat' dir='ltr'><strong>Numquid</strong></span> <span class='ocrx_word' id='word_1_114' title='bbox 247 1450 370 1528; x_wconf 89' lang='lat' dir='ltr'><strong>putabat</strong></span> <span class='ocrx_word' id='word_1_115' title='bbox 390 1451 532 1530; x_wconf 87' lang='lat' dir='ltr'><strong>quaedam</strong></span> <span class='ocrx_word' id='word_1_116' title='bbox 561 1467 628 1512; x_wconf 91' lang='lat' dir='ltr'><strong>esse</strong></span> <span class='ocrx_word' id='word_1_117' title='bbox 646 1458 807 1522; x_wconf 88' lang='lat' dir='ltr'><strong>monstra,</strong></span> <span class='ocrx_word' id='word_1_118' title='bbox 843 1469 919 1529; x_wconf 86' lang='lat' dir='ltr'><strong>quae</strong></span> <span class='ocrx_word' id='word_1_119' title='bbox 945 1469 1001 1512; x_wconf 88' lang='lat' dir='ltr'><strong>nee</strong></span> <span class='ocrx_word' id='word_1_120' title='bbox 1028 1451 1123 1529; x_wconf 91' lang='lat' dir='ltr'><strong>angeli</strong></span> <span class='ocrx_word' id='word_1_121' title='bbox 1145 1459 1215 1512; x_wconf 87' lang='lat' dir='ltr'><strong>sunt</strong></span> <span class='ocrx_word' id='word_1_122' title='bbox 1236 1469 1291 1512; x_wconf 90' lang='lat' dir='ltr'><strong>nee</strong></span> 
     </span>
     <span class='ocr_line' id='line_1_15' title="bbox 92 1531 1290 1613; baseline 0.003 -20"><span class='ocrx_word' id='word_1_123' title='bbox 92 1531 225 1594; x_wconf 80' lang='lat' dir='ltr'><strong>homines?</strong></span> <span class='ocrx_word' id='word_1_124' title='bbox 268 1535 307 1596; x_wconf 80' lang='lat' dir='ltr'><strong>nt</strong></span> <span class='ocrx_word' id='word_1_125' title='bbox 333 1552 433 1595; x_wconf 91' lang='lat' dir='ltr'><strong>nonne</strong></span> <span class='ocrx_word' id='word_1_126' title='bbox 454 1534 512 1594; x_wconf 90' lang='lat' dir='ltr'><strong>hoc</strong></span> <span class='ocrx_word' id='word_1_127' title='bbox 539 1535 636 1613; x_wconf 87' lang='lat' dir='ltr'><strong>ipsum</strong></span> <span class='ocrx_word' id='word_1_128' title='bbox 665 1534 808 1595; x_wconf 89' lang='lat' dir='ltr'><strong>absurdae</strong></span> <span class='ocrx_word' id='word_1_129' title='bbox 841 1534 992 1613; x_wconf 91' lang='lat' dir='ltr'><strong>opinionis</strong></span> <span class='ocrx_word' id='word_1_130' title='bbox 1024 1541 1189 1596; x_wconf 88' lang='lat' dir='ltr'><strong>monstrum</strong></span> <span class='ocrx_word' id='word_1_131' title='bbox 1221 1533 1290 1596; x_wconf 76' lang='lat' dir='ltr'><strong>est?</strong></span> 
     </span>
     <span class='ocr_line' id='line_1_16' title="bbox 92 1615 1362 1696; baseline 0.004 -21"><span class='ocrx_word' id='word_1_132' title='bbox 92 1615 274 1678; x_wconf 87' lang='lat' dir='ltr'><strong>l&#39;orumtamen</strong></span> <span class='ocrx_word' id='word_1_133' title='bbox 299 1618 367 1680; x_wconf 89' lang='lat' dir='ltr'><strong>inde</strong></span> <span class='ocrx_word' id='word_1_134' title='bbox 388 1617 567 1691; x_wconf 85' lang='lat' dir='ltr'><strong>Lactantius,</strong></span> <span class='ocrx_word' id='word_1_135' title='bbox 596 1627 628 1680; x_wconf 90' lang='lat' dir='ltr'><strong>ut</strong></span> <span class='ocrx_word' id='word_1_136' title='bbox 649 1637 705 1680; x_wconf 92' lang='lat' dir='ltr'><strong>suo</strong></span> <span class='ocrx_word' id='word_1_137' title='bbox 728 1618 795 1680; x_wconf 86' lang='lat' dir='ltr'><strong>loco</strong></span> <span class='ocrx_word' id='word_1_138' title='bbox 818 1618 1076 1680; x_wconf 85' lang='lat' dir='ltr'><strong>animadvertimus</strong></span> <span class='ocrx_word' id='word_1_139' title='bbox 1099 1618 1235 1692; x_wconf 84' lang='lat' dir='ltr'><strong>(Dissert.</strong></span> <span class='ocrx_word' id='word_1_140' title='bbox 1259 1618 1290 1680; x_wconf 90' lang='lat' dir='ltr'><strong>iu</strong></span> <span class='ocrx_word' id='word_1_141' title='bbox 1357 1685 1362 1696; x_wconf 60' lang='grc'>,</span> 
     </span>
     <span class='ocr_line' id='line_1_17' title="bbox 92 1699 1289 1782; baseline 0.002 -21"><span class='ocrx_word' id='word_1_142' title='bbox 92 1699 196 1762; x_wconf 79' lang='lat' dir='ltr'><strong>lauant</strong></span> <span class='ocrx_word' id='word_1_143' title='bbox 218 1721 282 1781; x_wconf 88' lang='lat' dir='ltr'><strong>cap.</strong></span> <span class='ocrx_word' id='word_1_144' title='bbox 300 1706 351 1767; x_wconf 79' lang='lat'><strong>20.</strong></span> <span class='ocrx_word' id='word_1_145' title='bbox 373 1705 434 1764; x_wconf 80' lang='lat' dir='ltr'><strong>Art.</strong></span> <span class='ocrx_word' id='word_1_146' title='bbox 450 1707 505 1778; x_wconf 79' lang='grc'>4.),</span> <span class='ocrx_word' id='word_1_147' title='bbox 527 1703 643 1764; x_wconf 87' lang='lat' dir='ltr'><strong>ridetur</strong></span> <span class='ocrx_word' id='word_1_148' title='bbox 665 1721 749 1764; x_wconf 90' lang='lat' dir='ltr'><strong>suam</strong></span> <span class='ocrx_word' id='word_1_149' title='bbox 772 1702 918 1764; x_wconf 88' lang='lat' dir='ltr'><strong>delibasse</strong></span> <span class='ocrx_word' id='word_1_150' title='bbox 941 1703 1122 1782; x_wconf 84' lang='lat' dir='ltr'><strong>opinionem,</strong></span> <span class='ocrx_word' id='word_1_151' title='bbox 1155 1721 1211 1780; x_wconf 89' lang='lat' dir='ltr'><strong>qua</strong></span> <span class='ocrx_word' id='word_1_152' title='bbox 1233 1702 1289 1763; x_wconf 89' lang='lat' dir='ltr'><strong>do·</strong></span> 
     </span>
     <span class='ocr_line' id='line_1_18' title="bbox 92 1786 1289 1864; baseline 0.003 -21"><span class='ocrx_word' id='word_1_153' title='bbox 92 1793 126 1844; x_wconf 82' lang='lat' dir='ltr'><strong>ret</strong></span> <span class='ocrx_word' id='word_1_154' title='bbox 141 1786 262 1847; x_wconf 89' lang='lat' dir='ltr'><strong>mediam</strong></span> <span class='ocrx_word' id='word_1_155' title='bbox 285 1787 430 1864; x_wconf 89' lang='lat' dir='ltr'><strong>quandam</strong></span> <span class='ocrx_word' id='word_1_156' title='bbox 452 1805 529 1864; x_wconf 62' lang='lat' dir='ltr'><strong>esse,</strong></span> <span class='ocrx_word' id='word_1_157' title='bbox 548 1787 726 1848; x_wconf 87' lang='lat' dir='ltr'><strong>daemonum</strong></span> <span class='ocrx_word' id='word_1_158' title='bbox 755 1787 832 1848; x_wconf 90' lang='lat' dir='ltr'><strong>inter</strong></span> <span class='ocrx_word' id='word_1_159' title='bbox 854 1786 974 1864; x_wconf 81' lang='lat' dir='ltr'><strong>angelos</strong></span> <span class='ocrx_word' id='word_1_160' title='bbox 997 1795 1026 1849; x_wconf 90' lang='lat' dir='ltr'><strong>et</strong></span> <span class='ocrx_word' id='word_1_161' title='bbox 1047 1787 1184 1848; x_wconf 87' lang='lat' dir='ltr'><strong>homines</strong></span> <span class='ocrx_word' id='word_1_162' title='bbox 1201 1794 1289 1848; x_wconf 90' lang='lat' dir='ltr'><strong>natu·</strong></span> 
     </span>
     <span class='ocr_line' id='line_1_19' title="bbox 91 1869 1290 1949; baseline 0.003 -21"><span class='ocrx_word' id='word_1_163' title='bbox 91 1885 145 1928; x_wconf 81' lang='lat' dir='ltr'><strong>un.</strong></span> <span class='ocrx_word' id='word_1_164' title='bbox 185 1871 294 1932; x_wconf 82' lang='lat' dir='ltr'><strong>Verum</strong></span> <span class='ocrx_word' id='word_1_165' title='bbox 317 1871 513 1932; x_wconf 89' lang='lat' dir='ltr'><strong>Tertullianus</strong></span> <span class='ocrx_word' id='word_1_166' title='bbox 541 1870 572 1932; x_wconf 93' lang='lat' dir='ltr'><strong>in</strong></span> <span class='ocrx_word' id='word_1_167' title='bbox 594 1889 650 1932; x_wconf 91' lang='lat' dir='ltr'><strong>suo</strong></span> <span class='ocrx_word' id='word_1_168' title='bbox 679 1869 781 1932; x_wconf 87' lang='lat' dir='ltr'><strong>saltem</strong></span> <span class='ocrx_word' id='word_1_169' title='bbox 802 1870 993 1949; x_wconf 80' lang='lat' dir='ltr'><strong>Apologetico</strong></span> <span class='ocrx_word' id='word_1_170' title='bbox 1021 1871 1090 1932; x_wconf 92' lang='lat' dir='ltr'><strong>illud</strong></span> <span class='ocrx_word' id='word_1_171' title='bbox 1113 1889 1168 1932; x_wconf 90' lang='lat' dir='ltr'><strong>nec</strong></span> <span class='ocrx_word' id='word_1_172' title='bbox 1189 1879 1290 1949; x_wconf 88' lang='lat' dir='ltr'><strong>aperte</strong></span> 
     </span>
     <span class='ocr_line' id='line_1_20' title="bbox 93 1949 1290 2035; baseline 0.005 -25"><span class='ocrx_word' id='word_1_173' title='bbox 93 1953 189 2014; x_wconf 78' lang='lat' dir='ltr'><strong>ommno</strong></span> <span class='ocrx_word' id='word_1_174' title='bbox 211 1973 267 2016; x_wconf 91' lang='lat' dir='ltr'><strong>nec</strong></span> <span class='ocrx_word' id='word_1_175' title='bbox 288 1955 423 2016; x_wconf 88' lang='lat' dir='ltr'><strong>absolute</strong></span> <span class='ocrx_word' id='word_1_176' title='bbox 445 1949 586 2026; x_wconf 85' lang='lat' dir='ltr'><strong>delinivit,</strong></span> <span class='ocrx_word' id='word_1_177' title='bbox 609 1955 662 2016; x_wconf 93' lang='lat' dir='ltr'><strong>sed</strong></span> <span class='ocrx_word' id='word_1_178' title='bbox 685 1973 748 2016; x_wconf 79' lang='lat' dir='ltr'><strong>earn</strong></span> <span class='ocrx_word' id='word_1_179' title='bbox 771 1974 839 2016; x_wconf 89' lang='lat' dir='ltr'><strong>esso</strong></span> <span class='ocrx_word' id='word_1_180' title='bbox 862 1975 937 2034; x_wconf 82' lang='lat' dir='ltr'><strong>quoe</strong></span> <span class='ocrx_word' id='word_1_181' title='bbox 958 1956 1040 2035; x_wconf 86' lang='lat' dir='ltr'><strong>opud</strong></span> <span class='ocrx_word' id='word_1_182' title='bbox 1062 1967 1193 2018; x_wconf 78' lang='lat' dir='ltr'><strong>sanctas·</strong></span> <span class='ocrx_word' id='word_1_183' title='bbox 1209 1955 1290 2018; x_wconf 82' lang='lat' dir='ltr'><strong>litte-</strong></span> 
     </span>
     <span class='ocr_line' id='line_1_21' title="bbox 93 2038 1365 2117; baseline 0.003 -23"><span class='ocrx_word' id='word_1_184' title='bbox 93 2053 131 2096; x_wconf 84' lang='lat' dir='ltr'><strong>ras</strong></span> <span class='ocrx_word' id='word_1_185' title='bbox 150 2040 249 2100; x_wconf 88' lang='lat' dir='ltr'><strong>ordine</strong></span> <span class='ocrx_word' id='word_1_186' title='bbox 272 2044 465 2117; x_wconf 79' lang='lat' dir='ltr'><strong>cognoscitur</strong></span> <span class='ocrx_word' id='word_1_187' title='bbox 487 2039 620 2109; x_wconf 90' lang='lat' dir='ltr'><strong>(Tertull.</strong></span> <span class='ocrx_word' id='word_1_188' title='bbox 642 2039 795 2117; x_wconf 71' lang='lat' dir='ltr'><strong>apologet.</strong></span> <span class='ocrx_word' id='word_1_189' title='bbox 818 2057 881 2117; x_wconf 89' lang='lat' dir='ltr'><strong>cap.</strong></span> <span class='ocrx_word' id='word_1_190' title='bbox 903 2041 978 2114; x_wconf 60' lang='grc' dir='ltr'><strong>η).</strong></span> <span class='ocrx_word' id='word_1_191' title='bbox 1024 2038 1140 2116; x_wconf 86' lang='lat' dir='ltr'><strong>Optime</strong></span> <span class='ocrx_word' id='word_1_192' title='bbox 1161 2038 1290 2116; x_wconf 89' lang='lat' dir='ltr'><strong>quidem,</strong></span> <span class='ocrx_word' id='word_1_193' title='bbox 1360 2041 1365 2050; x_wconf 89' lang='lat'>&#39;</span> 
     </span>
     <span class='ocr_line' id='line_1_22' title="bbox 93 2120 1289 2184; baseline 0.003 -6"><span class='ocrx_word' id='word_1_194' title='bbox 93 2120 110 2178; x_wconf 82' lang='lat' dir='ltr'><strong>ti</strong></span> <span class='ocrx_word' id='word_1_195' title='bbox 126 2123 150 2180; x_wconf 93' lang='lat' dir='ltr'><strong>io</strong></span> <span class='ocrx_word' id='word_1_196' title='bbox 168 2122 229 2184; x_wconf 92' lang='lat' dir='ltr'><strong>aliis</strong></span> <span class='ocrx_word' id='word_1_197' title='bbox 250 2122 337 2184; x_wconf 92' lang='lat' dir='ltr'><strong>libris</strong></span> <span class='ocrx_word' id='word_1_198' title='bbox 358 2123 432 2183; x_wconf 91' lang='lat' dir='ltr'><strong>intra</strong></span> <span class='ocrx_word' id='word_1_199' title='bbox 461 2124 552 2184; x_wconf 87' lang='lat' dir='ltr'><strong>hosce</strong></span> <span class='ocrx_word' id='word_1_200' title='bbox 574 2141 660 2183; x_wconf 85' lang='lat' dir='ltr'><strong>verae</strong></span> <span class='ocrx_word' id='word_1_201' title='bbox 682 2123 833 2184; x_wconf 87' lang='lat' dir='ltr'><strong>doetrinae</strong></span> <span class='ocrx_word' id='word_1_202' title='bbox 859 2123 969 2184; x_wconf 90' lang='lat' dir='ltr'><strong>limites</strong></span> <span class='ocrx_word' id='word_1_203' title='bbox 993 2141 1061 2183; x_wconf 87' lang='lat' dir='ltr'><strong>sese</strong></span> <span class='ocrx_word' id='word_1_204' title='bbox 1083 2122 1289 2184; x_wconf 84' lang='lat' dir='ltr'><strong>continuisset</strong></span> 
     </span>
     <span class='ocr_line' id='line_1_23' title="bbox 155 2205 1327 2285; baseline -0.001 -19"><span class='ocrx_word' id='word_1_205' title='bbox 155 2205 305 2279; x_wconf 83' lang='lat' dir='ltr'><strong>Ceterum,</strong></span> <span class='ocrx_word' id='word_1_206' title='bbox 336 2207 393 2267; x_wconf 89' lang='lat' dir='ltr'><strong>etsi</strong></span> <span class='ocrx_word' id='word_1_207' title='bbox 416 2207 552 2285; x_wconf 89' lang='lat' dir='ltr'><strong>opinatus</strong></span> <span class='ocrx_word' id='word_1_208' title='bbox 574 2207 613 2269; x_wconf 93' lang='lat' dir='ltr'><strong>sit</strong></span> <span class='ocrx_word' id='word_1_209' title='bbox 634 2213 768 2268; x_wconf 89' lang='lat' dir='ltr'><strong>naturam</strong></span> <span class='ocrx_word' id='word_1_210' title='bbox 790 2207 966 2268; x_wconf 90' lang='lat' dir='ltr'><strong>daemonum</strong></span> <span class='ocrx_word' id='word_1_211' title='bbox 989 2225 1044 2267; x_wconf 90' lang='lat' dir='ltr'><strong>nec</strong></span> <span class='ocrx_word' id='word_1_212' title='bbox 1065 2206 1213 2284; x_wconf 78' lang='lat' dir='ltr'><strong>angelicae</strong></span> <span class='ocrx_word' id='word_1_213' title='bbox 1235 2223 1291 2276; x_wconf 79' lang='lat' dir='ltr'><strong>nec</strong></span> <span class='ocrx_word' id='word_1_214' title='bbox 1322 2245 1327 2252; x_wconf 89' lang='lat'><em>-</em></span> 
     </span>
     <span class='ocr_line' id='line_1_24' title="bbox 94 2279 1315 2370; baseline 0.003 -24"><span class='ocrx_word' id='word_1_215' title='bbox 94 2285 209 2351; x_wconf 87' lang='lat' dir='ltr'><strong>bonanae</strong></span> <span class='ocrx_word' id='word_1_216' title='bbox 236 2309 308 2352; x_wconf 89' lang='lat' dir='ltr'><strong>esse</strong></span> <span class='ocrx_word' id='word_1_217' title='bbox 334 2307 451 2370; x_wconf 82' lang='lat' dir='ltr'><strong>parem,</strong></span> <span class='ocrx_word' id='word_1_218' title='bbox 486 2292 537 2352; x_wconf 90' lang='lat' dir='ltr'><strong>sed</strong></span> <span class='ocrx_word' id='word_1_219' title='bbox 566 2291 674 2368; x_wconf 91' lang='lat' dir='ltr'><strong>aliquid</strong></span> <span class='ocrx_word' id='word_1_220' title='bbox 704 2291 781 2352; x_wconf 89' lang='lat' dir='ltr'><strong>inter</strong></span> <span class='ocrx_word' id='word_1_221' title='bbox 809 2299 962 2369; x_wconf 91' lang='lat' dir='ltr'><strong>utramque</strong></span> <span class='ocrx_word' id='word_1_222' title='bbox 989 2291 1118 2352; x_wconf 91' lang='lat' dir='ltr'><strong>medium</strong></span> <span class='ocrx_word' id='word_1_223' title='bbox 1139 2309 1200 2352; x_wconf 89' lang='lat' dir='ltr'><strong>noo</strong></span> <span class='ocrx_word' id='word_1_224' title='bbox 1221 2279 1315 2350; x_wconf 59' lang='lat' dir='ltr'><strong>inde*</strong></span> 
     </span>
     <span class='ocr_line' id='line_1_25' title="bbox 95 2373 1291 2452; baseline 0.005 -24"><span class='ocrx_word' id='word_1_225' title='bbox 95 2379 168 2433; x_wconf 84' lang='lat' dir='ltr'><strong>taum</strong></span> <span class='ocrx_word' id='word_1_226' title='bbox 187 2375 329 2436; x_wconf 90' lang='lat' dir='ltr'><strong>continuo</strong></span> <span class='ocrx_word' id='word_1_227' title='bbox 351 2375 455 2435; x_wconf 89' lang='lat' dir='ltr'><strong>inlerri</strong></span> <span class='ocrx_word' id='word_1_228' title='bbox 478 2375 566 2436; x_wconf 87' lang='lat' dir='ltr'><strong>debet</strong></span> <span class='ocrx_word' id='word_1_229' title='bbox 587 2375 669 2436; x_wconf 91' lang='lat' dir='ltr'><strong>illurn</strong></span> <span class='ocrx_word' id='word_1_230' title='bbox 691 2392 818 2452; x_wconf 89' lang='lat' dir='ltr'><strong>negasse</strong></span> <span class='ocrx_word' id='word_1_231' title='bbox 840 2374 967 2452; x_wconf 73' lang='lat' dir='ltr'><strong>Angelos</strong></span> <span class='ocrx_word' id='word_1_232' title='bbox 990 2393 1057 2435; x_wconf 87' lang='lat' dir='ltr'><strong>esse</strong></span> <span class='ocrx_word' id='word_1_233' title='bbox 1081 2374 1214 2452; x_wconf 87' lang='lat' dir='ltr'><strong>spiritus.</strong></span> <span class='ocrx_word' id='word_1_234' title='bbox 1259 2373 1291 2434; x_wconf 90' lang='lat' dir='ltr'><strong>Si</strong></span> 
     </span>
     <span class='ocr_line' id='line_1_26' title="bbox 93 2457 1290 2537; baseline 0.002 -21"><span class='ocrx_word' id='word_1_235' title='bbox 93 2457 150 2531; x_wconf 87' lang='lat' dir='ltr'><strong>qnod</strong></span> <span class='ocrx_word' id='word_1_236' title='bbox 169 2458 317 2519; x_wconf 75' lang='lat' dir='ltr'><strong>enimvero</strong></span> <span class='ocrx_word' id='word_1_237' title='bbox 340 2459 534 2520; x_wconf 88' lang='lat' dir='ltr'><strong>daemonibus</strong></span> <span class='ocrx_word' id='word_1_238' title='bbox 556 2477 665 2537; x_wconf 91' lang='lat' dir='ltr'><strong>corpus</strong></span> <span class='ocrx_word' id='word_1_239' title='bbox 681 2457 822 2532; x_wconf 71' lang='lat' dir='ltr'><strong>attribuit,</strong></span> <span class='ocrx_word' id='word_1_240' title='bbox 836 2459 914 2520; x_wconf 86' lang='lat' dir='ltr'><strong>‘illud</strong></span> <span class='ocrx_word' id='word_1_241' title='bbox 930 2465 1038 2530; x_wconf 72' lang='lat' dir='ltr'><strong>motae,</strong></span> <span class='ocrx_word' id='word_1_242' title='bbox 1061 2459 1138 2519; x_wconf 88' lang='lat' dir='ltr'><strong>siout</strong></span> <span class='ocrx_word' id='word_1_243' title='bbox 1153 2457 1290 2530; x_wconf 83' lang='lat' dir='ltr'><strong>vidimus,</strong></span> 
     </span>
     <span class='ocr_line' id='line_1_27' title="bbox 95 2541 1340 2621; baseline 0.005 -25"><span class='ocrx_word' id='word_1_244' title='bbox 95 2541 215 2603; x_wconf 79' lang='lat' dir='ltr'><strong>annuos</strong></span> <span class='ocrx_word' id='word_1_245' title='bbox 245 2551 277 2604; x_wconf 90' lang='lat' dir='ltr'><strong>et</strong></span> <span class='ocrx_word' id='word_1_246' title='bbox 300 2542 470 2604; x_wconf 85' lang='lat' dir='ltr'><strong>subtilitatis</strong></span> <span class='ocrx_word' id='word_1_247' title='bbox 494 2561 561 2604; x_wconf 89' lang='lat' dir='ltr'><strong>esse</strong></span> <span class='ocrx_word' id='word_1_248' title='bbox 583 2542 767 2621; x_wconf 90' lang='lat' dir='ltr'><strong>opinabatur,</strong></span> <span class='ocrx_word' id='word_1_249' title='bbox 795 2561 851 2620; x_wconf 90' lang='lat' dir='ltr'><strong>qua</strong></span> <span class='ocrx_word' id='word_1_250' title='bbox 873 2543 969 2603; x_wconf 89' lang='lat' dir='ltr'><strong>maior</strong></span> <span class='ocrx_word' id='word_1_251' title='bbox 991 2542 1070 2602; x_wconf 87' lang='lat' dir='ltr'><strong>nulla</strong></span> <span class='ocrx_word' id='word_1_252' title='bbox 1092 2559 1160 2602; x_wconf 88' lang='lat' dir='ltr'><strong>esse</strong></span> <span class='ocrx_word' id='word_1_253' title='bbox 1181 2549 1290 2620; x_wconf 79' lang='lat' dir='ltr'><strong>potest.</strong></span> <span class='ocrx_word' id='word_1_254' title='bbox 1334 2603 1340 2611; x_wconf 81' lang='grc'><strong>,</strong></span> 
     </span>
     <span class='ocr_line' id='line_1_28' title="bbox 94 2619 1289 2704; baseline 0.005 -24"><span class='ocrx_word' id='word_1_255' title='bbox 94 2619 242 2688; x_wconf 80' lang='lat' dir='ltr'><strong>lentarum</strong></span> <span class='ocrx_word' id='word_1_256' title='bbox 266 2636 364 2688; x_wconf 74' lang='lat' dir='ltr'><strong>aumm</strong></span> <span class='ocrx_word' id='word_1_257' title='bbox 387 2627 529 2688; x_wconf 89' lang='lat' dir='ltr'><strong>habuisse</strong></span> <span class='ocrx_word' id='word_1_258' title='bbox 550 2627 667 2688; x_wconf 84' lang='lat' dir='ltr'><strong>ridetur</strong></span> <span class='ocrx_word' id='word_1_259' title='bbox 688 2627 932 2704; x_wconf 89' lang='lat' dir='ltr'><strong>praestantiorem</strong></span> <span class='ocrx_word' id='word_1_260' title='bbox 949 2645 1015 2686; x_wconf 90' lang='lat' dir='ltr'><strong>esse</strong></span> <span class='ocrx_word' id='word_1_261' title='bbox 1028 2626 1176 2686; x_wconf 88' lang='lat' dir='ltr'><strong>bonorum</strong></span> <span class='ocrx_word' id='word_1_262' title='bbox 1190 2625 1289 2702; x_wconf 82' lang='lat' dir='ltr'><strong>Ange-</strong></span> 
     </span>
     <span class='ocr_line' id='line_1_29' title="bbox 96 2704 1289 2789; baseline 0 -21"><span class='ocrx_word' id='word_1_263' title='bbox 96 2704 165 2768; x_wconf 87' lang='lat' dir='ltr'><strong>brum</strong></span> <span class='ocrx_word' id='word_1_264' title='bbox 196 2729 284 2789; x_wconf 90' lang='lat' dir='ltr'><strong>quarn</strong></span> <span class='ocrx_word' id='word_1_265' title='bbox 312 2711 489 2776; x_wconf 86' lang='lat' dir='ltr'><strong>daemonum</strong></span> <span class='ocrx_word' id='word_1_266' title='bbox 519 2717 663 2771; x_wconf 85' lang='lat' dir='ltr'><strong>nauaram.</strong></span> <span class='ocrx_word' id='word_1_267' title='bbox 706 2712 744 2770; x_wconf 81' lang='lat' dir='ltr'><strong>nt</strong></span> <span class='ocrx_word' id='word_1_268' title='bbox 765 2727 841 2787; x_wconf 89' lang='lat' dir='ltr'><strong>quo,</strong></span> <span class='ocrx_word' id='word_1_269' title='bbox 870 2709 997 2770; x_wconf 90' lang='lat' dir='ltr'><strong>obsecro</strong></span> <span class='ocrx_word' id='word_1_270' title='bbox 1020 2717 1065 2779; x_wconf 91' lang='lat' dir='ltr'><strong>te,</strong></span> <span class='ocrx_word' id='word_1_271' title='bbox 1089 2707 1178 2768; x_wconf 92' lang='lat' dir='ltr'><strong>modo</strong></span> <span class='ocrx_word' id='word_1_272' title='bbox 1201 2725 1289 2785; x_wconf 89' lang='lat' dir='ltr'><strong>prae-</strong></span> 
     </span>
     <span class='ocr_line' id='line_1_30' title="bbox 97 2791 1290 2873; baseline 0.003 -25"><span class='ocrx_word' id='word_1_273' title='bbox 97 2793 194 2854; x_wconf 87' lang='lat' dir='ltr'><strong>stantior</strong></span> <span class='ocrx_word' id='word_1_274' title='bbox 214 2810 284 2856; x_wconf 87' lang='lat' dir='ltr'><strong>esse</strong></span> <span class='ocrx_word' id='word_1_275' title='bbox 306 2803 416 2873; x_wconf 90' lang='lat' dir='ltr'><strong>potest,</strong></span> <span class='ocrx_word' id='word_1_276' title='bbox 439 2795 499 2856; x_wconf 88' lang='lat' dir='ltr'><strong>nisi</strong></span> <span class='ocrx_word' id='word_1_277' title='bbox 520 2797 594 2856; x_wconf 89' lang='lat' dir='ltr'><strong>baec</strong></span> <span class='ocrx_word' id='word_1_278' title='bbox 608 2795 647 2855; x_wconf 89' lang='lat' dir='ltr'><strong>sit</strong></span> <span class='ocrx_word' id='word_1_279' title='bbox 668 2812 749 2854; x_wconf 91' lang='lat' dir='ltr'><strong>mere</strong></span> <span class='ocrx_word' id='word_1_280' title='bbox 770 2792 912 2870; x_wconf 90' lang='lat' dir='ltr'><strong>spiritalis</strong></span> <span class='ocrx_word' id='word_1_281' title='bbox 934 2791 1064 2868; x_wconf 87' lang='lat' dir='ltr'><strong>nihilque</strong></span> <span class='ocrx_word' id='word_1_282' title='bbox 1080 2809 1204 2868; x_wconf 91' lang='lat' dir='ltr'><strong>prorsus</strong></span> <span class='ocrx_word' id='word_1_283' title='bbox 1220 2808 1290 2852; x_wconf 86' lang='lat' dir='ltr'><strong>eor·</strong></span> 
     </span>
     <span class='ocr_line' id='line_1_31' title="bbox 97 2874 1290 2955; baseline 0.001 -20"><span class='ocrx_word' id='word_1_284' title='bbox 97 2877 155 2948; x_wconf 83' lang='lat' dir='ltr'><strong>porei</strong></span> <span class='ocrx_word' id='word_1_285' title='bbox 174 2877 302 2940; x_wconf 78' lang='lat' dir='ltr'><strong>babeat?</strong></span> <span class='ocrx_word' id='word_1_286' title='bbox 347 2879 455 2951; x_wconf 80' lang='lat' dir='ltr'><strong>Quanti</strong></span> <span class='ocrx_word' id='word_1_287' title='bbox 476 2897 546 2940; x_wconf 85' lang='lat' dir='ltr'><strong>roro</strong></span> <span class='ocrx_word' id='word_1_288' title='bbox 569 2877 657 2938; x_wconf 91' lang='lat' dir='ltr'><strong>adid</strong></span> <span class='ocrx_word' id='word_1_289' title='bbox 679 2876 864 2955; x_wconf 87' lang='lat' dir='ltr'><strong>probandam</strong></span> <span class='ocrx_word' id='word_1_290' title='bbox 886 2875 1027 2953; x_wconf 90' lang='lat' dir='ltr'><strong>ponderis</strong></span> <span class='ocrx_word' id='word_1_291' title='bbox 1050 2874 1110 2935; x_wconf 89' lang='lat' dir='ltr'><strong>sint</strong></span> <span class='ocrx_word' id='word_1_292' title='bbox 1131 2893 1180 2946; x_wconf 89' lang='lat' dir='ltr'><strong>ea,</strong></span> <span class='ocrx_word' id='word_1_293' title='bbox 1215 2892 1290 2952; x_wconf 89' lang='lat' dir='ltr'><strong>quae</strong></span> 
     </span>
     <span class='ocr_line' id='line_1_32' title="bbox 98 2954 1338 3040; baseline -0.002 -20"><span class='ocrx_word' id='word_1_294' title='bbox 98 2954 206 3022; x_wconf 72' lang='lat' dir='ltr'><strong>boetus</strong></span> <span class='ocrx_word' id='word_1_295' title='bbox 225 2963 399 3036; x_wconf 86' lang='lat' dir='ltr'><strong>retulimus,</strong></span> <span class='ocrx_word' id='word_1_296' title='bbox 431 2971 618 3040; x_wconf 86' lang='lat' dir='ltr'><strong>argumenta,</strong></span> <span class='ocrx_word' id='word_1_297' title='bbox 651 2960 717 3021; x_wconf 89' lang='lat' dir='ltr'><strong>aliis</strong></span> <span class='ocrx_word' id='word_1_298' title='bbox 739 2959 926 3020; x_wconf 90' lang='lat' dir='ltr'><strong>iudicandum</strong></span> <span class='ocrx_word' id='word_1_299' title='bbox 949 2958 1153 3036; x_wconf 88' lang='lat' dir='ltr'><strong>relinquimus.</strong></span> <span class='ocrx_word' id='word_1_300' title='bbox 1196 2958 1290 3018; x_wconf 91' lang='lat' dir='ltr'><strong>Nemo</strong></span> <span class='ocrx_word' id='word_1_301' title='bbox 1334 2983 1338 2992; x_wconf 83' lang='lat'><strong>·</strong></span> 
     </span>
     <span class='ocr_line' id='line_1_33' title="bbox 98 3041 1291 3126; baseline 0 -24"><span class='ocrx_word' id='word_1_302' title='bbox 98 3053 181 3116; x_wconf 75' lang='lat' dir='ltr'><strong>arom,</strong></span> <span class='ocrx_word' id='word_1_303' title='bbox 208 3047 265 3108; x_wconf 87' lang='lat' dir='ltr'><strong>nisi</strong></span> <span class='ocrx_word' id='word_1_304' title='bbox 288 3047 541 3126; x_wconf 76' lang='lat' dir='ltr'><strong>planetatorum,</strong></span> <span class='ocrx_word' id='word_1_305' title='bbox 570 3044 681 3106; x_wconf 84' lang='lat' dir='ltr'><strong>inficias</strong></span> <span class='ocrx_word' id='word_1_306' title='bbox 704 3044 759 3104; x_wconf 90' lang='lat' dir='ltr'><strong>ibit</strong></span> <span class='ocrx_word' id='word_1_307' title='bbox 779 3044 805 3104; x_wconf 92' lang='lat' dir='ltr'><strong>si</strong></span> <span class='ocrx_word' id='word_1_308' title='bbox 828 3043 894 3122; x_wconf 88' lang='lat' dir='ltr'><strong>quis</strong></span> <span class='ocrx_word' id='word_1_309' title='bbox 916 3043 946 3104; x_wconf 93' lang='lat' dir='ltr'><strong>in</strong></span> <span class='ocrx_word' id='word_1_310' title='bbox 975 3042 1022 3104; x_wconf 91' lang='lat' dir='ltr'><strong>bis</strong></span> <span class='ocrx_word' id='word_1_311' title='bbox 1046 3041 1183 3102; x_wconf 90' lang='lat' dir='ltr'><strong>omnibus</strong></span> <span class='ocrx_word' id='word_1_312' title='bbox 1206 3059 1291 3102; x_wconf 91' lang='lat' dir='ltr'><strong>error</strong></span> 
     </span>
     <span class='ocr_line' id='line_1_34' title="bbox 99 3124 1291 3208; baseline 0 -22"><span class='ocrx_word' id='word_1_313' title='bbox 99 3124 300 3202; x_wconf 75' lang='lat' dir='ltr'><strong>titTertulliaui,</strong></span> <span class='ocrx_word' id='word_1_314' title='bbox 324 3131 436 3192; x_wconf 91' lang='lat' dir='ltr'><strong>nullum</strong></span> <span class='ocrx_word' id='word_1_315' title='bbox 459 3149 494 3191; x_wconf 89' lang='lat' dir='ltr'><strong>eo</strong></span> <span class='ocrx_word' id='word_1_316' title='bbox 517 3149 584 3190; x_wconf 88' lang='lat' dir='ltr'><strong>esse</strong></span> <span class='ocrx_word' id='word_1_317' title='bbox 606 3129 748 3208; x_wconf 88' lang='lat' dir='ltr'><strong>peiorem,</strong></span> <span class='ocrx_word' id='word_1_318' title='bbox 771 3146 829 3205; x_wconf 93' lang='lat' dir='ltr'><strong>quo</strong></span> <span class='ocrx_word' id='word_1_319' title='bbox 850 3124 1202 3206; x_wconf 21' lang='lat' dir='ltr'><strong>pravorumlaogelornm</strong></span> <span class='ocrx_word' id='word_1_320' title='bbox 1224 3143 1291 3188; x_wconf 88' lang='lat' dir='ltr'><strong>oum</strong></span> 
     </span>
     <span class='ocr_line' id='line_1_35' title="bbox 99 3206 1291 3296; baseline 0 -26"><span class='ocrx_word' id='word_1_321' title='bbox 99 3206 181 3272; x_wconf 74' lang='lat' dir='ltr'><strong>filiabus</strong></span> <span class='ocrx_word' id='word_1_322' title='bbox 205 3215 362 3296; x_wconf 84' lang='lat' dir='ltr'><strong>bominum</strong></span> <span class='ocrx_word' id='word_1_323' title='bbox 390 3214 579 3276; x_wconf 88' lang='lat' dir='ltr'><strong>concubitum</strong></span> <span class='ocrx_word' id='word_1_324' title='bbox 610 3221 697 3291; x_wconf 87' lang='lat' dir='ltr'><strong>atque</strong></span> <span class='ocrx_word' id='word_1_325' title='bbox 720 3211 826 3272; x_wconf 86' lang='lat' dir='ltr'><strong>exilio</strong></span> <span class='ocrx_word' id='word_1_326' title='bbox 850 3211 1085 3289; x_wconf 80' lang='lat' dir='ltr'><strong>procreationem</strong></span> <span class='ocrx_word' id='word_1_327' title='bbox 1114 3211 1291 3272; x_wconf 90' lang='lat' dir='ltr'><strong>daemonum</strong></span> 
     </span>
     <span class='ocr_line' id='line_1_36' title="bbox 100 3293 1290 3376; baseline 0 -22"><span class='ocrx_word' id='word_1_328' title='bbox 100 3293 209 3368; x_wconf 78' lang='lat' dir='ltr'><strong>rapturo</strong></span> <span class='ocrx_word' id='word_1_329' title='bbox 229 3298 347 3359; x_wconf 89' lang='lat' dir='ltr'><strong>nititur.</strong></span> <span class='ocrx_word' id='word_1_330' title='bbox 391 3298 451 3359; x_wconf 89' lang='lat' dir='ltr'><strong>Sed</strong></span> <span class='ocrx_word' id='word_1_331' title='bbox 472 3298 548 3370; x_wconf 88' lang='lat' dir='ltr'><strong>ride,</strong></span> <span class='ocrx_word' id='word_1_332' title='bbox 572 3315 693 3376; x_wconf 86' lang='lat' dir='ltr'><strong>quaeso,</strong></span> <span class='ocrx_word' id='word_1_333' title='bbox 722 3313 798 3374; x_wconf 92' lang='lat' dir='ltr'><strong>quae</strong></span> <span class='ocrx_word' id='word_1_334' title='bbox 819 3296 856 3357; x_wconf 91' lang='lat' dir='ltr'><strong>de</strong></span> <span class='ocrx_word' id='word_1_335' title='bbox 877 3295 925 3356; x_wconf 90' lang='lat' dir='ltr'><strong>his</strong></span> <span class='ocrx_word' id='word_1_336' title='bbox 947 3295 977 3356; x_wconf 94' lang='lat' dir='ltr'><strong>in</strong></span> <span class='ocrx_word' id='word_1_337' title='bbox 1000 3293 1155 3372; x_wconf 91' lang='lat' dir='ltr'><strong>superiore</strong></span> <span class='ocrx_word' id='word_1_338' title='bbox 1177 3294 1290 3356; x_wconf 86' lang='lat' dir='ltr'><strong>disser-</strong></span> 
     </span>
     <span class='ocr_line' id='line_1_37' title="bbox 102 3377 1291 3464; baseline 0.004 -29"><span class='ocrx_word' id='word_1_339' title='bbox 102 3377 177 3464; x_wconf 69' lang='lat' dir='ltr'><strong>btione</strong></span> <span class='ocrx_word' id='word_1_340' title='bbox 197 3382 348 3461; x_wconf 87' lang='lat' dir='ltr'><strong>disputata</strong></span> <span class='ocrx_word' id='word_1_341' title='bbox 370 3391 439 3444; x_wconf 89' lang='lat' dir='ltr'><strong>sunt</strong></span> <span class='ocrx_word' id='word_1_342' title='bbox 460 3381 624 3456; x_wconf 85' lang='lat' dir='ltr'><strong>(Dissertat.</strong></span> <span class='ocrx_word' id='word_1_343' title='bbox 649 3381 677 3441; x_wconf 93' lang='lat' dir='ltr'><strong>in</strong></span> <span class='ocrx_word' id='word_1_344' title='bbox 693 3380 824 3440; x_wconf 90' lang='lat' dir='ltr'><strong>Lactant.</strong></span> <span class='ocrx_word' id='word_1_345' title='bbox 840 3397 903 3457; x_wconf 87' lang='lat' dir='ltr'><strong>cap.</strong></span> <span class='ocrx_word' id='word_1_346' title='bbox 919 3382 971 3443; x_wconf 76' lang='lat'><strong>20.</strong></span> <span class='ocrx_word' id='word_1_347' title='bbox 992 3380 1053 3439; x_wconf 78' lang='lat' dir='ltr'><strong>brt.</strong></span> <span class='ocrx_word' id='word_1_348' title='bbox 1076 3383 1119 3454; x_wconf 83' lang='lat'><strong>5.)</strong></span> <span class='ocrx_word' id='word_1_349' title='bbox 1143 3387 1172 3440; x_wconf 90' lang='lat' dir='ltr'><strong>et</strong></span> <span class='ocrx_word' id='word_1_350' title='bbox 1193 3386 1291 3440; x_wconf 90' lang='lat' dir='ltr'><strong>utrum</strong></span> 
     </span>
     <span class='ocr_line' id='line_1_38' title="bbox 103 3460 945 3545; baseline 0.004 -25"><span class='ocrx_word' id='word_1_351' title='bbox 103 3460 146 3520; x_wconf 79' lang='lat' dir='ltr'><strong>ude</strong></span> <span class='ocrx_word' id='word_1_352' title='bbox 162 3465 219 3527; x_wconf 91' lang='lat' dir='ltr'><strong>eius</strong></span> <span class='ocrx_word' id='word_1_353' title='bbox 241 3467 355 3545; x_wconf 63' lang='lat' dir='ltr'><strong>opinio*</strong></span> <span class='ocrx_word' id='word_1_354' title='bbox 370 3467 406 3528; x_wconf 93' lang='lat' dir='ltr'><strong>ad</strong></span> <span class='ocrx_word' id='word_1_355' title='bbox 427 3465 558 3526; x_wconf 86' lang='lat' dir='ltr'><strong>veritatis</strong></span> <span class='ocrx_word' id='word_1_356' title='bbox 581 3465 696 3542; x_wconf 89' lang='lat' dir='ltr'><strong>regulas</strong></span> <span class='ocrx_word' id='word_1_357' title='bbox 718 3463 815 3543; x_wconf 84' lang='lat' dir='ltr'><strong>possit</strong></span> <span class='ocrx_word' id='word_1_358' title='bbox 834 3463 945 3524; x_wconf 89' lang='lat' dir='ltr'><strong>reduci.</strong></span> 
     </span>
     <span class='ocr_line' id='line_1_39' title="bbox 66 3543 1292 3632; baseline -0.004 -23"><span class='ocrx_word' id='word_1_359' title='bbox 66 3571 67 3584; x_wconf 55' lang='lat'>¹</span> <span class='ocrx_word' id='word_1_360' title='bbox 158 3547 242 3610; x_wconf 80' lang='lat' dir='ltr'><strong>Nemo</strong></span> <span class='ocrx_word' id='word_1_361' title='bbox 264 3559 365 3612; x_wconf 87' lang='lat' dir='ltr'><strong>autem</strong></span> <span class='ocrx_word' id='word_1_362' title='bbox 385 3549 532 3611; x_wconf 91' lang='lat' dir='ltr'><strong>dubitabit</strong></span> <span class='ocrx_word' id='word_1_363' title='bbox 552 3549 611 3609; x_wconf 92' lang='lat' dir='ltr'><strong>boc</strong></span> <span class='ocrx_word' id='word_1_364' title='bbox 638 3567 740 3632; x_wconf 69' lang='lat' dir='ltr'><strong>perum</strong></span> <span class='ocrx_word' id='word_1_365' title='bbox 767 3565 850 3620; x_wconf 89' lang='lat' dir='ltr'><strong>esse,</strong></span> <span class='ocrx_word' id='word_1_366' title='bbox 884 3547 963 3624; x_wconf 91' lang='lat' dir='ltr'><strong>quod</strong></span> <span class='ocrx_word' id='word_1_367' title='bbox 991 3554 1096 3624; x_wconf 89' lang='lat' dir='ltr'><strong>postea</strong></span> <span class='ocrx_word' id='word_1_368' title='bbox 1123 3543 1160 3604; x_wconf 91' lang='lat' dir='ltr'><strong>de</strong></span> <span class='ocrx_word' id='word_1_369' title='bbox 1184 3543 1292 3604; x_wconf 90' lang='lat' dir='ltr'><strong>Satana</strong></span> 
     </span>
     <span class='ocr_line' id='line_1_40' title="bbox 67 3627 1290 3708; baseline -0.001 -19"><span class='ocrx_word' id='word_1_370' title='bbox 67 3651 69 3684; x_wconf 81' lang='lat' dir='ltr'><strong>t</strong></span> <span class='ocrx_word' id='word_1_371' title='bbox 104 3629 312 3696; x_wconf 77' lang='lat' dir='ltr'><strong>tldaemonibus</strong></span> <span class='ocrx_word' id='word_1_372' title='bbox 336 3643 461 3695; x_wconf 86' lang='lat' dir='ltr'><strong>enarrat.</strong></span> <span class='ocrx_word' id='word_1_373' title='bbox 505 3633 627 3694; x_wconf 90' lang='lat' dir='ltr'><strong>Satanas</strong></span> <span class='ocrx_word' id='word_1_374' title='bbox 649 3645 770 3702; x_wconf 77' lang='lat' dir='ltr'><strong>noster,</strong></span> <span class='ocrx_word' id='word_1_375' title='bbox 798 3630 908 3708; x_wconf 90' lang='lat' dir='ltr'><strong>inquit,</strong></span> <span class='ocrx_word' id='word_1_376' title='bbox 931 3631 966 3692; x_wconf 87' lang='lat' dir='ltr'><strong>ob</strong></span> <span class='ocrx_word' id='word_1_377' title='bbox 990 3633 1167 3696; x_wconf 85' lang='lat' dir='ltr'><strong>divortium,</strong></span> <span class='ocrx_word' id='word_1_378' title='bbox 1190 3645 1206 3686; x_wconf 89' lang='lat' dir='ltr'><strong>a</strong></span> <span class='ocrx_word' id='word_1_379' title='bbox 1228 3627 1290 3688; x_wconf 82' lang='lat' dir='ltr'><strong>ileo</strong></span> 
     </span>
     <span class='ocr_line' id='line_1_41' title="bbox 106 3709 1291 3796; baseline -0.004 -19"><span class='ocrx_word' id='word_1_380' title='bbox 106 3709 211 3788; x_wconf 65' lang='lat' dir='ltr'><strong>detor,</strong></span> <span class='ocrx_word' id='word_1_381' title='bbox 232 3727 263 3779; x_wconf 88' lang='lat' dir='ltr'><strong>et</strong></span> <span class='ocrx_word' id='word_1_382' title='bbox 286 3736 373 3779; x_wconf 90' lang='lat' dir='ltr'><strong>suum</strong></span> <span class='ocrx_word' id='word_1_383' title='bbox 397 3717 435 3778; x_wconf 91' lang='lat' dir='ltr'><strong>ob</strong></span> <span class='ocrx_word' id='word_1_384' title='bbox 457 3725 609 3796; x_wconf 87' lang='lat' dir='ltr'><strong>peceatum</strong></span> <span class='ocrx_word' id='word_1_385' title='bbox 631 3716 777 3785; x_wconf 81' lang='lat' dir='ltr'><strong>aemulus,</strong></span> <span class='ocrx_word' id='word_1_386' title='bbox 799 3714 864 3776; x_wconf 85' lang='lat' dir='ltr'><strong>sire</strong></span> <span class='ocrx_word' id='word_1_387' title='bbox 878 3714 976 3774; x_wconf 89' lang='lat' dir='ltr'><strong>hostis</strong></span> <span class='ocrx_word' id='word_1_388' title='bbox 991 3721 1020 3774; x_wconf 89' lang='lat' dir='ltr'><strong>et</strong></span> <span class='ocrx_word' id='word_1_389' title='bbox 1034 3710 1181 3780; x_wconf 90' lang='lat' dir='ltr'><strong>inimicus,</strong></span> <span class='ocrx_word' id='word_1_390' title='bbox 1204 3721 1232 3770; x_wconf 87' lang='lat' dir='ltr'><strong>et</strong></span> <span class='ocrx_word' id='word_1_391' title='bbox 1255 3710 1291 3772; x_wconf 84' lang='lat' dir='ltr'><strong>ob</strong></span> 
     </span>
     <span class='ocr_line' id='line_1_42' title="bbox 107 3789 1292 3876; baseline -0.005 -16"><span class='ocrx_word' id='word_1_392' title='bbox 107 3789 140 3854; x_wconf 62' lang='lat' dir='ltr'><strong>bs·</strong></span> <span class='ocrx_word' id='word_1_393' title='bbox 153 3807 272 3875; x_wconf 80' lang='lat' dir='ltr'><strong>qratiam</strong></span> <span class='ocrx_word' id='word_1_394' title='bbox 287 3801 462 3862; x_wconf 85' lang='lat' dir='ltr'><strong>Christianis</strong></span> <span class='ocrx_word' id='word_1_395' title='bbox 485 3817 658 3862; x_wconf 89' lang='lat' dir='ltr'><strong>concessam</strong></span> <span class='ocrx_word' id='word_1_396' title='bbox 681 3801 812 3868; x_wconf 81' lang='lat' dir='ltr'><strong>invidus,</strong></span> <span class='ocrx_word' id='word_1_397' title='bbox 834 3815 953 3876; x_wconf 89' lang='lat' dir='ltr'><strong>semper</strong></span> <span class='ocrx_word' id='word_1_398' title='bbox 975 3804 1097 3858; x_wconf 87' lang='lat' dir='ltr'><strong>conotus</strong></span> <span class='ocrx_word' id='word_1_399' title='bbox 1112 3802 1159 3854; x_wconf 90' lang='lat' dir='ltr'><strong>est</strong></span> <span class='ocrx_word' id='word_1_400' title='bbox 1174 3793 1292 3856; x_wconf 76' lang='lat' dir='ltr'><strong>occulto</strong></span> 
     </span>
     <span class='ocr_line' id='line_1_43' title="bbox 107 3876 1291 3964; baseline -0.008 -16"><span class='ocrx_word' id='word_1_401' title='bbox 107 3879 269 3956; x_wconf 55' lang='lat' dir='ltr'><strong>wintone</strong></span> <span class='ocrx_word' id='word_1_402' title='bbox 290 3885 449 3964; x_wconf 87' lang='lat' dir='ltr'><strong>gentilibus</strong></span> <span class='ocrx_word' id='word_1_403' title='bbox 472 3883 643 3946; x_wconf 84' lang='lat' dir='ltr'><strong>subornatis</strong></span> <span class='ocrx_word' id='word_1_404' title='bbox 665 3881 855 3961; x_wconf 89' lang='lat' dir='ltr'><strong>persuadere,</strong></span> <span class='ocrx_word' id='word_1_405' title='bbox 877 3890 910 3942; x_wconf 92' lang='lat' dir='ltr'><strong>ut</strong></span> <span class='ocrx_word' id='word_1_406' title='bbox 932 3880 999 3942; x_wconf 92' lang='lat' dir='ltr'><strong>illos</strong></span> <span class='ocrx_word' id='word_1_407' title='bbox 1015 3877 1096 3940; x_wconf 93' lang='lat' dir='ltr'><strong>omni</strong></span> <span class='ocrx_word' id='word_1_408' title='bbox 1111 3876 1291 3938; x_wconf 87' lang='lat' dir='ltr'><strong>cruciatuum</strong></span> 
     </span>
     <span class='ocr_line' id='line_1_44' title="bbox 108 3959 1292 4038; baseline -0.008 -7"><span class='ocrx_word' id='word_1_409' title='bbox 108 3973 180 4031; x_wconf 72' lang='lat' dir='ltr'><strong>trum</strong></span> <span class='ocrx_word' id='word_1_410' title='bbox 198 3976 330 4031; x_wconf 88' lang='lat' dir='ltr'><strong>arertaut</strong></span> <span class='ocrx_word' id='word_1_411' title='bbox 351 3970 451 4030; x_wconf 79' lang='lat' dir='ltr'><strong>areni</strong></span> <span class='ocrx_word' id='word_1_412' title='bbox 466 3967 520 4030; x_wconf 81' lang='lat' dir='ltr'><strong>Dei</strong></span> <span class='ocrx_word' id='word_1_413' title='bbox 542 3967 620 4030; x_wconf 89' lang='lat' dir='ltr'><strong>cultu</strong></span> <span class='ocrx_word' id='word_1_414' title='bbox 643 3976 673 4027; x_wconf 90' lang='lat' dir='ltr'><strong>et</strong></span> <span class='ocrx_word' id='word_1_415' title='bbox 693 3966 730 4028; x_wconf 92' lang='lat' dir='ltr'><strong>ad</strong></span> <span class='ocrx_word' id='word_1_416' title='bbox 750 3965 843 4027; x_wconf 87' lang='lat' dir='ltr'><strong>lalsos</strong></span> <span class='ocrx_word' id='word_1_417' title='bbox 864 3965 939 4026; x_wconf 87' lang='lat' dir='ltr'><strong>deos</strong></span> <span class='ocrx_word' id='word_1_418' title='bbox 960 3961 1100 4024; x_wconf 89' lang='lat' dir='ltr'><strong>colendos</strong></span> <span class='ocrx_word' id='word_1_419' title='bbox 1115 3959 1292 4038; x_wconf 90' lang='lat' dir='ltr'><strong>compellant</strong></span> 
     </span>
     <span class='ocr_line' id='line_1_45' title="bbox 110 4041 1363 4132; baseline -0.004 -22"><span class='ocrx_word' id='word_1_420' title='bbox 110 4041 249 4123; x_wconf 75' lang='lat' dir='ltr'><strong>bouum.</strong></span> <span class='ocrx_word' id='word_1_421' title='bbox 273 4053 345 4114; x_wconf 92' lang='lat' dir='ltr'><strong>ibid.</strong></span> <span class='ocrx_word' id='word_1_422' title='bbox 367 4071 429 4132; x_wconf 88' lang='lat' dir='ltr'><strong>cap.</strong></span> <span class='ocrx_word' id='word_1_423' title='bbox 452 4056 528 4126; x_wconf 68' lang='lat' dir='ltr'><strong>Tb).</strong></span> <span class='ocrx_word' id='word_1_424' title='bbox 556 4052 629 4112; x_wconf 88' lang='lat' dir='ltr'><strong>Nam</strong></span> <span class='ocrx_word' id='word_1_425' title='bbox 651 4051 720 4112; x_wconf 86' lang='lat' dir='ltr'><strong>lieet</strong></span> <span class='ocrx_word' id='word_1_426' title='bbox 740 4050 873 4112; x_wconf 83' lang='lat' dir='ltr'><strong>subiecto</strong></span> <span class='ocrx_word' id='word_1_427' title='bbox 894 4053 934 4110; x_wconf 85' lang='lat' dir='ltr'><strong>aa&#39;t</strong></span> <span class='ocrx_word' id='word_1_428' title='bbox 955 4048 1041 4109; x_wconf 83' lang='lat' dir='ltr'><strong>nobis</strong></span> <span class='ocrx_word' id='word_1_429' title='bbox 1064 4057 1129 4108; x_wconf 87' lang='lat' dir='ltr'><strong>toto</strong></span> <span class='ocrx_word' id='word_1_430' title='bbox 1151 4049 1197 4106; x_wconf 80' lang='lat' dir='ltr'><strong>oia</strong></span> <span class='ocrx_word' id='word_1_431' title='bbox 1221 4045 1292 4106; x_wconf 86' lang='lat' dir='ltr'><strong>doe-</strong></span> <span class='ocrx_word' id='word_1_432' title='bbox 1357 4059 1363 4066; x_wconf 80' lang='grc'><strong>“</strong></span> 
     </span>
     <span class='ocr_line' id='line_1_46' title="bbox 110 4133 1292 4218; baseline -0.006 -23"><span class='ocrx_word' id='word_1_433' title='bbox 110 4139 192 4194; x_wconf 64' lang='lat' dir='ltr'><strong>*nan</strong></span> <span class='ocrx_word' id='word_1_434' title='bbox 210 4149 237 4198; x_wconf 83' lang='lat' dir='ltr'><strong>et</strong></span> <span class='ocrx_word' id='word_1_435' title='bbox 259 4138 407 4199; x_wconf 76' lang='lat' dir='ltr'><strong>eiusmodi</strong></span> <span class='ocrx_word' id='word_1_436' title='bbox 427 4141 556 4218; x_wconf 83' lang='lat' dir='ltr'><strong>spiritua</strong></span> <span class='ocrx_word' id='word_1_437' title='bbox 580 4135 690 4210; x_wconf 86' lang='lat' dir='ltr'><strong>(ibid),</strong></span> <span class='ocrx_word' id='word_1_438' title='bbox 712 4134 742 4195; x_wconf 94' lang='lat' dir='ltr'><strong>id</strong></span> <span class='ocrx_word' id='word_1_439' title='bbox 764 4142 820 4204; x_wconf 90' lang='lat' dir='ltr'><strong>est,</strong></span> <span class='ocrx_word' id='word_1_440' title='bbox 842 4133 984 4218; x_wconf 76' lang='lat' dir='ltr'><strong>Satanqe.</strong></span> <span class='ocrx_word' id='word_1_441' title='bbox 1002 4173 1010 4191; x_wconf 93' lang='lat'><strong>.</strong></span> <span class='ocrx_word' id='word_1_442' title='bbox 1026 4173 1060 4190; x_wconf 92' lang='lat'><strong>..</strong></span> <span class='ocrx_word' id='word_1_443' title='bbox 1088 4137 1292 4190; x_wconf 86' lang='lat' dir='ltr'><strong>remmtamen</strong></span> 
     </span>
     <span class='ocr_line' id='line_1_47' title="bbox 111 4213 1292 4300; baseline -0.003 -23"><span class='ocrx_word' id='word_1_444' title='bbox 111 4213 364 4284; x_wconf 62' lang='lat' dir='ltr'><strong>boructuarorum</strong></span> <span class='ocrx_word' id='word_1_445' title='bbox 385 4220 612 4300; x_wconf 72' lang='lat' dir='ltr'><strong>ergastulorum</strong></span> <span class='ocrx_word' id='word_1_446' title='bbox 632 4219 681 4280; x_wconf 81' lang='lat' dir='ltr'><strong>oei</strong></span> <span class='ocrx_word' id='word_1_447' title='bbox 700 4217 894 4280; x_wconf 83' lang='lat' dir='ltr'><strong>metallorum</strong></span> <span class='ocrx_word' id='word_1_448' title='bbox 916 4215 963 4278; x_wconf 84' lang='lat' dir='ltr'><strong>vel</strong></span> <span class='ocrx_word' id='word_1_449' title='bbox 986 4215 1039 4276; x_wconf 83' lang='lat' dir='ltr'><strong>boa</strong></span> <span class='ocrx_word' id='word_1_450' title='bbox 1060 4232 1155 4294; x_wconf 80' lang='lat' dir='ltr'><strong>genua</strong></span> <span class='ocrx_word' id='word_1_451' title='bbox 1174 4231 1292 4291; x_wconf 81' lang='lat' dir='ltr'><strong>poeon-</strong></span> 
     </span>
     <span class='ocr_line' id='line_1_48' title="bbox 113 4286 1293 4386; baseline -0.008 -20"><span class='ocrx_word' id='word_1_452' title='bbox 113 4286 289 4378; x_wconf 58' lang='lat' dir='ltr'><strong>boemicae</strong></span> <span class='ocrx_word' id='word_1_453' title='bbox 311 4317 475 4386; x_wconf 72' lang='lat' dir='ltr'><strong>erumpent</strong></span> <span class='ocrx_word' id='word_1_454' title='bbox 496 4306 735 4368; x_wconf 78' lang='lat' dir='ltr'><strong>adversust-noa</strong></span> <span class='ocrx_word' id='word_1_455' title='bbox 758 4299 953 4369; x_wconf 84' lang='lat' dir='ltr'><strong>Christianos,</strong></span> <span class='ocrx_word' id='word_1_456' title='bbox 975 4297 1034 4358; x_wconf 90' lang='lat' dir='ltr'><strong>hoc</strong></span> <span class='ocrx_word' id='word_1_457' title='bbox 1060 4305 1107 4358; x_wconf 90' lang='lat' dir='ltr'><strong>est</strong></span> <span class='ocrx_word' id='word_1_458' title='bbox 1134 4302 1293 4374; x_wconf 88' lang='lat' dir='ltr'><strong>erumpunt</strong></span> 
     </span>
     <span class='ocr_line' id='line_1_49' title="bbox 114 4381 1291 4466; baseline -0.008 -17"><span class='ocrx_word' id='word_1_459' title='bbox 114 4389 232 4464; x_wconf 62' lang='lat' dir='ltr'><strong>Torum</strong></span> <span class='ocrx_word' id='word_1_460' title='bbox 259 4388 491 4461; x_wconf 85' lang='lat' dir='ltr'><strong>similitudinem,</strong></span> <span class='ocrx_word' id='word_1_461' title='bbox 520 4387 570 4466; x_wconf 92' lang='lat' dir='ltr'><strong>qui</strong></span> <span class='ocrx_word' id='word_1_462' title='bbox 593 4385 748 4466; x_wconf 87' lang='lat' dir='ltr'><strong>ergastulis</strong></span> <span class='ocrx_word' id='word_1_463' title='bbox 771 4402 805 4446; x_wconf 89' lang='lat' dir='ltr'><strong>ae</strong></span> <span class='ocrx_word' id='word_1_464' title='bbox 827 4381 993 4444; x_wconf 83' lang='lat' dir='ltr'><strong>carceribus</strong></span> <span class='ocrx_word' id='word_1_465' title='bbox 1015 4381 1122 4444; x_wconf 87' lang='lat' dir='ltr'><strong>inclusi</strong></span> <span class='ocrx_word' id='word_1_466' title='bbox 1143 4388 1194 4442; x_wconf 89' lang='lat' dir='ltr'><strong>aut</strong></span> <span class='ocrx_word' id='word_1_467' title='bbox 1214 4381 1291 4440; x_wconf 86' lang='lat' dir='ltr'><strong>ello-</strong></span> 
     </span>
     <span class='ocr_line' id='line_1_50' title="bbox 115 4455 1291 4552; baseline -0.013 -14"><span class='ocrx_word' id='word_1_468' title='bbox 115 4455 191 4530; x_wconf 66' lang='lat' dir='ltr'><strong>⁶llli⁸</strong></span> <span class='ocrx_word' id='word_1_469' title='bbox 209 4472 332 4536; x_wconf 81' lang='lat' dir='ltr'><strong>metallis</strong></span> <span class='ocrx_word' id='word_1_470' title='bbox 352 4481 404 4535; x_wconf 90' lang='lat' dir='ltr'><strong>aut</strong></span> <span class='ocrx_word' id='word_1_471' title='bbox 425 4473 482 4535; x_wconf 90' lang='lat' dir='ltr'><strong>alio</strong></span> <span class='ocrx_word' id='word_1_472' title='bbox 504 4472 602 4552; x_wconf 90' lang='lat' dir='ltr'><strong>aliquo</strong></span> <span class='ocrx_word' id='word_1_473' title='bbox 624 4469 758 4549; x_wconf 85' lang='lat' dir='ltr'><strong>poenalis</strong></span> <span class='ocrx_word' id='word_1_474' title='bbox 779 4465 928 4530; x_wconf 89' lang='lat' dir='ltr'><strong>servitutis</strong></span> <span class='ocrx_word' id='word_1_475' title='bbox 948 4485 1057 4546; x_wconf 86' lang='lat' dir='ltr'><strong>genere</strong></span> <span class='ocrx_word' id='word_1_476' title='bbox 1078 4464 1205 4527; x_wconf 90' lang='lat' dir='ltr'><strong>damuati</strong></span> <span class='ocrx_word' id='word_1_477' title='bbox 1234 4463 1291 4524; x_wconf 92' lang='lat' dir='ltr'><strong>do-</strong></span> 
     </span>
    </p>
   </div>
   <div class='ocr_carea' id='block_1_5' title="bbox 0 0 1598 5236">
    <p class='ocr_par' dir='ltr' id='par_1_6' title="bbox 0 0 1598 5236">
     <span class='ocr_line' id='line_1_51' title="bbox 0 0 1598 5236; baseline 0 0"><span class='ocrx_word' id='word_1_478' title='bbox 0 0 1598 5236; x_wconf 95' lang='lat' dir='ltr'><strong> </strong></span> 
     </span>
    </p>
   </div>
  </div>
 </body>
</html>
