3126 5250
481 373 615 418 aucronu
637 373 695 416 ure.
719 375 755 416 ne
778 373 903 418 noemi.
1233 359 1295 424 273

86 525 174 604 inquit
195 524 313 596 Festus,
336 532 383 588 cst
403 543 495 604 genus
516 525 686 598 farciminis,
707 525 786 606 quod
807 532 929 604 propter
950 525 1162 588 connexionem
1183 525 1297 590 abelis

90 610 128 672 sic
145 609 311 688 appellatur
340 609 429 682 (Fest.
451 609 501 670 lih.
524 609 560 671 ll.
583 609 620 672 de
641 609 764 672 Verbor.
787 609 939 690 Siguific).
982 609 1024 671 lle
1046 610 1095 672 illo
1118 611 1204 673 etiam
1225 612 1298 674 haec

88 703 150 756 sunt
167 694 313 756 Martialis
339 694 481 756 carudna:

238 813 302 886 Qut
322 817 404 874 venit
425 813 546 875 dotatas
568 813 662 874 medio
684 811 758 874 milvi
777 822 910 894 tempore
932 813 1063 886 brumae,

299 895 430 960 Saturni
449 908 559 979 septem
580 909 706 961 uenerat
728 908 799 958 cate
821 900 893 959 dies.

698 981 831 1057 (Martini.
853 982 919 1043 libr.
941 982 1015 1044 xlv.
1038 979 1136 1062 Epigr.
1159 984 1232 1060 72).

82 1101 197 1162 Ethnici
215 1100 316 1179 itaque
338 1099 392 1160 hos
414 1099 534 1162 botulos
561 1101 694 1163 frustulis
726 1101 821 1163 carnis
850 1101 1000 1182 mixtoque
1032 1101 1198 1164 animalium
1221 1120 1291 1164 san-

80 1187 169 1266 guiue
193 1187 347 1247 conlectos
380 1185 530 1247 offerendo
553 1186 695 1248 certiores
717 1185 827 1248 fiebant
847 1185 925 1260 illos,
952 1186 1096 1266 aquibus
1118 1185 1293 1248 reiicieban-

79 1281 133 1345 tur,
162 1269 343 1332 christianae
370 1268 521 1349 religionis
549 1289 617 1332 esse
644 1290 745 1332 revera
767 1279 939 1334 sectatores.
984 1271 1056 1333 Cum
1078 1291 1146 1332 vcro
1169 1291 1221 1333 cos
1243 1291 1294 1334 re-

79 1363 232 1436 spuerent,
261 1354 356 1433 palam
384 1354 522 1416 omnihus
550 1353 693 1418 iaciebant
721 1375 755 1418 se
780 1355 866 1416 malle
888 1355 990 1434 capitis
1013 1355 1112 1417 subire
1133 1355 1295 1436 periculum

79 1460 163 1521 mam
186 1437 304 1518 legibus
329 1439 391 1500 suis
415 1457 541 1518 uuquam
562 1439 712 1519 refragari.
754 1439 854 1519 Neque
877 1441 944 1502 huic
965 1449 1077 1502 mutum
1099 1441 1219 1520 aliisque
1242 1441 1294 1502 liei

77 1544 109 1586 ac
130 1523 245 1587 Christi
266 1523 391 1602 legibus,
415 1524 468 1585 sed
489 1524 577 1586 huius
593 1525 680 1586 etiam
697 1525 828 1586 consiliis
843 1525 992 1604 plerisque
1008 1524 1156 1600 omnibns,
1179 1525 1294 1598 etiamsi

78 1611 113 1672 iis
140 1629 204 1672 non
236 1607 365 1688 obligati,
396 1609 497 1670 eadem
525 1608 677 1670 sedulitate
705 1610 857 1687 parebant.
900 1610 1006 1671 Verum
1035 1609 1106 1672 haec
1139 1609 1294 1690 uuicuique

78 1695 202 1756 clariora
230 1694 302 1754 lient
331 1712 366 1754 ex
393 1693 449 1766 his,
480 1712 554 1773 quae
580 1693 618 1754 de
645 1693 762 1756 illorum
794 1693 926 1755 moribus
949 1713 966 1754 a
987 1689 1166 1756 Tertulliano
1190 1694 1295 1757 hadita

76 1799 156 1842 ntrnc
178 1777 352 1858 exponenda
373 1785 464 1838 suntr

574 1965 740 2016 inritatus
759 1966 799 2015 ΙΙΙ.

78 2068 131 2110 Tam
159 2075 236 2111 eustos
258 2069 327 2112 tuisse
346 2067 519 2112 Christianarum
544 2080 610 2124 quum
628 2069 758 2124 depravatos
776 2069 890 2124 gentilium
908 2081 995 2114 morer:
1021 2075 1103 2124 quauta
1121 2069 1293 2114 Christianorum
1314 2123 1318 2130 ι

79 2147 129 2189 erga
156 2147 237 2180 omnes
260 2135 347 2180 dilectio
367 2143 388 2178 et
406 2137 499 2187 carihat
525 2149 564 2180 cur
581 2149 606 2180 se
624 2137 716 2180 invicem
734 2139 824 2180 hotrum
843 2137 931 2181 nomina
951 2137 1088 2193 appellarent
1103 2137 1202 2192 ipsisque
1221 2138 1293 2181 omnia

121 2212 212 2260 praeter
231 2215 311 2247 uxores
329 2210 405 2246 assent
424 2205 561 2256 communia,
580 2216 645 2260 quem
663 2204 752 2260 impune
771 2205 852 2248 ethnici
870 2217 883 2248 e
901 2205 1010 2249 contrario
1028 2203 1148 2248 sacratiora
1166 2205 1242 2248 trater-

541 2271 614 2315 nitatis
632 2271 680 2315 inre
697 2271 831 2316 violaverint.

159 2385 265 2459 Qualis
298 2404 442 2466 quamque
469 2387 517 2466 pia
539 2395 569 2447 et
589 2394 689 2448 sancta
710 2388 797 2450 luerit
818 2387 1052 2449 Christianorum
1072 2387 1185 2449 vivendi
1206 2387 1291 2462 ratio,

90 2477 117 2528 nt
132 2470 329 2532 Tertullianus
350 2481 454 2533 noster
474 2473 666 2544 demonstret,
688 2472 796 2534 horum
818 2472 1059 2552 ethnicorumque
1082 2491 1181 2534 mores
1208 2492 1291 2535 com-

92 2565 218 2631 paratae
248 2556 373 2618 istorum
403 2563 460 2616 tarn
489 2563 606 2618 sanctos
629 2565 658 2617 et
680 2565 787 2630 castos,
818 2576 904 2637 quam
926 2557 1042 2618 illorum
1064 2558 1236 2636 depravatos
1259 2577 1293 2620 ac

91 2651 232 2720 cormptcs
256 2640 348 2702 luisse
370 2641 531 2702 luculenter
553 2641 692 2704 ostendit.
736 2642 866 2702 Primum
889 2641 966 2704 enim
981 2642 1149 2714 Christiani,
1175 2643 1290 2702 tametsi

89 2723 162 2786 aum
181 2743 252 2787 urm
276 2725 399 2787 ethnicis
422 2744 458 2786 eo
480 2745 538 2804 quo
561 2726 686 2788 diximus
708 2725 944 2806 modoagerent,
966 2735 1045 2788 tanto
1067 2734 1164 2788 umen
1185 2726 1290 2786 carita-

86 2807 117 2868 tis
135 2811 289 2888 mutnique
311 2811 421 2872 amoris
443 2810 557 2872 vinculo
575 2810 722 2872 coniuncti
737 2819 829 2883 erant,
851 2819 884 2872 nt
898 2810 954 2890 ipsi
970 2810 1159 2871 infensissimi
1174 2809 1291 2870 illorum

81 2891 176 2956 hostes
198 2895 308 2956 ethnici
331 2894 402 2956 illud
423 2914 483 2955 non
505 2895 657 2974 potuerint
678 2913 736 2955 non
759 2895 905 2956 admirari.
936 2895 1044 2968 Quidni
1067 2894 1214 2955 enimvero
1230 2911 1290 2954 non

80 2979 208 3042 admirati
238 2979 376 3052 luissent,
414 2979 493 3058 quod
520 2979 662 3058 optimum
691 2988 883 3057 agnoscentes
911 2978 1018 3040 imitari
1046 2996 1106 3038 non
1134 2976 1289 3039 valebant?

80 3063 265 3146 Quapropter
288 3064 483 3125 Tertullianus
507 3081 559 3124 eos
582 3063 621 3124 ita
644 3063 797 3141 loquentes
819 3063 984 3125 inducendo
1015 3070 1149 3123 mutuum
1182 3061 1289 3123 horum

78 3149 184 3221 odium,
216 3148 461 3228 quemadmodum
490 3147 723 3209 Christianorum
750 3166 896 3222 morem,
929 3147 1073 3228 patefacit.
1116 3146 1165 3208 Sic
1192 3154 1289 3208 autem

78 3231 135 3294 ille:
162 3234 242 3310 Vide,
266 3234 370 3313 inquit,
392 3246 426 3297 ut
441 3238 565 3296 inuicem
581 3251 611 3295 se
623 3231 748 3311 diligunt
772 3233 846 3312 (apsi
854 3236 930 3294 curat
940 3231 1063 3311 gentiles
1078 3234 1203 3294 a'noicem
1218 3231 1289 3294 ode·
1307 3289 1311 3302 ,

78 3319 161 3398 ruat)
193 3332 222 3382 et
249 3330 286 3380 ut
308 3337 369 3399 pro
399 3319 549 3381 alterutro
575 3317 664 3378 iidem
692 3317 849 3379 Christiani
876 3322 956 3380 mori
981 3322 1042 3379 siat
1066 3321 1180 3396 parati.
1225 3315 1291 3396 Ipsi

78 3407 150 3464 enim
174 3403 283 3464 ethnici
305 3405 344 3466 nd
366 3404 554 3464 occidendum
576 3403 760 3464 alterutrum
778 3407 951 3482 paratiores
982 3400 1286 3480 (Tertulliannpolo-

77 3497 129 3564 get
154 3507 219 3567 cap.
243 3489 317 3564 aa).
363 3488 510 3559 Quantum
539 3494 637 3548 antem
664 3487 786 3565 gentiles
817 3506 885 3549 sese
911 3487 1034 3548 invicem
1062 3485 1179 3547 oderint
1200 3493 1229 3546 et
1250 3487 1287 3547 ad

77 3589 107 3714 qe
127 3581 231 3634 mutuo
255 3573 433 3634 occidendos
445 3571 554 3633 luerint
563 3571 665 3650 parati,
689 3591 724 3634 ex
745 3572 820 3634 inira
838 3571 969 3634 dicendis
985 3570 1172 3633 manifestum
1187 3571 1285 3632 omni·

95 3675 129 3718 us
152 3659 213 3718 liet.

157 3741 251 3803 Tanta
274 3759 343 3803 vero
367 3749 429 3802 erat
450 3741 514 3820 ipsa
537 3741 769 3802 Christianorum
792 3741 905 3814 caritas,
932 3747 966 3800 nt
987 3757 1019 3800 se
1041 3747 1153 3810 mutuo,
1177 3744 1208 3797 ut
1228 3737 1286 3798 iam

78 3825 139 3886 alibi
158 3825 426 3888 ¹animadvertimus
465 3825 630 3898 (dissertat.
659 3825 689 3886 in
715 3825 822 3888 llinnc.
854 3843 916 3904 cap.
941 3827 988 3888 13.
1020 3823 1080 3883 Art
1103 3827 1156 3896 4.),
1178 3822 1283 3884 iratres

77 3910 254 3988 appellarent
275 3928 335 3970 non
358 3909 453 3972 solnm
474 3910 568 3989 ipsius
590 3919 710 3971 naturae
731 3911 805 3984 inre,
829 3927 887 3988 qno
910 3909 996 3970 etiam
1018 3905 1201 3968 ethnicorum
1223 3907 1283 3966 ira-

79 4003 135 4054 tres
159 4003 252 4068 erant,
275 3995 327 4056 sed
350 3995 530 4074 quadruplici
552 3995 676 4074 insuper
690 3995 784 4066 titulo,
807 4013 840 4056 ac
853 3993 948 4074 primo
964 3991 1090 4072 quidem,
1112 3989 1179 4069 quia
1193 4007 1284 4052 unum

78 4089 188 4156 patrem
208 4079 303 4142 [teum
337 4079 459 4142 ethnicis
481 4079 660 4158 incognitum
690 4087 741 4140 aut
761 4078 797 4142 ab
820 4079 862 4140 eis
884 4077 1068 4158 repudiatum
1089 4083 1281 4152 agnoverant:

80 4163 216 4238 secando,
244 4163 352 4226 Christi
379 4163 519 4244 religione
546 4163 651 4226 imbuti
677 4181 770 4226 naam
791 4167 933 4244 spiritum
954 4161 1094 4224 atterum
1114 4163 1282 4223 sanctitatis

80 4246 258 4318 (Terudlian.
281 4248 337 4310 loc.
360 4248 436 4326 citl:
465 4249 561 4322 tertio,
590 4248 656 4328 qnia
685 4249 721 4310 de
748 4267 807 4310 uno
837 4255 921 4309 utero
951 4243 1140 4324 ignorantiae,
1168 4244 1198 4304 in
1226 4263 1282 4326 qua

79 4333 205 4396 nondum
227 4334 326 4413 agnito
347 4352 416 4396 vero
439 4334 500 4396 lieo
532 4334 561 4394 in
584 4333 667 4394 tetris
690 4331 871 4394 idololatriae
895 4330 1023 4393 tenebris
1046 4328 1155 4390 tamdiu
1182 4328 1281 4392 iacue-

80 4427 153 4491 rant,
174 4418 209 4479 ad
231 4437 323 4480 unam
347 4418 440 4481 lucem
462 4429 651 4500 enpcoeraat
671 4421 820 4481 ueritatis.
851 4414 1049 4495 Obstupelacti
1068 4414 1175 4495 quippe
1190 4421 1281 4489 erant,

83 4501 157 4578 quod
182 4512 268 4564 antea
295 4520 356 4564 nou
384 4503 573 4582 cognoverint
598 4502 828 4565 absurdissimus
852 4515 968 4562 errores
1000 4517 1071 4562 suos
1099 4518 1154 4561 nec
1175 4517 1280 4578 supre-

82 4601 159 4646 mum
178 4587 279 4662 Deum,
313 4606 397 4667 quem
427 4587 471 4650 rel
499 4587 573 4662 solo,
606 4588 692 4652 sicuti
720 4605 808 4668 snpra
831 4585 1012 4648 ostendimus
1045 4583 1143 4664 (Supr.
1166 4601 1227 4664 cap.
1251 4587 1280 4647 5.

116 4689 267 4738 introitura
280 4703 331 4738 ore.
343 4705 380 4738 ue.
393 4705 491 4738 οιιιιι.
518 4693 581 4738 Tam.
594 4693 631 4738 111.
895 4727 904 4746 .
1051 4687 1081 4740 18
