3122 5250
248 345 312 418 350
343 371 538 418 bissthume
553 371 584 415 nt
594 371 747 423 eth-stara.
760 369 848 414 tetele.
864 361 1059 415 turbinem
1072 368 1297 414 arotoeemoert
1307 369 1384 414 ΕΒΗ.

249 537 314 602 cap.
337 523 390 598 6.).
433 520 508 584 Vitio
536 521 635 602 itaque
662 521 787 584 ethnicis
812 521 910 594 rcrtit,
938 521 1017 602 quod
1044 528 1126 583 tanto
1153 521 1223 584 luxu
1245 519 1327 584 soluti
1346 519 1441 582 luerint

247 610 311 668 rien
339 606 435 668 solum
457 613 622 676 senatores,
652 625 754 669 reram
777 605 865 668 etiarn
886 605 1026 681 libertini,
1057 607 1147 687 llagra
1167 605 1262 670 adbuc
1280 612 1440 686 rumpentes,

248 691 279 753 id
302 697 349 753 est
369 690 420 772 qai
440 707 550 771 pancos
570 699 638 752 ante
660 691 724 753 dics
745 691 926 753 servitutem·
939 699 1091 754 exuerunt
1136 691 1219 753 Serri
1239 689 1377 772 siqnidem
1394 689 1440 750 tla-

249 776 312 855 gris
338 783 474 856 tanquam
503 775 644 856 peculiari
670 793 773 838 eoram
801 775 945 855 supplicio
973 775 1054 839 caedi
1076 775 1220 839 solebant
1264 773 1442 850 Quamobrem

110 929 113 936 ,
248 861 287 923 de
307 860 439 922 Liburno
461 879 549 922 scrro
570 859 715 922 luvenalis
737 861 810 922 baec
830 860 951 923 cecinit:

402 989 411 1006 .
435 991 442 1006 .
465 990 475 1008 .
497 991 507 1008 .
531 944 627 1008 Tarde
647 949 764 1008 remisse
784 946 938 1008 diluemus

399 1028 523 1094 Dicitur
543 1041 572 1093 et
589 1047 704 1110 paeana
726 1029 820 1092 alteas·
835 1031 966 1110 peredere
987 1033 1087 1092 samar·

376 1113 535 1196 ‚Cupitum
559 1114 607 1178 ln’c
625 1115 745 1196 [rumpit
764 1114 894 1194 ferulas,
916 1115 1005 1178 rubet
1024 1112 1078 1176 ille
1099 1112 1240 1194 flagellis.

448 1207 454 1220 ’
683 1221 684 1225 ’
954 1197 1093 1274 (luvenal.
1109 1197 1198 1259 Satin.
1210 1198 1257 1259 Vl.
1272 1215 1299 1257 r.
1314 1197 1393 1273 teo.)

248 1281 335 1362 Apud
362 1281 534 1346 Terentium
560 1281 762 1344 vcro‘Simon
788 1282 878 1364 llagra
905 1291 934 1345 et
962 1282 1084 1344 verbera
1115 1300 1201 1344 servo
1230 1299 1285 1344 suo
1312 1281 1386 1343 llere
1411 1277 1448 1338 sic

189 1389 191 1392 ·
250 1366 418 1430 minitatur:

402 1451 577 1515 Verberibus
599 1466 717 1516 caetum
738 1462 775 1524 ee,
797 1451 890 1525 Daue,
913 1453 1131 1532 repertricem
1151 1451 1256 1514 dedam
1276 1467 1367 1534 usqae

493 1569 494 1574 κ
1006 1537 1047 1598 ad
1069 1554 1204 1599 maman

843 1619 975 1696 (Terent
995 1621 1085 1682 Andr.
1107 1621 1130 1682 l.
1153 1639 1234 1683 soen.
1256 1623 1287 1684 2.
1308 1637 1334 1681 v.
1356 1618 1396 1694 8.)

337 1704 405 1766 Sed'
424 1703 461 1766 de
489 1721 643 1768 servorum
664 1705 770 1784 poenis
792 1705 887 1766 iirsius
910 1703 940 1765 in
962 1705 1097 1785 sequenti
1118 1705 1338 1768 dissertatione.
1378 1697 1451 1782 dtsi

250 1797 349 1852 tantus
377 1788 485 1850 horum
512 1789 562 1870 qui
592 1789 640 1851 rix
660 1789 824 1851 libertatem
857 1797 1029 1868 acceperant
1055 1797 1119 1851 erat
1138 1789 1236 1864 luxus,
1265 1789 1334 1851 hinc
1353 1783 1451 1848 coniioe

251 1881 377 1954 quantis
408 1873 539 1935 alierum
554 1872 666 1937 deerit?
709 1869 908 1947 Quamobrem
935 1873 1047 1936 Plinius
1079 1889 1149 1936 mox
1181 1875 1302 1936 econ:
1334 1871 1451 1950 Peopter

252 1963 381 2042 qumque
404 1959 522 2038 ponda,
550 1958 659 2037 inquit,
697 1958 810 2038 argenti
843 1969 982 2022 metatum
1008 1978 1027 2021 a
1056 1959 1230 2022 amoribus
1257 1954 1454 2038 triumphalem

251 2062 350 2107 aemma
369 2043 544 2122 schedarum
564 2047 623 2106 lam
644 2042 765 2105 videtur
786 2041 872 2117 (Plin.
894 2041 944 2103 lib.
966 2041 1070 2105 Xlllll.
1092 2043 1194 2106 Natur.
1218 2043 1296 2105 llist
1318 2059 1378 2121 rap.
1391 2041 1452 2113 lb).

252 2127 318 2201 Qua
340 2145 409 2206 ergo
430 2126 545 2189 ratione
567 2126 691 2206 gentiles
714 2126 861 2189 obiectare
882 2126 1028 2190 audebant
1048 2148 1082 2191 se
1103 2127 1224 2191 iniustis
1239 2129 1270 2190 in
1287 2125 1455 2188 Christianos

250 2210 366 2291 legibus
388 2211 539 2290 adstringi,
562 2211 611 2292 qrri
633 2211 827 2291 aequissimas
849 2212 1046 2292 sumptuarias
1068 2212 1132 2276 illas
1154 2213 1237 2294 leges
1257 2208 1454 2295 palametim·

250 2313 331 2378 pune
352 2294 538 2358 everterant?

750 2513 917 2566 toricatos
935 2515 972 2566 lv.

252 2619 338 2672 ouante
355 2618 444 2664 lieentia
461 2611 555 2674 gentiles
572 2618 651 2675 spretis
669 2618 765 2674 legibus,
782 2629 840 2676 quae
856 2619 942 2664 theatra
960 2619 1052 2664 orionem
1069 2619 1232 2672 desumerent,
1249 2618 1316 2676 longe
1333 2617 1394 2674 plura
1405 2611 1457 2658 red·

436 2685 557 2740 limaednt,
574 2686 597 2730 in
614 2697 672 2742 quae
689 2687 779 2732 maioris
796 2686 913 2742 voluptatis
932 2699 1001 2732 causa
1018 2687 1116 2744 penulati
1134 2688 1287 2734 contuebant.

335 2801 380 2864 dd
407 2801 478 2865 alias
501 2801 697 2865 Tertullianus
723 2802 804 2864 venit
829 2802 918 2882 leges,
947 2802 1054 2883 quibus
1075 2803 1246 2883 padicitiae,
1273 2816 1389 2864 morum
1407 2795 1458 2858 ho·
1549 2835 1550 2878 ,

250 2887 359 2950 aestati
387 2905 421 2948 ac
447 2886 610 2950 modestiae
636 2887 803 2950 consultum
823 2889 928 2949 iuerat
971 2887 1070 2949 Palem
1092 2897 1190 2952 autem
1213 2887 1355 2960 faciteas
1376 2881 1461 2944 adhuc
1549 2885 1550 2900 ²

250 2980 332 3035 tanta
352 2971 469 3034 licentia
490 2971 526 3033 ab
549 2972 673 3052 ethnicis
693 2971 909 3053 pessumdatae,
931 2979 1038 3051 quanta
1060 2972 1226 3035 temeritate
1245 2968 1418 3034 obiiciebant
1431 2979 1459 3024 se
1549 2999 1550 3026 r

251 3056 318 3118 aliis
340 3055 425 3136 plane
445 3056 564 3119 nefariis
586 3057 617 3117 in
639 3057 823 3119 Christianos
846 3056 965 3119 sancitis
987 3056 1095 3118 teneri:
1128 3057 1196 3132 Qua
1220 3061 1300 3120 emim
1320 3056 1461 3120 abierunt,
1549 3065 1550 3084 ¹

251 3141 356 3219 inqrrit,
379 3139 455 3220 leger
476 3141 549 3203 illae
570 3144 714 3204 citiarum
734 3142 955 3212 emeadctm'cea,
978 3159 1052 3223 quae
1075 3141 1197 3205 theatra
1211 3139 1391 3222 stuprandis
1404 3151 1462 3196 me·
1549 3165 1550 3184 1

251 3225 338 3287 tibere
361 3227 491 3290 arimatia
513 3229 616 3287 etatum
637 3223 855 3289 destruebant?
876 3224 1058 3300 (Tertullian.
1079 3225 1235 3307 Apologet.
1258 3225 1397 3304 capet
1431 3216 1464 3278 Ᾱῑ
1549 3235 1550 3244 ’

252 3315 332 3369 certe
353 3308 517 3372 eommunis
538 3309 746 3390 plerorumque
768 3309 909 3384 omnium,
931 3309 973 3372 uti
994 3310 1080 3373 dccet
1101 3310 1224 3373 Servius
1247 3309 1346 3384 (Serv.
1367 3307 1397 3368 in
1416 3301 1461 3397 lib

251 3391 289 3455 11.
319 3391 425 3470 ecorg.
452 3411 480 3454 v.
503 3395 574 3458 381.
604 3401 634 3456 et
660 3394 691 3455 in
711 3394 761 3456 lib.
783 3395 820 3456 ll.
848 3395 967 3456 Aeneid.
989 3413 1017 3456 v.
1041 3397 1142 3474 732),
1179 3394 1284 3475 opinio
1318 3391 1374 3455 brit
1405 3405 1463 3469 prt-

251 3493 318 3538 mos
346 3476 451 3538 theatri
479 3477 565 3539 ludos
592 3478 622 3540 in
643 3477 749 3540 Bacchi
778 3479 840 3540 sive
875 3479 974 3541 Liberi
1001 3478 1097 3541 Patris
1133 3479 1284 3542 honorem
1319 3476 1463 3539 institutes

248 3560 356 3635 husee,
378 3561 428 3642 qui
450 3561 568 3642 quidem
589 3562 698 3625 idcirco
712 3562 862 3625 Liberales
884 3563 1073 3626 vorabantur.
1104 3563 1258 3637 Quantum
1279 3569 1379 3626 autem
1392 3558 1464 3621 hisce

250 3645 330 3708 ludis
359 3663 460 3708 mores
487 3646 640 3708 bominum
668 3656 942 3728 corrumperentur,
971 3666 1059 3710 nemo
1087 3667 1160 3712 sanc
1189 3658 1239 3711 est
1271 3647 1323 3728 qui
1351 3663 1387 3708 ex
1416 3643 1463 3734 (Ιο-Ι

251 3731 386 3794 testanda
413 3749 536 3810 prorsus
567 3731 684 3794 illorum
710 3732 891 3811 turpitudine
913 3741 1000 3813 atque
1022 3733 1237 3808 obscoenitate,
1266 3733 1304 3795 de
1326 3749 1384 3812 qua
1403 3725 1463 3790 aih

250 3815 447 3880 disseruimus
469 3815 631 3891 (Dissertat
654 3817 684 3878 in
705 3816 835 3879 Lactant.
858 3836 921 3897 cap.
945 3821 995 3882 17.
1016 3818 1078 3880 hrt
1097 3821 1124 3881 1.
1147 3827 1178 3880 et
1199 3819 1233 3880 in
1254 3817 1388 3880 Lactant
1409 3829 1463 3890 erp·

250 3903 305 3966 35.
326 3901 388 3964 hrt.
413 3906 465 3980 1.),
493 3901 577 3963 lacile
604 3919 664 3962 non
691 3901 841 3982 intelligat.
885 3902 917 3964 Si
945 3903 1012 3982 quia
1039 3910 1136 3965 tamen
1157 3903 1320 3966 ductorem
1337 3905 1464 3962 noscam

250 4003 314 4048 non
341 3986 379 4047 de
404 3985 452 4047 his
479 3992 601 4060 tantum,
630 3987 683 4048 sed
705 3986 769 4049 aliis
792 3987 879 4048 etiam
901 3986 1005 4049 theatri
1026 3987 1104 4049 ludis
1126 3988 1198 4049 obm
1221 3986 1335 4050 eversis
1356 3999 1464 4048 sermo-

251 4087 321 4131 nem
349 4088 450 4133 revere
477 4071 585 4133 iecisse
613 4072 779 4146 contendat,
810 4071 1052 4152 adstipulatorem
1079 4073 1180 4152 utique
1202 4071 1327 4134 habebit
1347 4067 1464 4130 Tralliani

251 4161 283 4213 et
311 4169 388 4227 eam,
418 4173 435 4216 a
462 4173 521 4236 quo
549 4155 664 4228 citatem
691 4157 896 4236 angustinum.
939 4155 1035 4217 limus
1057 4157 1136 4218 enim
1156 4157 1289 4236 ipsamet
1310 4157 1383 4217 haec
1404 4155 1466 4214 sunl

251 4235 355 4297 rerba:
377 4237 512 4313 liemaur',
534 4244 668 4323 quamuis
691 4245 751 4303 iam
771 4245 985 4322 superstitione
998 4245 1094 4304 meato
1103 4252 1333 4321 promereretur,
1354 4233 1465 4302 ceretu

251 4321 323 4384 deae
345 4321 477 4386 colerem
496 4343 570 4406 puae
592 4325 732 4388 videbam
753 4327 811 4388 esee
830 4325 963 4388 uoluisse
983 4330 1115 4388 scemeca
1136 4326 1347 4406 turpitudiues
1370 4335 1467 4386 eaete-

251 4409 345 4475 arare',
375 4425 447 4469 suae
474 4417 572 4471 tamem
594 4411 747 4492 diguitatis
768 4427 911 4473 mercarer
933 4429 969 4472 aa
986 4410 1116 4491 pudoris
1147 4420 1272 4472 catores
1296 4409 1402 4471 talium
1419 4405 1466 4484 sa·
1549 4427 1550 4440 ¹

249 4489 395 4553 'balaeum
420 4509 606 4574 uepmpuem
634 4494 863 4558 honoraverunt
887 4511 971 4557 more
993 4493 1186 4565 Graecarum,
1214 4495 1272 4557 esd
1292 4498 1372 4558 sieut
1392 4485 1466 4572 apud
1549 4543 1550 4572 3

249 4575 429 4644 dieram
451 4575 550 4656 Scipio
578 4577 731 4662 loquitur:
770 4579 843 4643 ciem
868 4591 966 4643 artem
992 4579 1141 4654 ludicram
1167 4597 1350 4663 rumorque
1378 4585 1464 4640 teram
1549 4589 1550 4596 ¹
