3144 5236
485 383 620 429 tuerent}
638 383 699 428 ttta.
720 384 758 430 ns
779 383 918 432 nomn.

240 530 279 598 st
299 531 414 596 Pbosls'
430 534 564 598 amdam
580 539 704 614 patiens
722 540 863 600 smnio
883 543 917 602 irs
938 547 1030 604 astra

240 617 413 682 Bacchatur
434 629 526 692 ames,
548 639 689 701 mapsam
709 627 739 684 sc·
753 633 877 702 pectore
895 629 996 704 possit

240 702 421 765 Excussisse
442 704 543 778 slsum
566 716 651 770 tanta
673 710 767 787 coapta
786 707 841 770 ille
859 709 971 790 [rapat

243 787 284 850 Os
307 789 454 860 relictura.
476 789 546 867 sera
569 791 661 853 carsla
683 792 816 864 damam,
838 793 984 874 ficpitpae
999 795 1173 873 premendo.

103 873 272 954 laps-imum
294 880 392 934 annm
412 891 530 936 carmen
552 871 684 949 Servius,
705 877 842 940 namuco
858 883 990 957 patiens,
1011 877 1117 959 inquit,
1139 895 1217 960 puae
1224 897 1309 942 aaa·

101 961 161 1022 tos
177 967 282 1039 posset
301 957 428 1038 implere
449 957 646 1022 oraculorum
667 978 831 1024 semaces.
867 961 931 1024 lieo
953 962 1043 1042 igitur
1062 963 1179 1042 patiens
1201 962 1309 1026 dieitur

102 1052 171 1106 setes
197 1042 248 1122 qui
269 1042 307 1104 ad
334 1041 452 1104 oracula
478 1043 628 1105 fundanda
648 1045 768 1108 numine
789 1045 912 1108 ebcuius
934 1046 982 1109 dei
1003 1048 1129 1123 efflatus,
1157 1048 1253 1110 donea
1271 1067 1308 1112 aa

101 1147 132 1190 es
149 1136 268 1208 pectore
283 1127 474 1199 excussisset,
497 1127 657 1202 laborabat,
680 1130 880 1209 torquebatur,
902 1131 1087 1206 domabatur,
1107 1133 1308 1212 premebatur.

99 1213 132 1276 n
149 1231 215 1274 reso
235 1211 408 1274 huiusmodi
428 1221 520 1286 rates,
543 1220 576 1274 ut
595 1213 715 1293 ipsimet
736 1215 846 1278 ethnici
866 1215 992 1291 aiebant,
1012 1217 1134 1280 insolito
1148 1217 1307 1298 repleban-

99 1305 141 1360 tur
158 1299 269 1360 lurore.

174 1381 232 1456 Qui
253 1399 326 1442 vero
348 1380 454 1442 dehine
473 1382 732 1454 assectatores
754 1402 771 1444 a
793 1383 972 1446 Tertulliano
994 1395 1144 1461 vocantur,
1165 1386 1197 1448 hi
1217 1385 1308 1448 (lubio

100 1467 191 1547 psoasl
210 1473 284 1529 sunt
304 1465 404 1537 arioli,
433 1465 470 1526 de
491 1465 597 1545 quibus
618 1466 750 1528 Donatus
772 1467 804 1530 in
826 1469 889 1530 suis
911 1470 949 1531 ad
970 1470 1142 1533 Terentium
1163 1471 1310 1534 observa·

98 1552 227 1614 tionibus·
240 1551 361 1626 (Donat.
381 1551 413 1611 in
435 1549 555 1612 Terent.
576 1551 747 1614 Phormion.
768 1552 829 1614 Aet.
852 1553 899 1615 lv.
922 1573 966 1618 sc.
985 1558 1017 1618 4.
1039 1574 1067 1617 v.
1090 1559 1170 1634 27.):
1192 1555 1310 1618 Hario-

100 1638 143 1700 las
163 1650 221 1713 est,
254 1635 368 1716 inquil,
402 1639 454 1714 pai
474 1637 577 1698 dior'ca
597 1649 694 1716 coepte
714 1641 916 1712 vaticinatas,
953 1645 1006 1721 pul
1024 1641 1160 1720 [arielem
1182 1660 1201 1703 a
1227 1640 1308 1715 latis,

99 1736 127 1786 et
145 1742 163 1784 a
182 1721 283 1794 lando,
305 1739 372 1782 sam
386 1719 419 1782 F.
438 1739 501 1800 pro
521 1719 560 1782 H.
584 1730 612 1783 et
633 1727 703 1785 s'tens
715 1720 756 1784 Η.
775 1739 836 1802 pro
859 1722 892 1784 F.
913 1727 947 1786 in
970 1725 1075 1787 maltis
1106 1725 1309 1789 locationibus

95 1817 232 1888 ponatur.
276 1807 324 1868 Aa
344 1805 424 1886 puori
443 1810 604 1868 recitantur
624 1810 841 1886 aspirationem
859 1811 894 1870 ic
914 1807 1111 1872 cabalario?
1153 1809 1231 1872 Nam
1251 1810 1310 1872 ita-

97 1891 154 1954 iitu
174 1891 270 1954 solent
290 1891 450 1954 aestates
469 1890 628 1952 mortalem
650 1895 788 1964 animam,
809 1902 846 1954 at
866 1893 999 1956 dimanat
1020 1899 1177 1974 recipiant.
1224 1893 1308 1956 Unde

96 1987 129 2038 et
146 1994 241 2038 caetra
260 1975 409 2038 eiusmodi
429 1975 548 2046 talant,
577 1993 651 2056 puae
673 1988 719 2039 est
750 1975 810 2052 Oli,
838 1979 917 2058 quael
947 1978 1000 2040 ott
1024 1981 1119 2043 scens
1147 1979 1313 2042 samanar

97 2065 152 2122 aar
167 2070 317 2141 praestat.
354 2059 469 2120 Rursus
492 2077 562 2120 vero
584 2058 642 2120 iem
663 2059 798 2122 laudatus
819 2080 837 2121 a
856 2061 944 2124 nabis
965 2063 1047 2126 blara
1068 2064 1106 2125 tle
1127 2063 1236 2144 sybilla
1256 2081 1312 2126 aa·-

98 2144 177 2208 nebat
197 2145 311 2224 (virgil.
333 2143 383 2206 lib.
405 2143 453 2204 vl.
474 2143 595 2205 Aeneid.
617 2162 645 2205 v.
666 2149 707 2210 45
730 2153 760 2206 et
781 2150 893 2224 sepul:
1118 2217 1121 2227 Ι

239 2230 367 2292 Ventum
388 2239 455 2292 erat
475 2229 515 2290 ad
536 2228 633 2299 leram,
656 2247 723 2292 cant
744 2235 847 2312 oirpc:
867 2229 996 2294 Poscere
1017 2231 1086 2310 sata

237 2314 377 2394 Tempus,
399 2317 460 2377 ait:
483 2313 564 2386 deus,
587 2332 652 2375 ecce
675 2315 762 2376 dens:
787 2318 836 2376 cui
856 2313 931 2378 talia
950 2316 1036 2395 fanti

233 2403 317 2464 sare
338 2400 424 2478 sores
446 2398 545 2462 subita
568 2417 631 2461 aaa
651 2395 766 2471 vultus,
787 2415 851 2462 sas
872 2399 959 2463 calar
977 2418 1070 2472 acas,

234 2483 312 2547 Noc
332 2493 464 2563 comptae
485 2501 623 2544 amasere
647 2502 753 2556 comae,
783 2484 836 2546 sed
853 2495 959 2563 pectus
979 2484 1122 2548 armum

233 2570 279 2632 lit
300 2569 384 2630 rabie
405 2569 476 2647 [era
497 2568 590 2630 carelo
612 2577 734 2639 tument,
756 2571 912 2649 maiorque
932 2570 1030 2632 attari

234 2653 302 2718 Nec
321 2651 450 2716 mortale
472 2669 586 2714 sanans
608 2653 721 2732 atllata
742 2665 788 2716 est
807 2657 930 2716 aarum
953 2655 1071 2733 punam

234 2739 307 2802 iam
324 2741 471 2818 propiore
494 2738 551 2800 dei.
908 2813 914 2820 ι

104 2820 224 2886 Similiter
245 2823 338 2886 eliam
359 2821 495 2884 Lucanus
517 2821 554 2882 de
576 2820 701 2882 Cumaea
723 2817 846 2898 Sybilla,
878 2837 954 2898 quae
974 2819 1125 2882 rabaaari
1147 2817 1311 2882 conabatur

101 2903 194 2971 buten
213 2908 267 2970 lib.
293 2908 327 2969 V.
349 2926 376 2968 v.
398 2909 436 2970 91
463 2915 493 2967 et
514 2910 627 2984 seqq.):

237 2993 320 3056 Talis
343 2995 376 3053 irs
395 2991 524 3054 Euboico
547 3001 630 3054 vates
655 2989 782 3050 Cumaea
803 3005 932 3061 recusa,

235 3078 403 3157 ladiprtata
425 3093 513 3137 saum
533 3074 637 3139 multis
652 3077 777 3136 seruire
800 3071 935 3134 labarent

237 3163 394 3232 Gentibus,
417 3179 455 3223 ea
477 3170 563 3222 tanta
583 3160 722 3238 [atara-m
743 3167 843 3236 strape
864 3156 996 3237 superba

235 3247 367 3326 Recepit
387 3245 523 3308 llomana
543 3261 643 3314 mara,
666 3247 709 3304 sie
726 3241 820 3324 plera
840 3241 963 3306 laborat

235 3331 427 3394 ammonae
447 3329 565 3392 Pboela
568 3367 845 3390 ......

238 3501 372 3581 Spumea
394 3510 466 3562 tunc
484 3502 616 3578 probrum
638 3497 737 3558 rabies
759 3513 871 3558 aesaaa
889 3512 948 3575 per
969 3509 1028 3556 ara

236 3585 364 3665 Bstluit,
385 3594 415 3645 et
435 3587 569 3662 percitus,
592 3591 621 3642 et
642 3581 748 3643 anbelo
771 3579 858 3642 alara
878 3587 978 3640 meatu

237 3670 413 3740 Marmara,
436 3681 507 3733 tanc
527 3675 659 3729 moestus
682 3669 776 3728 castis
798 3663 937 3728 ululatus
958 3663 1113 3726 icastris

237 3755 458 3832 Butremaepue
480 3761 589 3814 rorant
611 3752 721 3813 domita
744 3753 804 3812 mm
825 3752 942 3827 oirpim
963 3764 1061 3810 acces.

99 3835 290 3908 Quamobrem
326 3836 427 3898 Cicero
463 3836 525 3908 (lib.
556 3835 580 3896 l.
613 3835 650 3896 de
680 3832 776 3894 [livio.
808 3849 874 3912 pag.
907 3834 980 3894 att.
1012 3829 1064 3890 lin.
1091 3831 1170 3902 35.):
1211 3823 1310 3890 Greia

99 3927 185 3995 aaa.
206 3924 315 4004 inquit,
338 3921 487 3984 cabalistas
509 3921 653 4002 quosdam
666 3920 763 3998 faisse
778 3927 944 3988 terraracs,
966 3916 1072 3997 pullas
1087 3913 1311 4006 inflataeque-

100 4015 138 4066 tes
158 4009 286 4072 oracula
306 4008 481 4088 suaderent.
524 4004 584 4066 Sed
610 4004 648 4066 de
668 4001 716 4064 his
738 4001 838 4080 plures
860 3999 934 4062 alios
962 3997 1123 4076 scriptores
1145 4003 1305 4091 'esmnmus

100 4086 127 4148 in
150 4101 252 4156 nosue
282 4093 319 4154 de
345 4089 465 4152 Minucii
494 4089 614 4152 Octavio
641 4085 850 4148 dissertatione
877 4084 1042 4160 (Dissertat
1063 4080 1094 4142 in
1114 4079 1220 4142 Μιιιιιο.
1243 4095 1308 4158 cap.

103 4173 145 4239 lt.
161 4176 225 4239 brt.
248 4181 304 4254 2.).
346 4175 420 4238 viae
441 4181 547 4248 auam,
571 4173 707 4244 obsecro,
737 4177 836 4232 ulrum
857 4188 894 4231 ex
915 4167 972 4230 illis
993 4164 1090 4244 colligi
1109 4164 1208 4245 possit
1227 4163 1309 4227 huna

99 4275 161 4320 esse
180 4260 354 4324 Tertulliani
381 4258 526 4322 sensnm?
569 4259 654 4322 Vates
688 4265 718 4318 et
748 4253 832 4322 arioli
860 4252 1065 4316 sustinentur
1092 4251 1126 4313 sle
1152 4250 1205 4314 dea
1228 4253 1309 4331 pati,

99 4359 158 4408 utus
178 4347 214 4408 ab
237 4347 290 4408 illo
308 4345 364 4408 aeli
385 4351 468 4406 aestu
491 4363 525 4406 aa
545 4345 646 4404 innare
667 4337 889 4420 torquebantur.
1266 4417 1273 4430 ο

175 4431 234 4504 uui
256 4449 327 4492 vero
349 4433 413 4492 aris
435 4429 615 4504 iabalantes,
638 4427 700 4490 sive
721 4424 867 4504 spirantes
889 4427 919 4484 et
938 4420 970 4482 in
985 4437 1050 4481 aras
1065 4419 1202 4499 spiritum
1216 4424 1308 4483 ernst-

98 4517 197 4589 noas,
218 4535 340 4586 namen,
362 4514 393 4576 id
413 4522 460 4576 est
480 4513 527 4576 dei
548 4513 671 4576 alieuius
692 4515 848 4576 autumet
867 4513 1054 4585 potestatem,
1077 4507 1112 4567 ds
1132 4505 1248 4578 ridere,
1271 4499 1304 4564 il

102 4603 143 4657 est
160 4599 252 4662 odore
275 4599 406 4663 victimae
427 4597 548 4660 ebenina
569 4603 716 4679 perlutae,
739 4595 921 4676 concipiunt.
955 4587 1067 4652 Deinde
1087 4587 1309 4673 ptisanario
