3122 5250
249 343 315 410 att
337 361 530 408 nrssnnrtrto
545 363 576 408 nt
592 361 741 416 au.·tnrr.
756 359 1053 408 nunnamenster
1067 363 1290 410 tranaonrrcmr
1304 363 1381 406 cerr.

245 529 315 578 rum
343 513 493 594 impellere
516 514 747 577 venerationem.
789 513 893 578 Nullus
920 514 999 576 enim
1025 515 1091 576 tine
1122 512 1235 594 piacula
1267 513 1297 576 in
1326 529 1439 574 errorem

249 598 531 698 impellitur,·immo
553 617 624 696 roro
646 617 701 661 nea
722 599 879 662 inducitur.
908 600 946 661 nt
966 599 1043 696 nibil
1060 599 1199 678 probibet
1218 597 1438 679 quominusbae·
1525 637 1528 701 i

247 695 333 782 retici
359 684 486 764 legitima
512 691 685 748 auctoritate
712 683 749 746 ad
777 703 840 746 eant
870 703 957 765 quam
991 683 1369 784 reliqueruntreduoantur
1397 701 1440 743 re·

247 775 374 832 nutem.
748 853 915 906 snrtcutus
933 854 965 905 n,

247 957 319 1010 Quam
336 957 421 1004 insulsa
439 957 520 1002 ethnici
538 957 566 1001 ad
583 957 718 1012 torquendas
736 957 892 1014 tenendaeque
910 957 1046 1012 chnstianor
1064 957 1227 1002 obiicerentur
1244 957 1370 1014 quibusdam
1384 955 1441 1010 inipe-

246 1031 345 1070 ratarmn
362 1026 448 1081 legibus
467 1025 580 1080 adstringi,
598 1025 777 1080 quandoquidem
794 1025 822 1068 ab
840 1026 867 1069 itr
884 1026 938 1082 ipsis
957 1025 1087 1070 emendatae
1104 1032 1157 1069 sunt
1174 1027 1236 1081 leger
1252 1025 1349 1081 Lycurgi,
1369 1023 1401 1079 qni
1415 1023 1439 1066 id

247 1093 308 1138 cirea
332 1093 404 1138 inedia
427 1100 520 1138 mortem
542 1093 583 1136 sibi
607 1093 721 1146 conscivit,
744 1100 809 1149 atqua
828 1095 886 1138 aliae
904 1104 917 1137 a
934 1092 1039 1138 Romanis
1057 1093 1176 1148 abrogatae
1194 1105 1221 1138 aa
1238 1091 1362 1138 namnetim
1377 1091 1441 1142 lutiae,

270 1161 351 1218 Papiae
369 1169 465 1216 atquae
483 1161 593 1205 debitores
611 1160 632 1204 ln
650 1161 706 1204 durs
723 1168 797 1218 partes
814 1161 887 1206 secari
904 1161 1016 1215 iubebant,
1035 1172 1062 1205 eo
1078 1173 1190 1217 quaenam
1207 1162 1269 1217 leges
1286 1160 1336 1204 illae
1352 1159 1427 1204 btednt

331 1275 434 1338 Nullus
454 1293 583 1356 unquam
604 1275 672 1350 ulla,
694 1275 754 1338 nisi
769 1276 953 1356 iniquissima
967 1275 1041 1355 lege,
1064 1276 1100 1337 ad
1115 1275 1221 1338 laisum
1236 1275 1356 1356 aliquem
1370 1271 1442 1336 deum

246 1361 403 1424 colendum
423 1361 566 1441 adstringi
587 1369 696 1441 potest
738 1361 776 1422 At
796 1366 928 1424 t'rtiottae
950 1361 1031 1443 leqt's,
1053 1369 1087 1423 nt
1106 1369 1185 1423 recte
1200 1360 1241 1422 ait
1255 1359 1442 1430 Tertullianus,
1530 1383 1532 1441 3

245 1446 352 1508 nullus
376 1448 475 1509 donar
496 1455 540 1509 att
561 1445 692 1520 (Tertull.
709 1445 759 1507 lib.
775 1446 797 1507 l.
813 1445 850 1507 ad
864 1445 980 1507 Nation.
997 1463 1059 1526 cap.
1075 1449 1129 1522 6.),
1150 1463 1206 1507 nea
1227 1445 1313 1507 ullius
1333 1459 1442 1522 unquam

248 1530 378 1593 bominis
408 1530 616 1593 consuendam
645 1530 790 1610 obligavit
834 1529 917 1591 Nulla
948 1531 1038 1610 igitur
1064 1531 1190 1592 humana
1218 1531 1282 1609 lege
1303 1525 1444 1590 Christiani
1531 1562 1532 1568 κ

246 1615 284 1678 ad
305 1615 424 1678 fictitios
446 1616 519 1678 deos
541 1615 681 1678 colendos
705 1615 769 1694 cogi
791 1622 938 1695 poterant.
983 1615 1048 1688 Qua
1070 1632 1141 1693 ergo
1162 1615 1261 1676 llonte
1282 1612 1383 1675 ethnici
1396 1611 1441 1672 ab·
1529 1645 1532 1699 i

246 1700 336 1762 iiacre
356 1694 495 1779 poterant
516 1719 549 1761 se
570 1700 607 1761 ad
629 1717 682 1762 eos
705 1700 886 1780 torquendos
909 1707 938 1761 et
958 1699 1107 1762 necandos
1129 1699 1306 1778 quibusdam
1329 1698 1442 1776 impera·
1529 1720 1531 1731 ·

244 1793 343 1846 torum
365 1801 487 1846 suorum
508 1784 621 1864 legibus
644 1783 798 1864 obstringi,
820 1784 870 1864 qui
891 1802 999 1864 negare
1020 1802 1082 1845 non
1103 1793 1243 1864 poterant
1262 1783 1395 1864 plurimas
1414 1779 1445 1840 ab

245 1869 415 1931 bominibus
438 1868 526 1931 etiam
547 1868 668 1930 maioris
691 1869 884 1946 auctoritatis,
905 1869 1017 1931 utiam
1038 1869 1068 1930 in
1092 1868 1240 1947 superiori
1255 1867 1444 1931 dissertatione

244 1951 373 2015 vidimus
395 1953 562 2030 (Dissertat.
584 1953 615 2014 in
635 1953 767 2014 Lactant.
789 1973 851 2033 cap.
874 1955 925 2019 28.
947 1954 1008 2015 Art.
1034 1956 1086 2028 1.),
1107 1971 1163 2032 pro
1185 1953 1314 2016 humana
1333 1949 1444 2014 infirmi·

246 2045 306 2100 tate
328 2047 357 2098 et
378 2045 546 2118 temporum
569 2038 787 2118 opportunitate
807 2038 892 2112 latas,
915 2057 987 2118 quas
1010 2037 1121 2099 idcirco
1143 2038 1283 2101 audacter
1298 2047 1326 2100 et
1339 2037 1444 2114 impune

247 2123 448 2196 emendarunt,
471 2124 656 2202 spreverunt,
679 2120 945 2185 conculcaverunt?
990 2123 1056 2196 Quo
1079 2129 1177 2184 autem
1199 2131 1285 2203 pacto
1306 2123 1334 2184 id
1347 2137 1442 2198 negas-

245 2211 322 2279 sent,
353 2207 431 2285 qund
458 2225 520 2268 non
548 2207 643 2269 solum
674 2208 840 2269 certissimo
863 2207 1014 2269 Ciceronis
1036 2207 1209 2269 testimonio
1237 2208 1338 2283 (Cicer.
1357 2203 1401 2264 lib.
1420 2201 1442 2261 l.
1532 2277 1533 2296 Χ

244 2291 282 2353 de
303 2290 403 2369 Legib.
426 2310 456 2372 p.
478 2293 550 2356 328.
572 2291 623 2351 lin.
647 2295 666 2354 5
689 2298 719 2352 et
740 2295 846 2371 seqq),
875 2292 928 2354 scd
950 2292 1097 2354 constanti
1119 2293 1307 2356 sacculorum
1326 2288 1444 2352 omnium

245 2375 424 2456 experientia
446 2375 583 2436 omnibus
606 2384 788 2455 compertum
811 2373 880 2437 esti
923 2376 1001 2438 Nihil
1023 2377 1121 2456 itaque
1141 2395 1269 2441 necesse
1289 2377 1349 2449 luit
1369 2379 1400 2435 ut
1416 2369 1444 2430 id

244 2459 442 2522 Tertullianus
470 2459 557 2523 uariis
586 2467 616 2521 et
641 2461 729 2540 longe
756 2460 888 2541 pluribus
917 2479 1005 2540 quam
1032 2479 1086 2541 par
1114 2469 1178 2523 erat
1206 2461 1343 2542 exemplis
1370 2474 1445 2520 com·

242 2543 392 2626 probaret
421 2546 627 2607 Vemmtamen
649 2545 716 2624 quia
738 2545 817 2626 quod
839 2545 976 2618 abundat,
999 2546 1143 2620 malunt,
1167 2564 1229 2608 non
1251 2547 1340 2619 vitiat
1360 2541 1444 2624 pluri·

242 2641 309 2692 mus
337 2628 385 2691 ille
412 2629 537 2692 sancitas
565 2629 691 2691 crariis
713 2629 931 2710 legislatoribus
953 2631 1033 2710 leges
1057 2639 1086 2694 et
1107 2649 1123 2692 a
1144 2632 1265 2711 populis
1287 2638 1384 2712 postea
1403 2633 1447 2688 aut

243 2715 412 2776 emendatae
434 2721 485 2778 aut
505 2714 667 2794 antiquatas
690 2713 756 2776 ideo
779 2715 937 2794 congessit,
969 2723 1003 2776 ut
1024 2715 1141 2776 tandem
1163 2711 1445 2794 ethnicislegumin
1533 2736 1536 2774 :

243 2799 427 2862 Ghrlstlanas
456 2798 587 2862 datarum
616 2800 819 2862 auctoritatem
839 2817 988 2880 nunquam
1010 2817 1070 2860 non
1093 2807 1123 2860 ct
1143 2801 1180 2861 ad
1203 2817 1342 2863 nauscam
1361 2811 1445 2876 usque

242 2881 455 2947 oblectantibus
482 2884 609 2964 linguam
641 2885 759 2963 penitus
788 2884 962 2946 occluderet.
1016 2883 1117 2946 Nostri
1144 2884 1246 2966 itaque
1274 2884 1359 2948 officii
1386 2898 1444 2943 essa
1533 2880 1537 2938 i

242 2969 388 3040 duximus,
401 2968 499 3032 omnia
522 2969 586 3031 eins
607 2969 730 3050 vestigia
749 2969 887 3050 persequi
908 2987 942 3030 ac
962 2985 1017 3048 pro
1039 2968 1114 3030 virili
1135 2979 1221 3049 parta
1235 2979 1334 3032 nostra
1349 2966 1445 3029 solita·
1536 2963 1537 2972 ’

241 3071 299 3133 qna
326 3071 409 3115 more
438 3073 472 3116 ea
500 3054 662 3130 enucleare,
691 3073 765 3134 quae
792 3054 828 3115 ab
855 3053 905 3115 illo
928 3035 965 3115 de
987 3053 1114 3133 antiquis
1137 3054 1322 3118 ethnicorum
1335 3051 1447 3132 =legibus

242 3150 400 3216 carumque
421 3137 600 3211 auctoribus,
622 3139 826 3200 emendatione
848 3146 877 3200 et
888 3137 1077 3216 abrogatione
1092 3139 1246 3219 speciatim
1259 3139 1362 3201 tradita
1375 3139 1447 3199 snat.

325 3221 448 3283 Orditur
474 3229 571 3284 autem
599 3223 635 3284 ab
662 3223 868 3303 antiquissimo
895 3222 1062 3302 legislatore
1089 3222 1235 3305 Lycurgo,
1263 3224 1344 3286 cuius
1366 3222 1447 3302 lepra,
1539 3251 1540 3292 t

240 3303 344 3382 inquit,
367 3325 387 3367 o
407 3306 645 3369 Lacedaemoniis
667 3309 838 3370 emendatae
860 3317 977 3371 tontum
998 3312 1120 3370 auctori
1138 3327 1196 3372 soa
1219 3309 1336 3374 doloris
1351 3311 1446 3369 t'ttrttt-
1537 3351 1538 3360 a

240 3399 357 3459 serant,
380 3399 416 3452 ot
434 3393 468 3451 io
490 3408 608 3454 secessu
629 3392 728 3454 toedio
749 3393 784 3452 de
804 3411 836 3454 ae
856 3396 922 3472 t'pro
943 3393 1130 3465 indicaverit,
1157 3401 1219 3467 aut,
1247 3401 1279 3456 ut
1299 3391 1367 3454 alibi
1387 3387 1447 3452 aliis

239 3471 337 3534 verbis
360 3472 439 3534 idem
453 3472 682 3552 significantibus
698 3474 780 3546 dixit,
802 3480 1029 3557 apocarteresin
1044 3481 1159 3558 optavit
1174 3477 1357 3554 (Tertullian.
1371 3475 1446 3555 dpa-

239 3555 328 3638 loget.
351 3575 414 3638 cap.
429 3560 460 3621 4.
484 3565 513 3619 ot
534 3577 597 3638 cap.
619 3562 707 3640 ld),
722 3559 780 3620 boc
801 3567 848 3622 est
867 3559 1032 3624 voluntaria
1052 3563 1129 3624 lama
1150 3571 1181 3624 et
1201 3562 1299 3624 inedia
1320 3569 1444 3624 marmus

240 3651 295 3706 aet.
325 3643 383 3704 Cur
406 3649 513 3713 antem,
536 3642 661 3706 obsecro
683 3652 723 3714 te,
746 3645 800 3706 has
821 3645 901 3724 leges
923 3644 1148 3708 Lacedaemonii
1170 3645 1372 3720 emendavero,
1392 3639 1444 3705 nisi

280 3729 287 3740 ’
328 3747 377 3790 eas
399 3727 583 3808 imperfectus
605 3745 660 3790 nec
681 3728 739 3791 sibi
759 3729 845 3792 utiles
861 3737 891 3792 et
905 3731 1112 3793 convenientes
1127 3749 1198 3793 esse
1212 3723 1447 3794 arbitrabantur?

263 3821 276 3876 t
295 3813 456 3876 Pausanias
484 3813 645 3875 memoriae
664 3812 813 3876 mandavit
833 3815 914 3877 illum
935 3815 966 3876 in
988 3816 1133 3895 quondam
1154 3815 1325 3896 oanlbgisse
1344 3815 1444 3882 vicum

239 3898 286 3961 cui
305 3899 422 3978 Alpium
443 3917 552 3960 nomen
575 3905 646 3973 erat,
677 3907 834 3979 postquam
855 3899 928 3962 alter
950 3899 1053 3961 oculus
1075 3899 1103 3962 ei
1124 3917 1268 3963 excussus
1289 3899 1394 3963 luisset
1411 3894 1444 3958 ab

237 3981 392 4054 Alcandro,
421 3984 468 4046 oui
495 3983 574 4062 leges
597 3983 661 4047 eius
684 4001 745 4044 non
766 3984 936 4063 placuerant
962 3983 1099 4054 (Pansam.
1120 3985 1170 4047 lib.
1193 3985 1243 4047 ΠΙ.
1266 4003 1333 4066 pag.
1357 3985 1444 4058 too.)-

238 4065 372 4130 vaenue
399 4085 471 4131 tero
498 4067 640 4130 Maximus
661 4067 732 4132 illud
752 4067 840 4150 paulo
862 4069 957 4131 fusius
978 4068 1086 4148 bisque
1106 4069 1205 4132 verbis
1227 4077 1359 4132 enarrat:
1390 4065 1443 4145 bp-

240 4169 332 4230 aergo
366 4171 461 4235 aeque
497 4152 574 4235 tepea
605 4152 787 4216 salutariter
819 4157 1001 4234 aaroqdmoe
1030 4155 1147 4218 curtlia
1179 4171 1244 4218 esse
1270 4157 1444 4236 potuerant

238 4237 395 4316 quominus
426 4238 556 4317 insertas
589 4241 666 4300 does
702 4242 906 4320 reperiretur.
971 4236 1066 4320 Saepe
1099 4243 1177 4302 eada
1212 4239 1365 4320 lapidabas
1391 4253 1441 4316 pe-

239 4321 329 4392 aras,
358 4318 519 4404 aliquanda
545 4324 656 4403 [arare
685 4323 809 4406 publico
840 4326 963 4393 deame,
999 4326 1089 4386 etiam
1117 4326 1261 4404 priuatus
1297 4321 1383 4387 arola
1406 4315 1446 4380 ad

237 4395 377 4468 atatem
409 4409 477 4486 ipso
506 4413 612 4487 patn'a
641 4407 753 4490 pulsos
789 4415 834 4471 est
867 4405 940 4483 (val.
967 4407 1041 4470 Max.
1069 4407 1118 4470 lib.
1142 4407 1174 4470 V.
1203 4425 1268 4486 cap.
1290 4411 1321 4474 3.
1348 4407 1443 4468 llxter.

237 4491 268 4566 1.
291 4489 344 4567 2.).
362 4523 371 4536 ·
387 4485 447 4550 Sed
467 4496 591 4572 uterque
610 4493 701 4555 tacuit
721 4508 780 4572 qua
801 4492 906 4554 martis
926 4508 1035 4571 genere
1048 4493 1136 4555 dmm
1149 4491 1328 4556 illodnian't
1350 4488 1441 4554 lala·

233 4587 295 4638 m
326 4591 397 4638 vero
430 4572 533 4636 scribit
560 4575 612 4652 llll,
642 4589 710 4641 anm
729 4575 979 4642 Lacedaemonios
1010 4576 1121 4641 lustitia
1140 4575 1274 4640 imbuere
1294 4575 1443 4643 rotnace
