3144 5236
413 433 414 438 γ
497 379 631 424 auorons
653 381 713 425 urc.
736 379 773 426 ta
795 383 923 430 roonar.
1264 375 1326 442 toa

113 543 170 587 esse
190 524 279 604 louge
298 523 489 590 uetustiores.
534 529 664 592 Deorum
686 531 836 594 enimvero
860 533 1014 614 originem,
1045 537 1122 600 siout
1142 539 1218 603 inira
1241 543 1325 607 dioe-

110 629 174 682 mus,
196 629 214 670 a
238 611 368 672 Saturno
390 612 582 692 repetendam
604 633 673 677 esse
695 616 841 696 opinatur.
886 619 952 680 Non
973 621 1083 682 mirum
1105 623 1203 704 itaque
1225 629 1253 690 si
1266 630 1324 690 hos
1422 647 1427 656 ·

109 695 170 754 deos
197 694 283 756 libris
305 695 417 775 blopsis
444 698 628 775 posteriores
656 717 724 761 esse
751 701 888 764 affirmet.
929 703 1039 765 Verum
1066 705 1115 767 bis
1143 708 1192 771 ille
1212 712 1323 788 uerbis,

108 779 192 840 adlato
214 784 315 842 mrbus
338 782 472 852 dimotus,
501 781 626 844 ethnicis
650 784 814 863 exprobare
836 786 952 848 videtur
973 789 1052 866 quod
1075 790 1148 854 deos
1171 811 1245 856 suos
1268 815 1324 858 eo·

107 863 354 1009 mmdqumqeoptum
374 863 458 926 libris
474 865 585 945 lloysis
607 870 787 930 vetustiores
810 887 879 932 esse
900 879 960 932 tam
981 872 1117 952 imperite
1139 895 1227 956 pam
1247 880 1323 942 ialso

106 963 152 1007 ren
248 965 268 1007 n

604 1101 773 1154 tunicatus
790 1103 814 1152 ll.

104 1200 166 1251 Quam
193 1201 321 1246 laeoleaur
338 1201 489 1246 Tertullianus
512 1203 638 1258 probaverit
660 1205 811 1260 antiquitatem
834 1205 940 1252 libranum
964 1207 1044 1264 llopsia
1068 1221 1096 1254 ax
1113 1211 1162 1254 eius
1179 1218 1259 1262 aetate,
1284 1215 1324 1268 qui

105 1279 194 1312 eeeeee
213 1268 254 1312 mit
270 1266 354 1316 laaeho
374 1277 396 1312 et
411 1270 512 1326 pluribus
530 1271 628 1316 saeculis
646 1271 731 1324 Danao,
756 1273 866 1316 Troianae
885 1274 943 1318 eladi
961 1283 983 1317 et
1000 1276 1096 1322 homero
1113 1279 1213 1334 praeivit,
1237 1279 1275 1324 ubi
1294 1281 1323 1340 da

352 1335 492 1389 Marathona,
510 1337 602 1391 lleroso,
619 1338 702 1390 lromo,
720 1351 761 1382 seu
779 1340 912 1396 llierougmo
930 1348 952 1384 ct
969 1341 1073 1398 loaepbo.

181 1448 277 1510 llemo
306 1458 387 1512 certe
415 1450 587 1513 diffitebitur
613 1452 758 1514 librorum
779 1453 890 1531 Moysis
918 1453 1121 1532 antiquitatem
1147 1475 1209 1518 non
1229 1477 1324 1538 posse

104 1532 205 1595 unius
227 1551 315 1612 mam
338 1553 374 1596 ex
395 1534 472 1596 illius
495 1543 590 1596 aetate
612 1535 741 1615 probari.
787 1535 987 1610 Quamobrem
1013 1539 1212 1602 Tertullianus
1236 1551 1323 1603 vete·

106 1635 164 1678 rum
186 1618 339 1696 gentilium
369 1618 546 1697 scriptorum
568 1620 741 1681 testimonio
764 1622 867 1694 fretus,
897 1639 955 1699 quo
977 1621 1025 1682 ille
1047 1628 1181 1702 tempore
1203 1630 1233 1684 et
1254 1633 1324 1686 ante

107 1719 173 1778 quos
192 1702 309 1775 vixerit,
331 1701 413 1765 bisce
435 1703 559 1782 explicat
578 1704 693 1766 verbis:
723 1705 845 1783 Argiuo,
868 1703 972 1783 inquit,
995 1705 1108 1769 luaelao
1126 1711 1249 1788 pariter
1270 1727 1325 1770 ae-

107 1795 161 1847 tate
181 1799 242 1850 est:
266 1788 493 1868 quadringentis
512 1806 609 1869 poeue
630 1793 719 1850 annis
744 1787 828 1872 (nara
840 1798 869 1850 et
880 1799 991 1868 septem
1005 1788 1119 1869 miuus)
1136 1791 1278 1854 Danaum
1294 1803 1325 1855 et

108 1873 198 1948 iprum
218 1872 302 1952 apud
323 1889 378 1933 ναι
400 1875 637 1934 uetustissimum
654 1875 824 1953 praeuenit,
846 1871 929 1932 utillo
945 1877 1066 1934 circiter
1081 1873 1193 1938 cladem
1207 1875 1328 1938 Priami

108 1956 264 2029 antecedit,·
284 1973 407 2036 portem
428 1959 517 2016 etiam
540 1956 637 2018 dicere
658 1959 825 2036 quingentis
847 1947 976 2036 amplius
999 1955 1163 2020 Homerum
1185 1959 1323 2034 (Tertull.
1376 2025 1380 2032 ,
1454 2003 1456 2010 ι

108 2037 251 2115 Apologet.
274 2055 338 2117 cap.
356 2040 429 2114 lu).
458 2039 589 2100 Primum
612 2037 710 2119 itaque
732 2040 819 2100 docet
839 2040 959 2118 Moysen
980 2039 1089 2102 luaobo
1112 2042 1204 2103 luisse
1232 2059 1322 2103 coae-

108 2139 178 2182 vum.
220 2124 258 2183 nt
285 2123 315 2183 in
343 2122 444 2200 priore
465 2123 630 2202 Apparatus
657 2123 755 2184 nostri
777 2132 859 2184 tomo
883 2123 1065 2186 ostendimus
1088 2125 1166 2187 hano
1185 2143 1323 2187 commu·

109 2206 283 2270 neminisse
305 2215 438 2268 veterum
460 2208 639 2286 scriptorum
661 2207 698 2268 ad
719 2207 879 2268 Eusebium
899 2225 994 2286 usque
1016 2209 1202 2282 sententiam,
1234 2225 1324 2288 σανα]

109 2290 232 2352 nonnulli
255 2289 343 2351 etiam
365 2289 423 2351 boc
445 2292 563 2352 saeculo
585 2308 772 2371 propugnare
795 2291 853 2352 nisi
875 2300 943 2352 suot
965 2292 1063 2364 (Touo.
1085 2291 1109 2354 l.
1131 2293 1269 2372 Apparet.
1291 2311 1323 2372 p.

108 2373 181 2438 385..
195 2376 267 2439 nat.
292 2376 364 2439 836.
387 2377 460 2439 909.
484 2383 514 2436 et
536 2378 651 2452 1342).
694 2375 906 2436 Asseveranter
927 2393 998 2436 vero
1013 2375 1123 2437 Auctor
1143 2387 1247 2437 noster
1267 2375 1324 2436 ad-

110 2457 198 2518 brmat
222 2477 256 2520 se
284 2457 435 2537 opinionis
463 2477 534 2520 suae
561 2460 661 2539 plures
683 2458 823 2520 habuisse
845 2476 1010 2537 sponsores
1032 2467 1062 2520 et
1082 2467 1236 2540 patronos.
1279 2457 1325 2519 Na

111 2542 169 2620 quis
194 2551 291 2604 autem
318 2550 438 2621 putaret
464 2543 535 2605 illud
563 2543 599 2604 ab
622 2563 658 2604 eo
682 2543 772 2622 gratis
795 2542 955 2614 adsertum,
977 2543 1033 2604 hos
1055 2544 1149 2622 ipsos,
1178 2551 1212 2604 ut
1232 2542 1323 2622 paulo

110 2633 173 2702 post
190 2627 367 2699 videbimus,
391 2625 559 2706 singillatim
582 2635 612 2688 et
632 2627 755 2688 nomine
777 2645 833 2688 suo
855 2625 990 2706 appellat.

185 2709 342 2772 Praeterea
364 2710 505 2772 horumce
526 2712 704 2790 scriptorum
725 2710 899 2772 auctoritate
925 2709 1016 2770 llaltus
1038 2717 1188 2770 asseverat
1202 2709 1324 2786 bloysen

110 2793 270 2855 cccxciii.
300 2794 385 2856 annis
400 2794 609 2873 ‘praevertisse
637 2795 779 2856 Danaum.
820 2793 858 2854 At
879 2791 1019 2864 mimum,
1043 2809 1163 2870 quaeso,
1193 2790 1324 2866 adverte,

112 2885 199 2939 mum
225 2880 298 2940 haec
319 2879 517 2940 Tertullianus
545 2878 718 2942 deliberarit
746 2895 781 2937 ex
803 2875 942 2955 losepho,
976 2876 1025 2953 qui
1053 2874 1163 2935 ibidem
1191 2872 1227 2934 ab
1257 2873 1324 2952 ipso

112 2970 173 3036 post
192 2963 264 3024 alios
288 2963 450 3041 scriptores
471 2963 587 3025 citatur.
630 2961 790 3022 Enimvero
811 2967 916 3039 postea
939 2976 1026 3036 quana
1047 2957 1193 3036 Iosephus
1217 2957 1327 3018 editam

112 3045 323 3109 allaoethone
350 3046 557 3126 Aegyptiorum
591 3044 813 3122 chronologiam
841 3041 999 3114 recensuit,
1033 3059 1098 3102 eam
1124 3040 1173 3101 his
1201 3039 1328 3101 absolvit

113 3129 215 3192 verbis:
242 3127 285 3194 Οἱ
307 3127 504 3212 καλούμενοι
524 3129 681 3210 ποιμένες
701 3120 855 3211 ἡμέτεροι
876 3120 1037 3226 apopores
1057 3122 1146 3206 τρισὶ
1168 3123 1221 3186 isui
1239 3119 1328 3187 ἐννε-

113 3209 239 3298 νήκοντα
259 3214 540 3316 καλτριακοσίοις
561 3208 713 3295 πρόσθεν
735 3208 840 3275 ἔτεσιν
863 3205 898 3273 ἐκ
911 3230 970 3294 της
980 3205 1158 3292 Αἰγύπτου
1174 3200 1327 3271 ἀπαλλα-

113 3299 211 3377 γέντες
236 3296 295 3384 τὴν
322 3320 432 3381 χωραν
457 3295 578 3380 ταύτην
607 3293 791 3380 ἐπῴκησαν,
821 3285 1000 3380 ἢΔαναὸν
1033 3290 1080 3369 εἰς
1100 3287 1223 3375 ’Ἀργας
1245 3284 1328 3376 ἄφι-

113 3383 232 3461 uotae,
254 3387 367 3446 καίτοι
385 3382 503 3446 σοῦσον
526 3375 743 3466 ἀρχαιότατον
762 3371 910 3464 Ἀργεῖοι
925 3374 1110 3459 νομίζουσι.
1153 3377 1215 3450 Qui
1235 3393 1327 3438 uora-

113 3464 216 3528 imur
233 3478 387 3550 pastores,
409 3469 441 3529 a'd
462 3477 507 3529 ert
529 3469 633 3529 uestri
649 3469 873 3546 progenitores,
899 3481 938 3524 eo
959 3463 1092 3542 Aegypto
1114 3461 1328 3522 liberationes

114 3559 171 3610 tres
190 3561 217 3614 et
236 3555 407 3631 eompiota
427 3562 516 3632 atque
537 3560 688 3613 trecentos
711 3566 809 3610 aanor
826 3547 903 3610 banc
914 3551 1107 3626 prouinciam
1120 3544 1330 3606 inhabitavero

115 3651 192 3712 pau
219 3635 347 3697 Danaus
384 3637 424 3696 ad
449 3636 547 3713 Argoa
575 3635 735 3728 accederet,
764 3633 834 3694 licet
861 3631 940 3693 burae
961 3626 1332 3722 antiquissimorumque·

115 3715 535 3881 illutibilis·
550 3717 966 3870 tumultuatur
980 3709 1198 3858 hiltini
1211 3715 1330 3850 ,ituit

117 3887 299 3959 praenimia
328 3887 445 3948 videtete
472 3885 622 3958 librarius,
650 3884 700 3962 qui
722 3882 842 3961 scripsit
863 3898 1003 3960 egressos
1026 3877 1117 3938 luisse
1138 3891 1174 3934 ex
1197 3873 1329 3951 Aegypto

118 3965 267 4044 llebraeos,
290 3991 319 4034 π
341 3965 359 4031 ὸ
384 3965 466 4033 ἐτῶν
486 3969 685 4052 τριακοσίων
707 3963 895 4047 δεκατριῶν,
919 3974 990 4026 aute
1012 3969 1161 4022 trecentos
1184 3967 1213 4018 et
1228 3957 1332 4052 trede-

118 4055 168 4112 cr'aa
191 4073 286 4118 aanor
314 4059 324 4128 (
352 4053 461 4132 heopb.
483 4053 534 4114 lib.
557 4052 607 4113 lll.
636 4051 674 4113 ad
694 4049 826 4128 bntolyo.
848 4066 878 4128 p.
905 4050 999 4123 tatu,
1032 4059 1119 4122 quam
1150 4041 1266 4102 Danaus
1298 4057 1330 4100 in

117 4133 258 4200 Graeciam
289 4138 468 4218 pervenerit.
512 4136 630 4198 Etenim
647 4133 850 4213 Theophilus,
880 4139 914 4194 ut
948 4147 981 4190 ex
1015 4126 1099 4188 dictis
1127 4132 1217 4205 patet,
1252 4122 1332 4185 haud

117 4217 198 4282 dubie
217 4222 387 4302 scripserat,
408 4223 611 4303 τριακοσίοις
631 4217 686 4282 καὶ
709 4212 923 4302 ἐννενήκοντα1
937 4211 1035 4295 τρισὶ,
1060 4213 1200 4274 trecentis
1224 4218 1253 4270 et
1273 4223 1333 4268 uo-

120 4308 233 4380 taqinta
264 4307 376 4368 tribur.
420 4305 480 4366 Sed
507 4321 567 4364 non
590 4303 664 4365 satis
686 4301 782 4380 perito
805 4299 920 4361 soribm
941 4295 1070 4377 proclive
1092 4293 1146 4353 luit
1167 4309 1222 4386 pro
1246 4286 1334 4386 brae·

119 4381 247 4468 νήσαντα
275 4389 408 4450 seribere
434 4386 520 4451 δέκα.
564 4387 607 4448 lle
628 4387 684 4447 bac
705 4383 900 4446 nihilominus
923 4379 1093 4441 coniectura
1114 4376 1254 4436 iudicum
1276 4373 1332 4434 alu-

117 4484 199 4533 onam
224 4457 453 4552 expectabimus.
484 4472 522 4532 tt
542 4476 622 4534 certe
643 4488 680 4530 ex
700 4468 749 4529 bis
772 4463 930 4542 Theophili
952 4462 1050 4523 verbis
1072 4459 1155 4522 iacile
1177 4473 1333 4537 agnosces,

117 4567 169 4613 cur
186 4555 382 4618 Tertullianus
402 4555 535 4618 Danaum
556 4553 633 4634 apud
656 4552 791 4614 ethnicos
812 4545 1047 4610 uetustissimam
1069 4541 1185 4606 dixerit.

1077 4640 1131 4695 tl*
