3166 5250
307 304 309 310 ’
903 318 905 324 f
1398 305 1410 332 e

323 345 385 408 498
422 363 598 414 blsoolsmo
622 364 659 404 oti
681 362 754 405 vent
775 363 888 406 AETATE
912 363 996 406 Cfl‘ll'.
1020 363 1215 408 nrouooat‘lct
1237 365 1413 408 'l'EllTllLlelil

323 522 517 576 truncantur.
561 513 770 592 Respondeant
799 513 861 586 hic,
894 513 1000 592 quibus
1022 514 1163 577 llodwelli
1184 523 1334 594 praecepta
1354 516 1425 594 sequi
1442 517 1489 594 glo-

322 597 433 658 riosum
461 599 576 660 ducitur
603 617 637 658 ac
663 607 730 660 ante
759 597 856 660 omnia
883 599 975 660 virum
1004 617 1070 662 curn
1093 619 1126 659 se
1148 600 1213 678 ipso
1236 599 1389 661 concilient
1425 599 1490 672 Fatis,

322 685 402 763 quod
422 683 505 762 pueri
526 691 652 756 norunt,
675 701 707 744 ea
730 690 833 755 nocte,
856 701 930 762 quae
952 701 1046 744 anuos
1068 684 1175 745 CXCll.
1199 691 1229 744 et
1250 683 1364 746 CXCIll.
1385 684 1490 764 seiunge-

322 769 384 840 bat,
417 768 558 829 satisfecit
585 767 773 828 Commodus.
817 767 977 847 scripserit
1003 767 1138 830 Clemens
1164 769 1289 847 primum
1316 787 1395 829 suum
1413 767 1490 829 libem

321 853 414 914 tribus
443 861 511 932 post
537 861 663 914 mortem
686 853 750 914 eius
773 852 872 924 annis,
906 871 932 913 a.
956 853 1060 913 CXCV.
1103 847 1325 914 intercesserint
1345 853 1448 922 inrrrm,
1473 853 1491 912 id

321 938 399 1016 quod
422 946 517 999 tamen
541 937 616 1000 baud
639 936 797 998 verisimile
820 944 875 1010 est,
898 937 956 998 duo
978 955 1072 1016 prope
1093 937 1161 998 anni
1183 938 1260 999 inter
1278 937 1398 1017 primum
1417 946 1441 996 et
1458 955 1490 996 se-

321 1021 447 1084 cundum
470 1023 648 1084 stromatum
671 1021 816 1083 volumen.
859 1021 1072 1095 Nihilominus,
1100 1023 1156 1084 ianr
1179 1041 1204 1083 a.
1228 1019 1491 1100 CXCVll.·pulcbna

320 1107 509 1168 Alexandriae
531 1124 634 1168 eorum
656 1107 807 1168 cohortem
829 1105 1027 1180 inveniemus,
1050 1125 1123 1184 quac
1144 1107 1201 1184 boc
1221 1107 1393 1185 inspectante
1413 1123 1491 1166 cruen-

320 1202 378 1253 tam
400 1211 454 1270 pro
478 1193 631 1254 servatore
652 1200 777 1252 mortem
800 1191 984 1269 appetierint.
1028 1191 1083 1252 llic
1103 1210 1172 1252 vero
1195 1209 1314 1252 acumen
1334 1189 1438 1251 baronii
1454 1189 1491 1248 ni·

318 1277 376 1338 rari
399 1278 493 1348 bceat,
517 1277 565 1356 qui
588 1277 626 1336 ob
648 1277 720 1336 haec
735 1276 894 1336 Clementis
916 1275 1003 1335 verba
1024 1275 1116 1336 libros
1139 1276 1203 1336 eius
1226 1285 1296 1354 post
1314 1273 1491 1337 decimumse-

320 1363 380 1423 veri
413 1380 521 1424 annum
554 1361 736 1439 conscriptos
769 1361 861 1422 luisse
888 1370 1046 1422 asseverat.
1100 1359 1253 1434 Ceterum,
1292 1359 1382 1438 inquit
1410 1356 1491 1430 (local.

319 1448 404 1508 Tom.
426 1447 464 1508 ll.
487 1447 523 1507 ad
545 1465 571 1508 a.
594 1445 712 1506 CXCVI.
736 1463 765 1506 n.
789 1445 877 1506 xxtt.
900 1463 928 1524 p.
952 1446 1023 1508 278.
1048 1447 1149 1522 hill),
1180 1464 1246 1508 crem
1268 1456 1378 1508 constet
1397 1445 1491 1520 inipso

319 1533 504 1595 Strumotnm
526 1531 612 1594 libris
635 1532 669 1592 de
685 1531 927 1592 Christianorum
946 1535 1154 1608 persecutione
1176 1542 1248 1592 tnnc
1270 1535 1381 1610 arpenta
1398 1530 1491 1588 nano-

318 1636 385 1679 nern
405 1618 490 1697 fieri,
514 1617 673 1696 offirmare
695 1634 813 1677 necesse
835 1625 893 1686 est,
922 1619 1018 1694 ipsum
1038 1625 1110 1695 post
1131 1633 1244 1676 annunt
1266 1615 1402 1678 decanum
1421 1609 1493 1671 Secari

317 1707 485 1781 scripsisse.
530 1701 683 1778 indignum
715 1699 867 1760 Annalium
900 1699 1045 1776 scriptore
1075 1697 1229 1760 iudicium!
1275 1697 1448 1760 obliviscitur
1466 1693 1492 1750 cir

98 1829 104 1842 .
212 1811 215 1822 r
317 1785 536 1846 illustrissimus
558 1801 671 1856 eorum,
695 1802 768 1861 quae
790 1802 857 1843 mox
881 1783 945 1862 ipse
967 1783 1141 1844 delensurus
1164 1791 1236 1856 erat,
1260 1783 1317 1844 iam
1339 1803 1364 1852 a.v
1382 1776 1491 1840 CllCllll.

317 1869 467 1932 Plautiano
490 1867 655 1947 instigante,
678 1867 851 1929 Christianis
873 1867 994 1928 iniurias
1017 1867 1110 1928 luisse
1132 1867 1236 1940 illatas,
1259 1887 1317 1949 quo
1339 1863 1491 1927 nominodu·

317 1954 423 2034 plicem
445 1953 601 2014 committit
622 1971 762 2013 errorem.
781 1949 983 2013 llcoentiores
1005 1951 1072 2012 lacit
1093 1962 1122 2012 et
1137 1952 1369 2014 Christianorum
1382 1947 1491 2013 miserias.

317 2057 403 2118 quam
425 2039 490 2117 ipse
511 2037 632 2116 patabat
653 2047 682 2097 et
697 2035 854 2096 Clementis
877 2035 979 2108 libros,
1002 2054 1087 2114 quam
1110 2056 1208 2098 rerum
1231 2035 1374 2116 permittit
1387 2031 1492 2096 conditio.

402 2128 430 2200 ξ.
453 2123 500 2183 lll.
537 2121 644 2186 Nescio
673 2140 709 2181 an
738 2121 783 2182 bis
812 2121 878 2181 addi
903 2129 1065 2190 mereatur,
1094 2121 1133 2196 ita
1164 2121 1323 2200 antiquitus
1350 2121 1404 2180 iam
1429 2115 1492 2177 luisse

317 2207 469 2279 creditum,
486 2207 594 2268 dudam
610 2214 676 2266 ante
692 2217 717 2266 a;
734 2205 814 2264 CCll:
842 2205 1024 2266 Christianos
1041 2205 1095 2266 sub
1111 2207 1219 2268 Severo
1236 2207 1395 2285 exagitatos
1410 2195 1494 2292 luisset

318 2292 375 2364 Oui
398 2291 539 2352 maiorum
562 2290 769 2352 traditionibus
791 2309 851 2351 non
874 2307 992 2350 ornnem
1015 2288 1136 2350 demunt
1158 2291 1264 2364 fidem,
1279 2292 1353 2353 hanc
1368 2291 1492 2374 nonpern

318 2387 364 2437 tus
393 2375 628 2436 observationem
658 2383 808 2453 spernent.
851 2373 972 2434 Paulum
1001 2375 1088 2451 igitur
1111 2375 1267 2448 Orosium,
1300 2373 1393 2454 quinti
1417 2365 1492 2431 sacerrl

317 2461 501 2540 scriptorem,
525 2459 782 2544 producentem,
805 2469 960 2536 antequam
981 2459 1102 2520 albinus
1125 2478 1173 2520 res
1197 2479 1288 2522 novas
1310 2458 1462 2524 moliretur,
1478 2469 1492 2508 r·

316 2545 468 2608 minimum
491 2545 608 2605 CllCVl.
634 2563 750 2622 gravem
772 2545 912 2605 Severum
940 2543 1113 2604 Christianis
1136 2543 1228 2605 luisse
1251 2545 1342 2606 tradit
1362 2539 1492 2616 (Historia.

316 2630 405 2691 Libro
430 2628 486 2690 l'll.
510 2649 535 2692 c.
563 2634 609 2693 17.
637 2649 665 2708 p.
688 2631 760 2692 542.
781 2629 835 2689 ed.
859 2629 987 2707 bloguat.
1020 2631 1109 2691 1615.
1139 2631 1191 2702 8.).
1236 2629 1331 2690 Verba
1357 2627 1423 2688 baec
1442 2629 1493 2712 sunl

316 2734 389 2794 quae
412 2714 593 2792 Treculpbas
616 2713 807 2774 Lexoviensis
830 2713 977 2785 (Chronic.
1002 2713 1087 2773 Tom.
1104 2712 1138 2774 ll.
1162 2712 1227 2774 Lib.
1243 2714 1280 2774 ll.
1305 2734 1330 2774 c.
1346 2716 1395 2794 24.
1410 2708 1493 2788 plis
1523 2777 1524 2780 Ἴ

316 2801 671 2873 cenomanens),
695 2799 803 2860 sacculi
826 2795 896 2858 rroni
917 2798 1087 2870 historicae,
1112 2797 1188 2860 nulla
1210 2798 1315 2860 vocula
1337 2804 1447 2864 mutata,
1464 2807 1493 2848 a·

315 2885 413 2964 petiit:
453 2885 567 2956 Quinto
591 2893 662 2963 post
690 2882 838 2944 Neronem
873 2887 1080 2962 persecutione
1115 2883 1304 2946 Christianos
1344 2877 1494 2944 eccrrccirrrl

312 2970 495 3050 plurimique
516 2980 692 3050 sanctornm
711 2986 768 3046 per
790 2969 922 3028 diversas
936 2971 1111 3045 provincius
1126 2973 1275 3046 martyrio
1294 2968 1429 3030 coronati
1443 2969 1495 3022 saut·

286 3127 289 3134 ¹
316 3055 401 3116 Hono
433 3055 598 3132 profanam
631 3058 662 3113 in
693 3053 877 3113 Christianos
917 3063 944 3112 et
974 3051 1136 3113 Ecclesiam
1169 3051 1225 3114 Dei
1252 3053 1496 3132 praesumptionen

316 3140 425 3200 Severi
446 3137 580 3199 coelestis
602 3137 678 3198 ultio
702 3157 715 3197 e
743 3141 867 3216 oestr'pr'o
891 3147 957 3196 acto
979 3137 1180 3215 subsequitur.
1211 3137 1286 3198 ll'nrn
1312 3141 1446 3199 continuo
1465 3146 1498 3188 tt·

314 3229 416 3303 pitnr,
446 3221 494 3282 vel
518 3226 620 3300 potins
649 3221 820 3282 retrahitur
842 3225 874 3281 in
897 3219 1024 3281 Gallione
1046 3220 1175 3282 Seuerus
1199 3241 1213 3283 c
1236 3221 1329 3300 Syrio
1351 3221 1390 3282 ud
1410 3217 1497 3280 tertr'nn

318 3307 401 3367 ciuile
425 3306 543 3367 bellam.
591 3305 687 3367 Uanus
708 3312 767 3366 icor
789 3309 866 3367 eninr
886 3303 994 3366 Romae
1022 3305 1167 3367 aduersus
1191 3305 1361 3378 lulianam,
1396 3299 1466 3365 alirnl
1482 3299 1524 3389 'l‘

318 3392 410 3468 Syrio
439 3401 545 3451 contro
566 3391 761 3452 Pescennium
788 3401 937 3468 praeerat:
972 3394 1094 3451 tertium
1117 3391 1237 3454 Clodius
1262 3383 1498 3463 sternuentes

317 3481 348 3536 in
377 3475 534 3537 occidendo
556 3474 741 3536 Pertinacem
769 3479 883 3542 socius,
914 3479 967 3552 qui
992 3493 1022 3534 sc
1051 3479 1081 3534 in
1105 3475 1203 3536 Gallia
1228 3476 1387 3537 Caesarem
1406 3473 1500 3553 [eaerul-

318 3561 490 3622 suscitodot.
534 3559 644 3620 ldcirco
667 3559 780 3619 Numen
809 3557 951 3630 voluisse,
981 3565 1013 3618 ut
1034 3558 1162 3636 quietem
1182 3559 1298 3642 imperii
1320 3559 1439 3620 Albinus
1459 3560 1500 3612 tur·

316 3646 407 3718 haret,
431 3644 481 3717 ait,
504 3645 581 3722 quod
604 3645 633 3705 in
657 3643 838 3704 Christianos
862 3643 987 3704 Severus
1010 3643 1117 3704 luisset
1138 3643 1274 3706 iniurius.
1305 3643 1444 3724 Equidem
1462 3649 1501 3696 ull

317 3731 343 3792 is
366 3749 442 3802 sum,
466 3729 515 3807 qni
531 3729 670 3791 Orosium
692 3747 806 3790 summa
828 3727 884 3787 bde
907 3729 1081 3807 scriptorem
1103 3747 1169 3790 esse
1185 3737 1294 3808 putem.
1325 3729 1426 3808 Neque
1440 3722 1501 3812 etiaut

316 3815 431 3888 omnia,
454 3833 528 3894 quac
549 3814 596 3874 hic
618 3821 732 3885 narrat,
760 3831 824 3873 mea
848 3811 932 3874 lacio.
977 3813 1097 3874 Testem
1119 3813 1183 3874 eius
1207 3823 1318 3874 teritum
1343 3832 1411 3875 esse
1431 3821 1500 3900 cupra

237 3953 240 3960 ,
315 3899 394 3978 quod
417 3918 471 3961 suo
494 3908 627 3978 tempore
649 3897 760 3976 opinio,
782 3915 867 3976 quam
890 3905 984 3969 tueor,
1008 3898 1200 3960 communiter
1221 3907 1339 3977 recepta
1361 3896 1453 3958 luerit
1483 3893 1501 3945 b

315 3984 465 4062 qua‘lrdes
483 3982 712 4056 narrationibus,
735 4001 791 4062 qua
806 4003 821 4044 a
837 3983 997 4044 maioribus
1013 3983 1133 4044 traditas
1149 3983 1322 4062 accepimns,
1348 3982 1415 4044 huie
1429 3977 1500 4066 etlou-

315 4069 386 4146 quin
408 4069 503 4146 aliqua
525 4085 592 4128 esse
615 4067 727 4140 debeat,
751 4067 847 4128 nullus
870 4067 1021 4129 dubitabit.
1065 4067 1247 4129 Adiecissenr
1269 4068 1406 4146 protinus
1429 4065 1501 4125 horot-

286 4145 291 4154 ’
315 4169 392 4224 neus,
415 4153 498 4214 cuius
520 4152 672 4212 manifesta
695 4152 781 4213 nimis
805 4153 909 4214 luisset
932 4152 1112 4232 superstitio,
1136 4153 1161 4214 si
1178 4153 1309 4213 omniurn
1325 4152 1444 4214 omnino
1459 4141 1502 4234 bel·

314 4235 425 4306 lorum,
458 4237 545 4298 etiarn
573 4256 640 4298 cum
667 4237 778 4299 Iuliano
807 4246 835 4298 et
856 4237 945 4315 Nigro
974 4245 1140 4314 gestorum,
1165 4257 1290 4300 causam
1319 4235 1505 4298 saeviendo

316 4319 498 4382 Christianos
526 4321 659 4383 dixisset.
702 4323 762 4383 lam
791 4341 849 4383 non
871 4340 995 4400 prorsus
1018 4322 1164 4401 despicio,
1198 4323 1335 4402 quoniam
1359 4313 1503 4398 religiosis

315 4403 443 4465 instituit
462 4425 517 4465 nor.
539 4407 575 4467 de
598 4407 748 4488 suppliciis
770 4409 890 4469 fratrum
915 4425 1032 4486 semper
1054 4407 1195 4480 somniat,
1235 4426 1299 4468 cum
1320 4405 1399 4467 bello
1423 4401 1504 4464 orben

316 4496 457 4553 terrarum
481 4491 621 4568 llagrasse
644 4492 785 4571 intelligit
968 4553 972 4570 ,

399 4578 427 4652 ξ.
449 4573 506 4634 l'll.
538 4575 618 4646 Quae
640 4577 792 4656 bucusque
814 4577 950 4652 disserui,
974 4583 1052 4638 tanta
1073 4577 1203 4656 praedita
1225 4595 1291 4638 esse
1306 4575 1437 4636 arbitror
1451 4583 1504 4650 par·
