3078 5248
352 438 354 444 ·
404 419 577 464 uorsssnmr
600 419 727 462 sonora.
744 419 931 482 ¹ursimannus.
1214 409 1276 472 513

65 581 195 635 retemm
218 579 338 651 patrum
365 578 435 650 post
455 571 629 650 Cyprianum
657 571 687 631 in
710 571 888 633 Tertulliano
915 573 1059 635 laudando
1082 593 1175 654 prope
1196 576 1279 638 nimii
1309 573 1317 586 “

68 660 192 729 fuerunt,
227 655 266 716 ita
288 665 385 717 umen
407 663 439 717 ut
460 673 578 738 errores
599 655 655 716 viri
678 663 706 717 et
728 665 838 717 temere
859 657 998 735 probatas
1020 659 1147 720 Montani
1162 679 1196 720 ac
1210 680 1276 722 mu-

66 742 250 805 liercularum
284 742 464 819 quarundam
496 739 666 818 prophetias
699 741 863 802 auctoritati
896 743 959 803 eius
994 744 1117 804 muitum
1146 744 1278 806 obfuisse

67 835 227 908 agnoscant
255 834 284 886 et
311 825 387 884 inter
415 823 585 902 ingeniine
614 825 763 886 facundiae
791 826 891 888 laudes
919 827 1112 890 illaudabiiem
1133 829 1279 910 Phrygum

1 937 2 980 1
66 910 295 974 assectationem
323 909 473 970 infament.
516 908 559 969 lta
589 909 707 987 quidem
728 928 784 970 nec
815 911 869 971 hac
898 912 1030 973 berullo
1052 915 1153 974 forsan
1176 915 1278 975 riefen-·

67 997 153 1058 sione
185 993 380 1056 Tertullianus
411 993 500 1055 toties
533 993 726 1054 defectionem
757 996 923 1068 confessus,
956 997 1044 1058 toties
1077 999 1279 1078 deprehensus

1 1131 2 1162 3
67 1082 220 1160 eripietur.
249 1079 286 1140 Et
306 1077 382 1139 bene
404 1086 460 1158 est,
482 1077 560 1157 quod
584 1079 669 1139 etiam
692 1079 819 1178 Saqdius
842 1081 940 1160 agnito
962 1081 1135 1144 auxiliorum
1158 1102 1280 1146 suorum

65 1166 135 1227 vitio
168 1163 282 1226 veritati
304 1163 433 1224 cessisse
455 1171 485 1223 et
505 1163 682 1236 accusationi
705 1164 884 1226 Tertulliano
906 1166 1158 1229 consentientibus
1182 1170 1279 1229 omni-

1 1301 2 1316 ,
65 1251 125 1312 bus
152 1249 310 1312 intentatae
337 1247 551 1326 subscripsisse
581 1247 720 1314 videatur.
772 1248 822 1310 iiie
849 1249 936 1328 igitur
962 1250 1016 1310 viri
1047 1253 1217 1331 ceteroquin
1249 1245 1297 1314 in

1 1330 2 1333 ’
66 1334 191 1396 ecclesie
212 1333 309 1413 prisea
331 1333 394 1391 sine
416 1332 616 1393 controversia
637 1333 779 1411 praeclari
801 1351 885 1394 error
916 1342 949 1395 ut
970 1335 1148 1397 dissimulari
1169 1337 1280 1423 nequit,

67 1422 109 1482 ita
142 1419 260 1498 dignum
293 1425 373 1478 esset
400 1416 478 1495 quod
501 1417 662 1478 accuratius
685 1425 869 1479 excuteretur
897 1427 1110 1498 argumentum.
1154 1421 1191 1482 Et
1211 1431 1281 1484 sunt

67 1504 157 1566 etiarn
189 1503 220 1564 in
253 1499 382 1562 omnium
420 1500 556 1562 manibus
598 1502 742 1581 Theologi
773 1501 1029 1581 Argentoratensis
1062 1505 1279 1568 dissertationis

68 1585 210 1669 septem‘¹
239 1587 275 1648 de
303 1585 386 1664 lapsu
408 1585 579 1646 'Tertulliani
608 1585 643 1647 ad
665 1587 866 1658 biontanistas,
898 1587 928 1648 in
956 1588 1062 1668 quibus
1091 1597 1197 1662 tamen,
1230 1591 1279 1670 qui

1 1728 2 1743 ,
67 1673 233 1736 accuratius
262 1671 410 1732 scribendi
440 1689 531 1749 genus
559 1677 668 1742 amant,
707 1690 781 1750 quae
809 1672 900 1733 recidi
928 1682 1051 1751 possent
1077 1675 1226 1737 invenient
1252 1684 1281 1737 et

1 1759 2 1766 ’
67 1757 200 1819 vicissim
227 1756 304 1834 quod
334 1754 491 1816 adderetur
519 1754 735 1817 desiderabunt
780 1755 914 1836 indulget
942 1759 1018 1818 enirn
1052 1767 1154 1819 auctor
1176 1779 1280 1821 excur-

69 1842 206 1903 sionibus
233 1839 480 1920 frequentioribus
507 1839 537 1900 in
566 1848 697 1918 tempora
720 1849 821 1902 nostra
843 1841 1013 1922 nostrisque
1033 1843 1164 1921 proxima
1187 1854 1215 1906 et
1236 1854 1283 1907 est

1 1969 2 1984 .
70 1921 469 2006 saepenumer0,rrcipspyov
491 1942 580 2002 opere
603 1923 668 2002 ipso
690 1925 785 1986 maius
807 1943 964 2005 rerumque
985 1927 1181 1988 recentiorum
1198 1947 1281 1989 com-

70 2009 282 2073 memoratione
303 2009 458 2088 negligitur
479 2008 649 2086 Septimius,
664 2018 697 2070 ut
718 2010 813 2071 adhuc
832 2011 922 2072 muita
944 2029 1099 2090 superesse
1121 2012 1281 2086 rideantur,

69 2097 97 2158 si
120 2096 185 2174 quis
207 2114 241 2155 ex
263 2095 396 2155 instituto
419 2094 619 2172 quaestionem
642 2103 789 2173 repeteret
809 2095 966 2175 lapsusque
987 2095 1064 2156 iilius
1090 2091 1203 2171 educas,
1226 2117 1280 2177 pe-

67 2181 187 2260 riodoss
202 2187 231 2240 et
259 2186 394 2240 eventum
428 2177 568 2239 consuitis
601 2177 709 2256 ubique
732 2187 896 2257 temporum
918 2179 1081 2240 rationibus
1110 2182 1281 2244 excutienda

68 2265 127 2327 sibi
150 2271 290 2326 sumeret.
320 2263 460 2324 Nostrum
481 2281 540 2322 non
563 2261 603 2323 ita
624 2263 681 2324 late
703 2271 783 2342 patet
803 2264 979 2326 institutum.
1008 2265 1080 2326 ibud
1104 2266 1181 2328 enim
1197 2267 1282 2328 unice

1 2345 2 2364 ³
67 2351 188 2429 dignum
212 2347 344 2409 examine
366 2356 469 2408 nostro
490 2347 667 2426 putavimus,
696 2359 731 2409 eir
758 2356 826 2408 utro
848 2349 1088 2428 genere'singuia
1112 2351 1281 2412 Tertulliani

4 2445 5 2450 ’
68 2435 179 2512 scripta
207 2451 275 2494 esse
302 2432 468 2506 videantur;
502 2431 652 2510 sapiantne
682 2432 811 2494 Montani
837 2433 974 2496 haeresin
1006 2453 1041 2494 an
1072 2444 1139 2495 ante
1167 2435 1282 2515 lapsum

68 2519 236 2599 composita
269 2517 338 2578 sint
380 2516 452 2577 Nam
475 2517 505 2576 in
527 2517 773 2595 disputationibus
797 2518 943 2580 derebus
966 2519 1146 2596 gravissimis
1169 2521 1283 2581 adhoc

1 2597 2 2605 ’
68 2605 230 2666 discrimen
253 2620 340 2681 saepe
361 2608 537 2681 provocatur
558 2609 587 2660 et
608 2601 732 2680 quisque
744 2601 913 2664 Tertulliani
934 2602 1018 2675 iiber,
1042 2611 1075 2662 ut
1096 2602 1140 2664 rei
1161 2605 1283 2682 prodest

68 2688 206 2768 alleganti
234 2686 280 2747 rel
314 2696 408 2758 nocet,
442 2686 608 2746 defenditur
634 2686 678 2745 rei
701 2685 870 2760 infamatum
898 2704 958 2746 non
981 2687 1045 2748 sine
1067 2687 1181 2749 iliorum
1196 2687 1306 2749 'indi-i

68 2775 221 2856 guntione,
243 2770 293 2850 qui
315 2771 493 2832 Tertulliano
516 2787 595 2829 nunc
616 2769 784 2842 orthodoxi,
806 2787 883 2832 nunc
899 2771 1091 2838 iiontanistee
1113 2765 1281 2849 personam,

67 2877 132 2922 non
160 2867 193 2918 ut
223 2855 351 2917 cuiusvis
380 2873 467 2916 scena
494 2853 632 2933 postulat,
662 2855 714 2914 s'ed
744 2873 779 2914 ex
810 2855 992 2934 praescripto
1015 2855 1144 2916 veritatis
1171 2856 1284 2934 imponi

69 2944 188 3004 velient.
233 2940 296 3013 Qua
326 2939 356 2999 in
383 2958 417 3000 rc
444 2940 478 2998 ad
511 2937 747 2999 constituendum
775 2947 885 3000 eertum
914 2938 1071 2999 discrimen
1093 2939 1170 3001 nulia
1193 2940 1283 3002 tutior

71 3027 119 3088 ria
139 3026 234 3087 teneri
256 3033 368 3104 posset,
396 3022 529 3103 quamsi
552 3040 656 3094 annus,
684 3041 743 3100 quo
765 3029 870 3084 noster
890 3023 925 3083 ad
947 3022 1075 3083 biontani
1098 3027 1281 3085 sectom'se-

1 3189 2 3192 Ἴ
74 3111 175 3182 cessit,
208 3119 338 3171 accurate
361 3107 604 3170 determinaretur
623 3114 653 3167 et
673 3107 843 3184 investigata
864 3106 1046 3185 singulorum
1066 3107 1208 3169 libromm
1230 3127 1281 3169 ae-

1 3213 2 3216 ’
73 3204 134 3258 tate
153 3195 285 3275 ,demum
306 3193 405 3271 regula
427 3199 515 3264 certa,
544 3191 593 3270 qui
615 3198 682 3251 ante
705 3191 775 3252 iilud
796 3191 891 3252 bonae
913 3192 1019 3252 mentis
1043 3192 1210 3271 deliquium,
1233 3194 1283 3272 qui

72 3289 178 3362 postea
200 3278 299 3358 scripti
322 3279 390 3351 sint,
413 3277 649 3338 constitueretur.
685 3274 749 3336 iloc
769 3285 865 3338 autem
888 3277 1040 3337 commode
1062 3273 1186 3339 obtineri
1208 3296 1281 3357 pos·
1377 3283 1381 3292 '

74 3373 133 3438 set,
162 3363 186 3424 si
214 3371 330 3425 acutum
358 3361 427 3422 iilud
456 3371 486 3423 et
513 3379 603 3441 supra
630 3360 730 3422 laudes
754 3369 870 3422 uestras
891 3361 1020 3441 positum
1042 3362 1189 3441 ingenium
1212 3363 1283 3426 Rev.

66 3449 193 3534 ,nubatis
219 3449 262 3508 io.
285 3446 434 3508 Laurentii
456 3445 611 3507 Moshemii
646 3445 769 3506 eandem
801 3465 909 3518 ruram,
942 3464 1028 3524 quam
1060 3447 1090 3508 in
1123 3447 1284 3527 indaganda

1 3539 2 3544 ’
72 3533 263 3596 Tertullianei
285 3531 465 3611 Apologetici
493 3539 586 3592 aetate
613 3531 768 3611 praestitit,
796 3531 902 3592 ceteris
931 3531 1018 3591 etiam
1039 3531 1131 3605 libris,
1159 3541 1192 3594 ut
1214 3533 1283 3593 oiim

70 3619 221 3702 pollicitus
242 3625 316 3690 est⁰,
337 3615 507 3695 impendere
530 3616 716 3694 studiumque
743 3633 829 3678 suum
845 3617 879 3677 ad
896 3615 1119 3694 chronologicas
1134 3618 1283 3688 minutias,

72 3707 128 3766 sed
156 3704 222 3764 sine
250 3703 356 3780 quibus
377 3700 463 3762 nobis
485 3700 513 3760 in
537 3700 758 3780 quaestionibus
780 3700 958 3779 gravissimis
980 3717 1053 3779 aqua
1075 3717 1285 3779 nonnunquam

71 3791 187 3860 haeret,
215 3786 369 3848 demittere
391 3805 450 3846 non
472 3795 631 3846 recusaret.
675 3783 770 3844 Habet
790 3783 907 3862 quidem
929 3785 1001 3845 baec
1022 3803 1112 3863 opera
1133 3783 1202 3844 iilud
1225 3784 1283 3844 dii-

73 3873 224 3944 iicuitatis,
253 3872 330 3951 quod
357 3870 445 3950 aliqui
468 3867 638 3936 Tertulliani
666 3866 732 3928 libri
760 3869 847 3929 certis
878 3876 908 3928 et
928 3868 1097 3930 indubitatis
1120 3859 1285 3945 temporum

74 3957 157 4017 nutis
185 3956 257 4016 adeo
286 3955 367 4017 vacui
388 3955 552 4026 rideantur,
581 3961 613 4014 ut
634 3969 734 4012 eorum
763 3959 841 4013 aetas
869 3971 929 4013 non
955 3952 1047 4012 dicam
1070 3951 1212 4012 accuratis
1234 3969 1284 4014 ra-

75 4039 209 4101 tionibus
237 4039 442 4111 demonstrari,
472 4038 524 4099 sed
553 4035 769 4116 suspicionibus
792 4035 893 4115 attingi
915 4036 961 4096 vix
980 4035 1085 4116 possit.
1129 4035 1187 4096 Sed
1208 4054 1283 4115 pen-

76 4125 128 4186 det
149 4143 198 4184 res
218 4143 253 4185 ex
274 4126 413 4203 cuiusque
436 4123 590 4201 sagacitate
614 4130 644 4199 et
664 4119 754 4180 odora
777 4121 886 4199 ingenii
908 4121 945 4194 vi,
968 4138 1054 4199 quam
1075 4120 1171 4180 nostri
1186 4119 1284 4181 iudicii

77 4209 220 4272 tenuitate
241 4209 348 4282 metiri,
372 4206 542 4270 temerariae
569 4204 761 4266 confidentiae
782 4205 883 4266 vitium
906 4206 991 4265 foret.
1034 4203 1133 4281 itaque
1154 4205 1284 4283 quamvis

74 4293 200 4357 annales
213 4292 426 4356 Tertullianeos
449 4291 576 4354 condere
597 4307 727 4368 suosque
748 4289 840 4350 cuivis
861 4288 937 4349 libro
960 4305 1052 4350 annos
1075 4289 1224 4367 assignare
1239 4289 1285 4350 rei

75 4399 113 4442 ex
135 4377 311 4441 indiciorum
333 4377 455 4457 penuria
476 4376 521 4436 vei
542 4374 651 4454 ingenii
673 4372 756 4454 eulpa
778 4391 837 4434 non
860 4372 1029 4446 audeamus,
1051 4372 1081 4433 in
1103 4373 1173 4436 iilud
1188 4381 1285 4436 umen
1322 4390 1329 4407 ·

110 4516 133 4565 d.
153 4515 187 4564 ic.
207 4513 286 4562 icacb.
305 4511 435 4571 Zentgrarii
453 4511 551 4561 llissert.
562 4510 609 4562 lii.
627 4509 656 4560 de
707 4509 779 4572 luget.
797 4509 860 4557 Tert.
878 4523 901 4572 p.
913 4507 953 4557 82.
972 4509 996 4558 in
1012 4509 1098 4560 solum.
1134 4510 1237 4565 disserit.
1256 4487 1286 4562 ad

75 4583 156 4646 Lepsn
174 4581 316 4632 Tertulliani
334 4581 364 4630 ad
383 4579 544 4630 Monunistas.
709 4577 737 4626 il.
756 4577 782 4625 u.
800 4575 976 4640 pertinentium.

112 4665 133 4698 e.
157 4649 191 4700 lo.
209 4649 280 4699 Laur.
298 4648 413 4698 iiosbeirn
436 4645 465 4696 dc
491 4647 573 4695 betete
594 4646 658 4710 ipo-

114 4735 272 4781 'fnruutraru
285 4747 337 4780 err.
348 4747 385 4778 ro.
398 4745 496 4779 crucia.
523 4731 585 4776 Tem.
598 4731 636 4776 ill.
1053 4727 1085 4778 33
