<?xml version="1.0" encoding="UTF-8"?>
<!DOCTYPE html PUBLIC "-//W3C//DTD XHTML 1.0 Transitional//EN"
    "http://www.w3.org/TR/xhtml1/DTD/xhtml1-transitional.dtd">
<html xmlns="http://www.w3.org/1999/xhtml" xml:lang="en" lang="en">
 <head>
  <title>
</title>
<meta http-equiv="Content-Type" content="text/html;charset=utf-8" />
  <meta name='ocr-system' content='tesseract 3.04.00' />
  <meta name='ocr-capabilities' content='ocr_page ocr_carea ocr_par ocr_line ocrx_word'/>
</head>
<body>
  <div class='ocr_page' id='page_1' title='image "./quaesupersuntom01oehlgoog_0143.png"; bbox 0 0 3114 5240; ppageno 0'>
   <div class='ocr_carea' id='block_1_1' title="bbox 254 361 1389 428">
    <p class='ocr_par' dir='ltr' id='par_1_1' title="bbox 254 361 1389 428">
     <span class='ocr_line' id='line_1_1' title="bbox 254 361 1389 428; baseline -0.009 -2"><span class='ocrx_word' id='word_1_1' title='bbox 254 361 318 426; x_wconf 74' lang='grc'><strong>134</strong></span> <span class='ocrx_word' id='word_1_2' title='bbox 352 377 541 424; x_wconf 71' lang='grc' dir='ltr'><strong>ΒΙΒΒΕΜΛΤΙΟ</strong></span> <span class='ocrx_word' id='word_1_3' title='bbox 556 376 586 420; x_wconf 89' lang='lat' dir='ltr'><strong>lN</strong></span> <span class='ocrx_word' id='word_1_4' title='bbox 601 375 649 428; x_wconf 81' lang='lat' dir='ltr'><strong>ou.</strong></span> <span class='ocrx_word' id='word_1_5' title='bbox 664 373 748 420; x_wconf 67' lang='grc' dir='ltr'><strong>ΒΜ.</strong></span> <span class='ocrx_word' id='word_1_6' title='bbox 762 373 848 418; x_wconf 73' lang='lat' dir='ltr'><strong>FLOR·</strong></span> <span class='ocrx_word' id='word_1_7' title='bbox 864 369 1054 418; x_wconf 71' lang='lat' dir='ltr'><strong>&#39;lfflllfflffl</strong></span> <span class='ocrx_word' id='word_1_8' title='bbox 1068 371 1290 417; x_wconf 69' lang='lat' dir='ltr'><strong>wouoususuuu</strong></span> <span class='ocrx_word' id='word_1_9' title='bbox 1303 371 1389 416; x_wconf 69' lang='lat' dir='ltr'><strong>GRH·</strong></span> 
     </span>
    </p>
   </div>
   <div class='ocr_carea' id='block_1_2' title="bbox 170 523 1470 3734">
    <p class='ocr_par' dir='ltr' id='par_1_2' title="bbox 170 523 1465 1875">
     <span class='ocr_line' id='line_1_2' title="bbox 253 523 1461 608; baseline -0.004 -16"><span class='ocrx_word' id='word_1_10' title='bbox 253 529 345 594; x_wconf 83' lang='lat' dir='ltr'><strong>liciam</strong></span> <span class='ocrx_word' id='word_1_11' title='bbox 366 527 495 592; x_wconf 85' lang='lat' dir='ltr'><strong>deseruit</strong></span> <span class='ocrx_word' id='word_1_12' title='bbox 514 523 766 608; x_wconf 76' lang='lat' dir='ltr'><strong>Argonautamm?</strong></span> <span class='ocrx_word' id='word_1_13' title='bbox 796 525 901 588; x_wconf 92' lang='lat' dir='ltr'><strong>Nonne</strong></span> <span class='ocrx_word' id='word_1_14' title='bbox 922 524 1044 587; x_wconf 80' lang='lat' dir='ltr'><strong>lasciuae</strong></span> <span class='ocrx_word' id='word_1_15' title='bbox 1065 524 1164 602; x_wconf 77' lang='lat' dir='ltr'><strong>uxoris</strong></span> <span class='ocrx_word' id='word_1_16' title='bbox 1185 523 1304 586; x_wconf 83' lang='lat' dir='ltr'><strong>venenis</strong></span> <span class='ocrx_word' id='word_1_17' title='bbox 1326 523 1461 588; x_wconf 88' lang='lat' dir='ltr'><strong>circum-</strong></span> 
     </span>
     <span class='ocr_line' id='line_1_3' title="bbox 254 606 1460 692; baseline -0.005 -16"><span class='ocrx_word' id='word_1_18' title='bbox 254 624 359 677; x_wconf 83' lang='lat' dir='ltr'><strong>rentus</strong></span> <span class='ocrx_word' id='word_1_19' title='bbox 387 606 508 676; x_wconf 62' lang='lat' dir='ltr'><strong>emenso</strong></span> <span class='ocrx_word' id='word_1_20' title='bbox 536 630 609 692; x_wconf 90' lang='lat' dir='ltr'><strong>rogo</strong></span> <span class='ocrx_word' id='word_1_21' title='bbox 636 627 738 673; x_wconf 84' lang='lat' dir='ltr'><strong>nocam</strong></span> <span class='ocrx_word' id='word_1_22' title='bbox 765 610 822 672; x_wconf 91' lang='lat' dir='ltr'><strong>sibi</strong></span> <span class='ocrx_word' id='word_1_23' title='bbox 849 611 913 690; x_wconf 88' lang='lat' dir='ltr'><strong>ipse</strong></span> <span class='ocrx_word' id='word_1_24' title='bbox 939 608 1095 672; x_wconf 88' lang='lat' dir='ltr'><strong>consciritl</strong></span> <span class='ocrx_word' id='word_1_25' title='bbox 1139 609 1212 683; x_wconf 81' lang='lat' dir='ltr'><strong>Quis</strong></span> <span class='ocrx_word' id='word_1_26' title='bbox 1245 627 1315 689; x_wconf 89' lang='lat' dir='ltr'><strong>ergo</strong></span> <span class='ocrx_word' id='word_1_27' title='bbox 1345 609 1460 676; x_wconf 84' lang='lat' dir='ltr'><strong>mentis</strong></span> 
     </span>
     <span class='ocr_line' id='line_1_4' title="bbox 255 693 1460 778; baseline -0.005 -16"><span class='ocrx_word' id='word_1_28' title='bbox 255 717 328 762; x_wconf 88' lang='lat' dir='ltr'><strong>suae</strong></span> <span class='ocrx_word' id='word_1_29' title='bbox 350 714 470 778; x_wconf 90' lang='lat' dir='ltr'><strong>compos</strong></span> <span class='ocrx_word' id='word_1_30' title='bbox 492 699 580 760; x_wconf 90' lang='lat' dir='ltr'><strong>homo</strong></span> <span class='ocrx_word' id='word_1_31' title='bbox 602 697 681 758; x_wconf 90' lang='lat' dir='ltr'><strong>hunc</strong></span> <span class='ocrx_word' id='word_1_32' title='bbox 701 696 799 758; x_wconf 76' lang='lat' dir='ltr'><strong>medat</strong></span> <span class='ocrx_word' id='word_1_33' title='bbox 820 713 886 758; x_wconf 87' lang='lat' dir='ltr'><strong>csse</strong></span> <span class='ocrx_word' id='word_1_34' title='bbox 907 694 1018 756; x_wconf 77' lang='lat' dir='ltr'><strong>deum?</strong></span> <span class='ocrx_word' id='word_1_35' title='bbox 1047 693 1111 767; x_wconf 87' lang='lat' dir='ltr'><strong>Quo</strong></span> <span class='ocrx_word' id='word_1_36' title='bbox 1134 693 1221 755; x_wconf 89' lang='lat' dir='ltr'><strong>etiam</strong></span> <span class='ocrx_word' id='word_1_37' title='bbox 1240 701 1324 773; x_wconf 86' lang='lat' dir='ltr'><strong>pacto</strong></span> <span class='ocrx_word' id='word_1_38' title='bbox 1340 695 1460 757; x_wconf 79' lang='lat' dir='ltr'><strong>Aescu-</strong></span> 
     </span>
     <span class='ocr_line' id='line_1_5' title="bbox 254 778 1462 864; baseline -0.006 -16"><span class='ocrx_word' id='word_1_39' title='bbox 254 782 349 864; x_wconf 87' lang='lat' dir='ltr'><strong>lapius</strong></span> <span class='ocrx_word' id='word_1_40' title='bbox 377 781 473 862; x_wconf 87' lang='lat' dir='ltr'><strong>potuit</strong></span> <span class='ocrx_word' id='word_1_41' title='bbox 500 782 572 844; x_wconf 87' lang='lat' dir='ltr'><strong>deus</strong></span> <span class='ocrx_word' id='word_1_42' title='bbox 592 779 762 854; x_wconf 87' lang='lat' dir='ltr'><strong>renuntiari,</strong></span> <span class='ocrx_word' id='word_1_43' title='bbox 792 779 852 859; x_wconf 91' lang='lat' dir='ltr'><strong>qui,</strong></span> <span class='ocrx_word' id='word_1_44' title='bbox 885 786 918 840; x_wconf 90' lang='lat' dir='ltr'><strong>ut</strong></span> <span class='ocrx_word' id='word_1_45' title='bbox 937 786 1037 840; x_wconf 88' lang='lat' dir='ltr'><strong>narrat</strong></span> <span class='ocrx_word' id='word_1_46' title='bbox 1057 778 1171 858; x_wconf 84' lang='lat' dir='ltr'><strong>argivus</strong></span> <span class='ocrx_word' id='word_1_47' title='bbox 1193 778 1339 850; x_wconf 77' lang='lat' dir='ltr'><strong>Socrates,</strong></span> <span class='ocrx_word' id='word_1_48' title='bbox 1372 785 1462 859; x_wconf 83' lang='lat' dir='ltr'><strong>patre</strong></span> 
     </span>
     <span class='ocr_line' id='line_1_6' title="bbox 255 862 1462 945; baseline -0.003 -15"><span class='ocrx_word' id='word_1_49' title='bbox 255 867 367 930; x_wconf 89' lang='lat' dir='ltr'><strong>incerto</strong></span> <span class='ocrx_word' id='word_1_50' title='bbox 389 873 474 929; x_wconf 91' lang='lat' dir='ltr'><strong>natus</strong></span> <span class='ocrx_word' id='word_1_51' title='bbox 496 865 534 928; x_wconf 92' lang='lat' dir='ltr'><strong>oh</strong></span> <span class='ocrx_word' id='word_1_52' title='bbox 555 865 716 928; x_wconf 76' lang='lat' dir='ltr'><strong>medicinae</strong></span> <span class='ocrx_word' id='word_1_53' title='bbox 733 863 866 945; x_wconf 72' lang='lat' dir='ltr'><strong>peritiam</strong></span> <span class='ocrx_word' id='word_1_54' title='bbox 890 863 1008 925; x_wconf 77' lang='lat' dir='ltr'><strong>fulmine</strong></span> <span class='ocrx_word' id='word_1_55' title='bbox 1023 863 1111 936; x_wconf 89' lang='lat' dir='ltr'><strong>loris,</strong></span> <span class='ocrx_word' id='word_1_56' title='bbox 1132 862 1374 943; x_wconf 86' lang='lat' dir='ltr'><strong>quemadmodum</strong></span> <span class='ocrx_word' id='word_1_57' title='bbox 1389 863 1462 926; x_wconf 81' lang='lat' dir='ltr'><strong>eius</strong></span> 
     </span>
     <span class='ocr_line' id='line_1_7' title="bbox 255 947 1462 1031; baseline -0.003 -17"><span class='ocrx_word' id='word_1_58' title='bbox 255 960 358 1026; x_wconf 86' lang='lat' dir='ltr'><strong>mater,</strong></span> <span class='ocrx_word' id='word_1_59' title='bbox 380 967 539 1031; x_wconf 85' lang='lat' dir='ltr'><strong>percussus</strong></span> <span class='ocrx_word' id='word_1_60' title='bbox 561 947 638 1011; x_wconf 73' lang='lat' dir='ltr'><strong>ruiti</strong></span> <span class='ocrx_word' id='word_1_61' title='bbox 666 949 860 1011; x_wconf 76' lang='lat' dir='ltr'><strong>Athenienses</strong></span> <span class='ocrx_word' id='word_1_62' title='bbox 882 956 980 1010; x_wconf 78' lang='lat' dir='ltr'><strong>tamur</strong></span> <span class='ocrx_word' id='word_1_63' title='bbox 994 948 1075 1010; x_wconf 90' lang='lat' dir='ltr'><strong>illum</strong></span> <span class='ocrx_word' id='word_1_64' title='bbox 1088 955 1267 1028; x_wconf 87' lang='lat' dir='ltr'><strong>matremque</strong></span> <span class='ocrx_word' id='word_1_65' title='bbox 1282 947 1357 1019; x_wconf 90' lang='lat' dir='ltr'><strong>eius,</strong></span> <span class='ocrx_word' id='word_1_66' title='bbox 1381 947 1462 1010; x_wconf 88' lang='lat' dir='ltr'><strong>sicut</strong></span> 
     </span>
     <span class='ocr_line' id='line_1_8' title="bbox 254 1036 531 1108; baseline -0.007 -10"><span class='ocrx_word' id='word_1_67' title='bbox 254 1036 379 1108; x_wconf 83' lang='lat' dir='ltr'><strong>Thesea,</strong></span> <span class='ocrx_word' id='word_1_68' title='bbox 401 1037 531 1098; x_wconf 84' lang='lat' dir='ltr'><strong>adorant</strong></span> 
     </span>
     <span class='ocr_line' id='line_1_9' title="bbox 170 1116 1461 1198; baseline -0.003 -15"><span class='ocrx_word' id='word_1_69' title='bbox 170 1183 176 1192; x_wconf 75' lang='grc'><em>,</em></span> <span class='ocrx_word' id='word_1_70' title='bbox 338 1121 400 1182; x_wconf 92' lang='lat' dir='ltr'><strong>Nec</strong></span> <span class='ocrx_word' id='word_1_71' title='bbox 425 1119 518 1182; x_wconf 88' lang='lat' dir='ltr'><strong>coelo·</strong></span> <span class='ocrx_word' id='word_1_72' title='bbox 533 1138 568 1181; x_wconf 88' lang='lat' dir='ltr'><strong>ac</strong></span> <span class='ocrx_word' id='word_1_73' title='bbox 593 1117 741 1180; x_wconf 82' lang='lat' dir='ltr'><strong>divinitate</strong></span> <span class='ocrx_word' id='word_1_74' title='bbox 762 1117 855 1198; x_wconf 87' lang='lat' dir='ltr'><strong>magis</strong></span> <span class='ocrx_word' id='word_1_75' title='bbox 877 1117 957 1196; x_wconf 88' lang='lat' dir='ltr'><strong>digni</strong></span> <span class='ocrx_word' id='word_1_76' title='bbox 978 1116 1126 1190; x_wconf 79' lang='lat' dir='ltr'><strong>Castores,</strong></span> <span class='ocrx_word' id='word_1_77' title='bbox 1153 1116 1291 1192; x_wconf 86' lang='lat' dir='ltr'><strong>Perseus,</strong></span> <span class='ocrx_word' id='word_1_78' title='bbox 1317 1116 1461 1197; x_wconf 75' lang='lat' dir='ltr'><strong>Erigone,</strong></span> 
     </span>
     <span class='ocr_line' id='line_1_10' title="bbox 256 1201 1460 1283; baseline -0.004 -15"><span class='ocrx_word' id='word_1_79' title='bbox 256 1205 387 1268; x_wconf 87' lang='lat' dir='ltr'><strong>exoletus</strong></span> <span class='ocrx_word' id='word_1_80' title='bbox 408 1204 484 1266; x_wconf 84' lang='lat' dir='ltr'><strong>loris</strong></span> <span class='ocrx_word' id='word_1_81' title='bbox 506 1203 568 1266; x_wconf 87' lang='lat' dir='ltr'><strong>sive</strong></span> <span class='ocrx_word' id='word_1_82' title='bbox 593 1203 783 1283; x_wconf 76' lang='lat' dir='ltr'><strong>Ganymedes,</strong></span> <span class='ocrx_word' id='word_1_83' title='bbox 807 1202 891 1264; x_wconf 86' lang='lat' dir='ltr'><strong>sicuti</strong></span> <span class='ocrx_word' id='word_1_84' title='bbox 911 1219 967 1263; x_wconf 93' lang='lat' dir='ltr'><strong>nec</strong></span> <span class='ocrx_word' id='word_1_85' title='bbox 987 1219 1084 1276; x_wconf 85' lang='lat' dir='ltr'><strong>canes,</strong></span> <span class='ocrx_word' id='word_1_86' title='bbox 1106 1201 1329 1282; x_wconf 76' lang='lat' dir='ltr'><strong>scoqsiones-et</strong></span> <span class='ocrx_word' id='word_1_87' title='bbox 1348 1203 1460 1277; x_wconf 80' lang='lat' dir='ltr'><strong>canen,</strong></span> 
     </span>
     <span class='ocr_line' id='line_1_11' title="bbox 255 1285 1465 1370; baseline -0.002 -18"><span class='ocrx_word' id='word_1_88' title='bbox 255 1307 330 1370; x_wconf 91' lang='lat' dir='ltr'><strong>quos</strong></span> <span class='ocrx_word' id='word_1_89' title='bbox 356 1288 479 1352; x_wconf 79' lang='lat' dir='ltr'><strong>Romani</strong></span> <span class='ocrx_word' id='word_1_90' title='bbox 505 1287 536 1349; x_wconf 90' lang='lat' dir='ltr'><strong>in</strong></span> <span class='ocrx_word' id='word_1_91' title='bbox 564 1295 642 1350; x_wconf 88' lang='lat' dir='ltr'><strong>astra</strong></span> <span class='ocrx_word' id='word_1_92' title='bbox 666 1286 888 1349; x_wconf 87' lang='lat' dir='ltr'><strong>transtulerrmt.</strong></span> <span class='ocrx_word' id='word_1_93' title='bbox 930 1285 1003 1360; x_wconf 83' lang='lat' dir='ltr'><strong>Quis</strong></span> <span class='ocrx_word' id='word_1_94' title='bbox 1031 1295 1101 1348; x_wconf 79' lang='lat' dir='ltr'><strong>v&#39;ero</strong></span> <span class='ocrx_word' id='word_1_95' title='bbox 1122 1287 1186 1348; x_wconf 84' lang='lat' dir='ltr'><strong>sine</strong></span> <span class='ocrx_word' id='word_1_96' title='bbox 1207 1285 1270 1347; x_wconf 90' lang='lat' dir='ltr'><strong>risu</strong></span> <span class='ocrx_word' id='word_1_97' title='bbox 1290 1285 1339 1348; x_wconf 86' lang='lat' dir='ltr'><strong>illa</strong></span> <span class='ocrx_word' id='word_1_98' title='bbox 1359 1286 1465 1349; x_wconf 87' lang='lat' dir='ltr'><strong>audiet</strong></span> 
     </span>
     <span class='ocr_line' id='line_1_12' title="bbox 254 1369 1460 1453; baseline -0.002 -17"><span class='ocrx_word' id='word_1_99' title='bbox 254 1374 375 1436; x_wconf 90' lang='lat' dir='ltr'><strong>nomina</strong></span> <span class='ocrx_word' id='word_1_100' title='bbox 401 1374 531 1447; x_wconf 92' lang='lat' dir='ltr'><strong>deorum,</strong></span> <span class='ocrx_word' id='word_1_101' title='bbox 558 1391 632 1453; x_wconf 89' lang='lat' dir='ltr'><strong>quos</strong></span> <span class='ocrx_word' id='word_1_102' title='bbox 653 1371 776 1435; x_wconf 85' lang='lat' dir='ltr'><strong>Romani</strong></span> <span class='ocrx_word' id='word_1_103' title='bbox 804 1371 892 1433; x_wconf 88' lang='lat' dir='ltr'><strong>certis</strong></span> <span class='ocrx_word' id='word_1_104' title='bbox 915 1370 1087 1450; x_wconf 88' lang='lat' dir='ltr'><strong>quibusdam</strong></span> <span class='ocrx_word' id='word_1_105' title='bbox 1108 1369 1227 1433; x_wconf 90' lang='lat' dir='ltr'><strong>urbium</strong></span> <span class='ocrx_word' id='word_1_106' title='bbox 1247 1387 1281 1432; x_wconf 91' lang='lat' dir='ltr'><strong>ac</strong></span> <span class='ocrx_word' id='word_1_107' title='bbox 1301 1371 1460 1434; x_wconf 92' lang='lat' dir='ltr'><strong>domorum</strong></span> 
     </span>
     <span class='ocr_line' id='line_1_13' title="bbox 254 1453 1460 1538; baseline -0.002 -17"><span class='ocrx_word' id='word_1_108' title='bbox 254 1457 327 1521; x_wconf 89' lang='lat' dir='ltr'><strong>locis</strong></span> <span class='ocrx_word' id='word_1_109' title='bbox 348 1458 533 1538; x_wconf 87' lang='lat' dir='ltr'><strong>praepositos</strong></span> <span class='ocrx_word' id='word_1_110' title='bbox 554 1454 788 1519; x_wconf 72' lang='lat' dir='ltr'><strong>arbitrabantur?</strong></span> <span class='ocrx_word' id='word_1_111' title='bbox 828 1455 871 1517; x_wconf 80' lang='lat' dir='ltr'><strong>nh</strong></span> <span class='ocrx_word' id='word_1_112' title='bbox 893 1455 929 1518; x_wconf 87' lang='lat' dir='ltr'><strong>iis</strong></span> <span class='ocrx_word' id='word_1_113' title='bbox 952 1454 1059 1536; x_wconf 86' lang='lat' dir='ltr'><strong>quippe</strong></span> <span class='ocrx_word' id='word_1_114' title='bbox 1079 1463 1218 1518; x_wconf 81' lang='lat' dir='ltr'><strong>vocantur</strong></span> <span class='ocrx_word' id='word_1_115' title='bbox 1237 1453 1358 1530; x_wconf 81' lang='lat' dir='ltr'><strong>Yiduus,</strong></span> <span class='ocrx_word' id='word_1_116' title='bbox 1381 1455 1460 1518; x_wconf 86' lang='lat' dir='ltr'><strong>Cae·</strong></span> 
     </span>
     <span class='ocr_line' id='line_1_14' title="bbox 255 1538 1457 1620; baseline -0.003 -14"><span class='ocrx_word' id='word_1_117' title='bbox 255 1543 348 1616; x_wconf 77' lang='lat' dir='ltr'><strong>nilus,</strong></span> <span class='ocrx_word' id='word_1_118' title='bbox 370 1542 496 1616; x_wconf 84' lang='lat' dir='ltr'><strong>Orbana,</strong></span> <span class='ocrx_word' id='word_1_119' title='bbox 517 1542 633 1620; x_wconf 77' lang='lat' dir='ltr'><strong>drqms,</strong></span> <span class='ocrx_word' id='word_1_120' title='bbox 655 1542 733 1618; x_wconf 90' lang='lat' dir='ltr'><strong>lana,</strong></span> <span class='ocrx_word' id='word_1_121' title='bbox 754 1542 910 1614; x_wconf 79' lang='lat' dir='ltr'><strong>Ascensus,</strong></span> <span class='ocrx_word' id='word_1_122' title='bbox 932 1539 1076 1612; x_wconf 83' lang='lat' dir='ltr'><strong>Lericola,</strong></span> <span class='ocrx_word' id='word_1_123' title='bbox 1097 1538 1379 1614; x_wconf 80' lang='lat' dir='ltr'><strong>Forudus,Cardea,</strong></span> <span class='ocrx_word' id='word_1_124' title='bbox 1400 1540 1457 1602; x_wconf 87' lang='lat' dir='ltr'><strong>Li-</strong></span> 
     </span>
     <span class='ocr_line' id='line_1_15' title="bbox 255 1623 1456 1706; baseline -0.001 -18"><span class='ocrx_word' id='word_1_125' title='bbox 255 1627 404 1689; x_wconf 89' lang='lat' dir='ltr'><strong>mentinus</strong></span> <span class='ocrx_word' id='word_1_126' title='bbox 432 1626 536 1705; x_wconf 89' lang='lat' dir='ltr'><strong>aliique</strong></span> <span class='ocrx_word' id='word_1_127' title='bbox 563 1625 686 1706; x_wconf 85' lang='lat' dir='ltr'><strong>singulis</strong></span> <span class='ocrx_word' id='word_1_128' title='bbox 717 1625 879 1706; x_wconf 78' lang='lat' dir='ltr'><strong>quibusque</strong></span> <span class='ocrx_word' id='word_1_129' title='bbox 906 1624 981 1686; x_wconf 88' lang='lat' dir='ltr'><strong>vitae</strong></span> <span class='ocrx_word' id='word_1_130' title='bbox 1009 1623 1112 1686; x_wconf 83' lang='lat' dir='ltr'><strong>officiis</strong></span> <span class='ocrx_word' id='word_1_131' title='bbox 1138 1624 1286 1704; x_wconf 86' lang='lat' dir='ltr'><strong>praelecti.</strong></span> <span class='ocrx_word' id='word_1_132' title='bbox 1336 1623 1394 1686; x_wconf 91' lang='lat' dir='ltr'><strong>Sed</strong></span> <span class='ocrx_word' id='word_1_133' title='bbox 1421 1625 1456 1687; x_wconf 93' lang='lat' dir='ltr'><strong>hi</strong></span> 
     </span>
     <span class='ocr_line' id='line_1_16' title="bbox 257 1707 1456 1790; baseline 0 -18"><span class='ocrx_word' id='word_1_134' title='bbox 257 1710 330 1772; x_wconf 89' lang='lat' dir='ltr'><strong>solis</strong></span> <span class='ocrx_word' id='word_1_135' title='bbox 352 1729 444 1790; x_wconf 91' lang='lat' dir='ltr'><strong>paene</strong></span> <span class='ocrx_word' id='word_1_136' title='bbox 464 1710 602 1772; x_wconf 89' lang='lat' dir='ltr'><strong>llomanis</strong></span> <span class='ocrx_word' id='word_1_137' title='bbox 624 1710 743 1789; x_wconf 78' lang='lat' dir='ltr'><strong>cogniti,</strong></span> <span class='ocrx_word' id='word_1_138' title='bbox 764 1711 790 1772; x_wconf 91' lang='lat' dir='ltr'><strong>si</strong></span> <span class='ocrx_word' id='word_1_139' title='bbox 811 1710 851 1771; x_wconf 93' lang='lat' dir='ltr'><strong>dii</strong></span> <span class='ocrx_word' id='word_1_140' title='bbox 866 1709 999 1785; x_wconf 87' lang='lat' dir='ltr'><strong>luissent,</strong></span> <span class='ocrx_word' id='word_1_141' title='bbox 1021 1709 1126 1772; x_wconf 82' lang='lat' dir='ltr'><strong>ceteris</strong></span> <span class='ocrx_word' id='word_1_142' title='bbox 1141 1708 1278 1771; x_wconf 90' lang='lat' dir='ltr'><strong>omnibus</strong></span> <span class='ocrx_word' id='word_1_143' title='bbox 1293 1707 1361 1771; x_wconf 89' lang='lat' dir='ltr'><strong>nibil</strong></span> <span class='ocrx_word' id='word_1_144' title='bbox 1375 1727 1456 1790; x_wconf 87' lang='lat' dir='ltr'><strong>opus</strong></span> 
     </span>
     <span class='ocr_line' id='line_1_17' title="bbox 257 1797 512 1875; baseline -0.004 -18"><span class='ocrx_word' id='word_1_145' title='bbox 257 1803 321 1857; x_wconf 87' lang='lat' dir='ltr'><strong>erat</strong></span> <span class='ocrx_word' id='word_1_146' title='bbox 341 1797 416 1875; x_wconf 86' lang='lat' dir='ltr'><strong>(cap.</strong></span> <span class='ocrx_word' id='word_1_147' title='bbox 440 1799 512 1872; x_wconf 69' lang='lat' dir='ltr'><strong>lb).</strong></span> 
     </span>
    </p>

    <p class='ocr_par' dir='ltr' id='par_1_3' title="bbox 255 1877 1463 2465">
     <span class='ocr_line' id='line_1_18' title="bbox 340 1877 1459 1958; baseline -0.001 -17"><span class='ocrx_word' id='word_1_148' title='bbox 340 1880 377 1941; x_wconf 82' lang='lat' dir='ltr'><strong>lt</strong></span> <span class='ocrx_word' id='word_1_149' title='bbox 398 1879 501 1958; x_wconf 85' lang='lat' dir='ltr'><strong>ingrati</strong></span> <span class='ocrx_word' id='word_1_150' title='bbox 521 1878 607 1958; x_wconf 90' lang='lat' dir='ltr'><strong>plane</strong></span> <span class='ocrx_word' id='word_1_151' title='bbox 629 1895 742 1953; x_wconf 87' lang='lat' dir='ltr'><strong>sumus,</strong></span> <span class='ocrx_word' id='word_1_152' title='bbox 763 1877 931 1958; x_wconf 90' lang='lat' dir='ltr'><strong>inquiebant</strong></span> <span class='ocrx_word' id='word_1_153' title='bbox 950 1877 1083 1952; x_wconf 84' lang='lat' dir='ltr'><strong>Romani,</strong></span> <span class='ocrx_word' id='word_1_154' title='bbox 1106 1878 1132 1939; x_wconf 92' lang='lat' dir='ltr'><strong>si</strong></span> <span class='ocrx_word' id='word_1_155' title='bbox 1153 1877 1310 1940; x_wconf 84' lang='lat' dir='ltr'><strong>divinitatis</strong></span> <span class='ocrx_word' id='word_1_156' title='bbox 1325 1879 1459 1940; x_wconf 89' lang='lat' dir='ltr'><strong>honores</strong></span> 
     </span>
     <span class='ocr_line' id='line_1_19' title="bbox 257 1961 1463 2043; baseline 0.001 -18"><span class='ocrx_word' id='word_1_157' title='bbox 257 1963 295 2025; x_wconf 89' lang='lat' dir='ltr'><strong>iis</strong></span> <span class='ocrx_word' id='word_1_158' title='bbox 318 1963 493 2043; x_wconf 79' lang='lat' dir='ltr'><strong>denegemus</strong></span> <span class='ocrx_word' id='word_1_159' title='bbox 515 1963 565 2043; x_wconf 88' lang='lat' dir='ltr'><strong>qui</strong></span> <span class='ocrx_word' id='word_1_160' title='bbox 586 1962 662 2023; x_wconf 85' lang='lat' dir='ltr'><strong>ritae</strong></span> <span class='ocrx_word' id='word_1_161' title='bbox 682 1963 847 2025; x_wconf 82' lang='lat' dir='ltr'><strong>necessaria</strong></span> <span class='ocrx_word' id='word_1_162' title='bbox 868 1961 953 2024; x_wconf 88' lang='lat' dir='ltr'><strong>nohis</strong></span> <span class='ocrx_word' id='word_1_163' title='bbox 975 1961 1157 2024; x_wconf 81' lang='lat' dir='ltr'><strong>invenerunt.</strong></span> <span class='ocrx_word' id='word_1_164' title='bbox 1189 1962 1348 2025; x_wconf 85' lang='lat' dir='ltr'><strong>Tribuendi</strong></span> <span class='ocrx_word' id='word_1_165' title='bbox 1370 1963 1463 2042; x_wconf 90' lang='lat' dir='ltr'><strong>igitur</strong></span> 
     </span>
     <span class='ocr_line' id='line_1_20' title="bbox 258 2045 1461 2126; baseline 0.001 -17"><span class='ocrx_word' id='word_1_166' title='bbox 258 2054 337 2123; x_wconf 89' lang='lat' dir='ltr'><strong>sunt,</strong></span> <span class='ocrx_word' id='word_1_167' title='bbox 360 2047 401 2110; x_wconf 90' lang='lat' dir='ltr'><strong>ait</strong></span> <span class='ocrx_word' id='word_1_168' title='bbox 422 2047 626 2120; x_wconf 81' lang='lat' dir='ltr'><strong>Termllianus,</strong></span> <span class='ocrx_word' id='word_1_169' title='bbox 654 2047 685 2109; x_wconf 94' lang='lat' dir='ltr'><strong>hi</strong></span> <span class='ocrx_word' id='word_1_170' title='bbox 707 2047 834 2109; x_wconf 86' lang='lat' dir='ltr'><strong>honores</strong></span> <span class='ocrx_word' id='word_1_171' title='bbox 856 2045 969 2121; x_wconf 82' lang='lat' dir='ltr'><strong>Catoni,</strong></span> <span class='ocrx_word' id='word_1_172' title='bbox 997 2047 1046 2126; x_wconf 92' lang='lat' dir='ltr'><strong>qni</strong></span> <span class='ocrx_word' id='word_1_173' title='bbox 1067 2048 1154 2110; x_wconf 83' lang='lat' dir='ltr'><strong>dcrmr</strong></span> <span class='ocrx_word' id='word_1_174' title='bbox 1174 2047 1295 2109; x_wconf 83' lang='lat' dir='ltr'><strong>viridem</strong></span> <span class='ocrx_word' id='word_1_175' title='bbox 1317 2056 1348 2110; x_wconf 88' lang='lat' dir='ltr'><strong>ct</strong></span> <span class='ocrx_word' id='word_1_176' title='bbox 1366 2047 1461 2110; x_wconf 83' lang='lat' dir='ltr'><strong>Pom·</strong></span> 
     </span>
     <span class='ocr_line' id='line_1_21' title="bbox 255 2130 1461 2214; baseline 0 -20"><span class='ocrx_word' id='word_1_177' title='bbox 255 2133 334 2214; x_wconf 89' lang='lat' dir='ltr'><strong>pcio,</strong></span> <span class='ocrx_word' id='word_1_178' title='bbox 357 2133 405 2212; x_wconf 92' lang='lat' dir='ltr'><strong>qui</strong></span> <span class='ocrx_word' id='word_1_179' title='bbox 433 2151 533 2194; x_wconf 88' lang='lat' dir='ltr'><strong>cerasa</strong></span> <span class='ocrx_word' id='word_1_180' title='bbox 553 2131 675 2193; x_wconf 79' lang='lat' dir='ltr'><strong>Romam</strong></span> <span class='ocrx_word' id='word_1_181' title='bbox 695 2130 783 2211; x_wconf 82' lang='lat' dir='ltr'><strong>primi</strong></span> <span class='ocrx_word' id='word_1_182' title='bbox 805 2130 971 2192; x_wconf 85' lang='lat' dir='ltr'><strong>attrderunt.</strong></span> <span class='ocrx_word' id='word_1_183' title='bbox 1005 2131 1063 2193; x_wconf 92' lang='lat' dir='ltr'><strong>Sed</strong></span> <span class='ocrx_word' id='word_1_184' title='bbox 1084 2131 1157 2194; x_wconf 90' lang='lat' dir='ltr'><strong>nihil</strong></span> <span class='ocrx_word' id='word_1_185' title='bbox 1176 2133 1231 2194; x_wconf 87' lang='lat' dir='ltr'><strong>hac</strong></span> <span class='ocrx_word' id='word_1_186' title='bbox 1251 2132 1365 2194; x_wconf 88' lang='lat' dir='ltr'><strong>ratione</strong></span> <span class='ocrx_word' id='word_1_187' title='bbox 1385 2133 1461 2194; x_wconf 87' lang='lat' dir='ltr'><strong>luti·</strong></span> 
     </span>
     <span class='ocr_line' id='line_1_22' title="bbox 256 2215 1461 2290; baseline 0.001 -12"><span class='ocrx_word' id='word_1_188' title='bbox 256 2215 324 2280; x_wconf 87' lang='lat' dir='ltr'><strong>lius.</strong></span> <span class='ocrx_word' id='word_1_189' title='bbox 367 2217 432 2278; x_wconf 91' lang='lat' dir='ltr'><strong>Non</strong></span> <span class='ocrx_word' id='word_1_190' title='bbox 454 2217 531 2279; x_wconf 92' lang='lat' dir='ltr'><strong>enim</strong></span> <span class='ocrx_word' id='word_1_191' title='bbox 553 2217 697 2278; x_wconf 79' lang='lat' dir='ltr'><strong>fructuum</strong></span> <span class='ocrx_word' id='word_1_192' title='bbox 719 2216 862 2290; x_wconf 87' lang='lat' dir='ltr'><strong>inventor,</strong></span> <span class='ocrx_word' id='word_1_193' title='bbox 885 2215 937 2277; x_wconf 90' lang='lat' dir='ltr'><strong>sed</strong></span> <span class='ocrx_word' id='word_1_194' title='bbox 959 2224 1060 2280; x_wconf 89' lang='lat' dir='ltr'><strong>auctor</strong></span> <span class='ocrx_word' id='word_1_195' title='bbox 1081 2225 1112 2278; x_wconf 89' lang='lat' dir='ltr'><strong>et</strong></span> <span class='ocrx_word' id='word_1_196' title='bbox 1131 2225 1245 2278; x_wconf 78' lang='lat' dir='ltr'><strong>uector</strong></span> <span class='ocrx_word' id='word_1_197' title='bbox 1268 2235 1356 2279; x_wconf 83' lang='lat' dir='ltr'><strong>verus</strong></span> <span class='ocrx_word' id='word_1_198' title='bbox 1377 2217 1461 2280; x_wconf 83' lang='lat' dir='ltr'><strong>Deus</strong></span> 
     </span>
     <span class='ocr_line' id='line_1_23' title="bbox 256 2299 1463 2380; baseline 0 -16"><span class='ocrx_word' id='word_1_199' title='bbox 256 2309 313 2364; x_wconf 83' lang='lat' dir='ltr'><strong>est</strong></span> <span class='ocrx_word' id='word_1_200' title='bbox 356 2301 394 2363; x_wconf 82' lang='lat' dir='ltr'><strong>Et</strong></span> <span class='ocrx_word' id='word_1_201' title='bbox 421 2309 498 2363; x_wconf 87' lang='lat' dir='ltr'><strong>certe</strong></span> <span class='ocrx_word' id='word_1_202' title='bbox 526 2318 619 2362; x_wconf 82' lang='lat' dir='ltr'><strong>novae</strong></span> <span class='ocrx_word' id='word_1_203' title='bbox 640 2309 717 2362; x_wconf 89' lang='lat' dir='ltr'><strong>artes</strong></span> <span class='ocrx_word' id='word_1_204' title='bbox 739 2300 775 2362; x_wconf 91' lang='lat' dir='ltr'><strong>ab</strong></span> <span class='ocrx_word' id='word_1_205' title='bbox 796 2299 965 2363; x_wconf 89' lang='lat' dir='ltr'><strong>hominibus</strong></span> <span class='ocrx_word' id='word_1_206' title='bbox 987 2301 1115 2380; x_wconf 89' lang='lat' dir='ltr'><strong>quotidie</strong></span> <span class='ocrx_word' id='word_1_207' title='bbox 1136 2301 1338 2378; x_wconf 80' lang='lat' dir='ltr'><strong>inveniuntur3</strong></span> <span class='ocrx_word' id='word_1_208' title='bbox 1370 2319 1463 2364; x_wconf 89' lang='lat' dir='ltr'><strong>uerno</strong></span> 
     </span>
     <span class='ocr_line' id='line_1_24' title="bbox 257 2383 1168 2465; baseline -0.001 -17"><span class='ocrx_word' id='word_1_209' title='bbox 257 2393 355 2448; x_wconf 87' lang='lat' dir='ltr'><strong>tamen</strong></span> <span class='ocrx_word' id='word_1_210' title='bbox 376 2387 479 2448; x_wconf 87' lang='lat' dir='ltr'><strong>hamm</strong></span> <span class='ocrx_word' id='word_1_211' title='bbox 500 2385 668 2446; x_wconf 86' lang='lat' dir='ltr'><strong>inventores</strong></span> <span class='ocrx_word' id='word_1_212' title='bbox 690 2385 762 2446; x_wconf 92' lang='lat' dir='ltr'><strong>deos</strong></span> <span class='ocrx_word' id='word_1_213' title='bbox 784 2403 851 2446; x_wconf 86' lang='lat' dir='ltr'><strong>esse</strong></span> <span class='ocrx_word' id='word_1_214' title='bbox 873 2383 978 2446; x_wconf 87' lang='lat' dir='ltr'><strong>dixerit</strong></span> <span class='ocrx_word' id='word_1_215' title='bbox 998 2388 1072 2465; x_wconf 89' lang='lat' dir='ltr'><strong>(cap.</strong></span> <span class='ocrx_word' id='word_1_216' title='bbox 1097 2387 1168 2462; x_wconf 89' lang='grc'><strong>16.).</strong></span> 
     </span>
    </p>

    <p class='ocr_par' dir='ltr' id='par_1_4' title="bbox 170 2469 1470 3208">
     <span class='ocr_line' id='line_1_25' title="bbox 340 2469 1461 2550; baseline 0.002 -18"><span class='ocrx_word' id='word_1_217' title='bbox 340 2469 489 2532; x_wconf 89' lang='lat' dir='ltr'><strong>lustahant</strong></span> <span class='ocrx_word' id='word_1_218' title='bbox 514 2469 648 2543; x_wconf 81' lang='lat' dir='ltr'><strong>Romani,</strong></span> <span class='ocrx_word' id='word_1_219' title='bbox 670 2488 703 2532; x_wconf 89' lang='lat' dir='ltr'><strong>se</strong></span> <span class='ocrx_word' id='word_1_220' title='bbox 729 2488 782 2532; x_wconf 90' lang='lat' dir='ltr'><strong>sua</strong></span> <span class='ocrx_word' id='word_1_221' title='bbox 808 2469 840 2531; x_wconf 95' lang='lat' dir='ltr'><strong>in</strong></span> <span class='ocrx_word' id='word_1_222' title='bbox 867 2469 939 2530; x_wconf 91' lang='lat' dir='ltr'><strong>deos</strong></span> <span class='ocrx_word' id='word_1_223' title='bbox 964 2469 1072 2549; x_wconf 88' lang='lat' dir='ltr'><strong>pietate</strong></span> <span class='ocrx_word' id='word_1_224' title='bbox 1099 2488 1133 2532; x_wconf 91' lang='lat' dir='ltr'><strong>ac</strong></span> <span class='ocrx_word' id='word_1_225' title='bbox 1153 2469 1293 2550; x_wconf 87' lang='lat' dir='ltr'><strong>religione</strong></span> <span class='ocrx_word' id='word_1_226' title='bbox 1314 2472 1461 2534; x_wconf 86' lang='lat' dir='ltr'><strong>meruisse</strong></span> 
     </span>
     <span class='ocr_line' id='line_1_26' title="bbox 256 2553 1460 2636; baseline 0 -18"><span class='ocrx_word' id='word_1_227' title='bbox 256 2555 346 2618; x_wconf 84' lang='lat' dir='ltr'><strong>totirn</strong></span> <span class='ocrx_word' id='word_1_228' title='bbox 373 2553 474 2616; x_wconf 91' lang='lat' dir='ltr'><strong>mundi</strong></span> <span class='ocrx_word' id='word_1_229' title='bbox 500 2554 689 2617; x_wconf 85' lang='lat' dir='ltr'><strong>dominatum.</strong></span> <span class='ocrx_word' id='word_1_230' title='bbox 731 2553 813 2616; x_wconf 88' lang='lat' dir='ltr'><strong>ltane</strong></span> <span class='ocrx_word' id='word_1_231' title='bbox 833 2571 913 2628; x_wconf 83' lang='lat' dir='ltr'><strong>vero,</strong></span> <span class='ocrx_word' id='word_1_232' title='bbox 940 2553 1035 2633; x_wconf 89' lang='lat' dir='ltr'><strong>inquit</strong></span> <span class='ocrx_word' id='word_1_233' title='bbox 1055 2553 1271 2618; x_wconf 76' lang='lat' dir='ltr'><strong>Tertullianus?</strong></span> <span class='ocrx_word' id='word_1_234' title='bbox 1312 2555 1460 2636; x_wconf 89' lang='lat' dir='ltr'><strong>Numquid</strong></span> 
     </span>
     <span class='ocr_line' id='line_1_27' title="bbox 255 2637 1463 2720; baseline 0.001 -18"><span class='ocrx_word' id='word_1_235' title='bbox 255 2639 351 2719; x_wconf 80' lang='lat' dir='ltr'><strong>brrpie</strong></span> <span class='ocrx_word' id='word_1_236' title='bbox 379 2637 527 2702; x_wconf 86' lang='lat' dir='ltr'><strong>Sterculus</strong></span> <span class='ocrx_word' id='word_1_237' title='bbox 550 2638 677 2720; x_wconf 27' lang='lat' dir='ltr'><strong>&#39;Romani</strong></span> <span class='ocrx_word' id='word_1_238' title='bbox 707 2637 821 2718; x_wconf 85' lang='lat' dir='ltr'><strong>imperii</strong></span> <span class='ocrx_word' id='word_1_239' title='bbox 848 2639 922 2700; x_wconf 88' lang='lat' dir='ltr'><strong>lines</strong></span> <span class='ocrx_word' id='word_1_240' title='bbox 950 2637 1141 2718; x_wconf 72' lang='lat' dir='ltr'><strong>propagavit?</strong></span> <span class='ocrx_word' id='word_1_241' title='bbox 1181 2638 1329 2719; x_wconf 89' lang='lat' dir='ltr'><strong>Numquid</strong></span> <span class='ocrx_word' id='word_1_242' title='bbox 1349 2641 1463 2720; x_wconf 91' lang='lat' dir='ltr'><strong>iupiter</strong></span> 
     </span>
     <span class='ocr_line' id='line_1_28' title="bbox 256 2723 1463 2802; baseline 0.002 -16"><span class='ocrx_word' id='word_1_243' title='bbox 256 2724 334 2786; x_wconf 88' lang='lat' dir='ltr'><strong>antri</strong></span> <span class='ocrx_word' id='word_1_244' title='bbox 361 2723 450 2798; x_wconf 88' lang='lat' dir='ltr'><strong>ldaei,</strong></span> <span class='ocrx_word' id='word_1_245' title='bbox 479 2723 582 2785; x_wconf 81' lang='lat' dir='ltr'><strong>Cretae</strong></span> <span class='ocrx_word' id='word_1_246' title='bbox 608 2723 718 2802; x_wconf 88' lang='lat' dir='ltr'><strong>patriae</strong></span> <span class='ocrx_word' id='word_1_247' title='bbox 741 2741 820 2797; x_wconf 86' lang='lat' dir='ltr'><strong>suae,</strong></span> <span class='ocrx_word' id='word_1_248' title='bbox 848 2741 882 2784; x_wconf 90' lang='lat' dir='ltr'><strong>ac</strong></span> <span class='ocrx_word' id='word_1_249' title='bbox 902 2723 1101 2784; x_wconf 89' lang='lat' dir='ltr'><strong>iucundissimi</strong></span> <span class='ocrx_word' id='word_1_250' title='bbox 1123 2724 1243 2786; x_wconf 87' lang='lat' dir='ltr'><strong>nutricis</strong></span> <span class='ocrx_word' id='word_1_251' title='bbox 1266 2743 1336 2786; x_wconf 88' lang='lat' dir='ltr'><strong>enac</strong></span> <span class='ocrx_word' id='word_1_252' title='bbox 1357 2725 1463 2788; x_wconf 90' lang='lat' dir='ltr'><strong>odoris</strong></span> 
     </span>
     <span class='ocr_line' id='line_1_29' title="bbox 170 2805 1460 2890; baseline 0.002 -20"><span class='ocrx_word' id='word_1_253' title='bbox 170 2829 173 2838; x_wconf 63' lang='lat'><strong>⁴</strong></span> <span class='ocrx_word' id='word_1_254' title='bbox 256 2807 376 2883; x_wconf 89' lang='lat' dir='ltr'><strong>oblitus,</strong></span> <span class='ocrx_word' id='word_1_255' title='bbox 407 2807 454 2870; x_wconf 91' lang='lat' dir='ltr'><strong>his</strong></span> <span class='ocrx_word' id='word_1_256' title='bbox 481 2806 618 2886; x_wconf 88' lang='lat' dir='ltr'><strong>praetulit</strong></span> <span class='ocrx_word' id='word_1_257' title='bbox 644 2805 832 2888; x_wconf 74' lang='lat' dir='ltr'><strong>capitolium?</strong></span> <span class='ocrx_word' id='word_1_258' title='bbox 873 2805 1019 2886; x_wconf 91' lang='lat' dir='ltr'><strong>Numquid</strong></span> <span class='ocrx_word' id='word_1_259' title='bbox 1046 2808 1118 2870; x_wconf 91' lang='lat' dir='ltr'><strong>luno</strong></span> <span class='ocrx_word' id='word_1_260' title='bbox 1145 2808 1339 2888; x_wconf 74' lang='lat' dir='ltr'><strong>Carthaginis,</strong></span> <span class='ocrx_word' id='word_1_261' title='bbox 1371 2827 1460 2890; x_wconf 61' lang='lat' dir='ltr'><strong>mam</strong></span> 
     </span>
     <span class='ocr_line' id='line_1_30' title="bbox 256 2891 1470 2972; baseline 0.002 -17"><span class='ocrx_word' id='word_1_262' title='bbox 256 2893 345 2956; x_wconf 91' lang='lat' dir='ltr'><strong>Samo</strong></span> <span class='ocrx_word' id='word_1_263' title='bbox 369 2891 437 2954; x_wconf 89' lang='lat' dir='ltr'><strong>olim</strong></span> <span class='ocrx_word' id='word_1_264' title='bbox 457 2899 675 2971; x_wconf 83' lang='lat' dir='ltr'><strong>praeposuerat,</strong></span> <span class='ocrx_word' id='word_1_265' title='bbox 697 2891 812 2972; x_wconf 74' lang='lat' dir='ltr'><strong>penitis</strong></span> <span class='ocrx_word' id='word_1_266' title='bbox 827 2891 990 2967; x_wconf 88' lang='lat' dir='ltr'><strong>immemor,</strong></span> <span class='ocrx_word' id='word_1_267' title='bbox 1011 2892 1104 2954; x_wconf 86' lang='lat' dir='ltr'><strong>roluit</strong></span> <span class='ocrx_word' id='word_1_268' title='bbox 1118 2911 1181 2954; x_wconf 88' lang='lat' dir='ltr'><strong>eam</strong></span> <span class='ocrx_word' id='word_1_269' title='bbox 1197 2912 1214 2954; x_wconf 91' lang='lat' dir='ltr'><strong>a</strong></span> <span class='ocrx_word' id='word_1_270' title='bbox 1228 2893 1368 2956; x_wconf 84' lang='lat' dir='ltr'><strong>Romanis</strong></span> <span class='ocrx_word' id='word_1_271' title='bbox 1383 2893 1470 2957; x_wconf 77' lang='lat' dir='ltr'><strong>snb-¹</strong></span> 
     </span>
     <span class='ocr_line' id='line_1_31' title="bbox 255 2975 1457 3057; baseline 0 -17"><span class='ocrx_word' id='word_1_272' title='bbox 255 2976 355 3040; x_wconf 72' lang='lat' dir='ltr'><strong>verti?</strong></span> <span class='ocrx_word' id='word_1_273' title='bbox 384 2977 441 3039; x_wconf 91' lang='lat' dir='ltr'><strong>Sed</strong></span> <span class='ocrx_word' id='word_1_274' title='bbox 469 2978 574 3040; x_wconf 91' lang='lat' dir='ltr'><strong>horum</strong></span> <span class='ocrx_word' id='word_1_275' title='bbox 601 2977 781 3057; x_wconf 90' lang='lat' dir='ltr'><strong>aliorumque</strong></span> <span class='ocrx_word' id='word_1_276' title='bbox 802 2975 960 3038; x_wconf 91' lang='lat' dir='ltr'><strong>imbellium</strong></span> <span class='ocrx_word' id='word_1_277' title='bbox 982 2975 1103 3040; x_wconf 87' lang='lat' dir='ltr'><strong>deorum</strong></span> <span class='ocrx_word' id='word_1_278' title='bbox 1125 2995 1179 3038; x_wconf 91' lang='lat' dir='ltr'><strong>nec</strong></span> <span class='ocrx_word' id='word_1_279' title='bbox 1198 2977 1256 3040; x_wconf 91' lang='lat' dir='ltr'><strong>ulla</strong></span> <span class='ocrx_word' id='word_1_280' title='bbox 1277 2978 1332 3040; x_wconf 86' lang='lat' dir='ltr'><strong>hrit</strong></span> <span class='ocrx_word' id='word_1_281' title='bbox 1351 2981 1457 3040; x_wconf 89' lang='lat' dir='ltr'><strong>adrer-</strong></span> 
     </span>
     <span class='ocr_line' id='line_1_32' title="bbox 257 3061 1460 3142; baseline 0.001 -17"><span class='ocrx_word' id='word_1_282' title='bbox 257 3081 309 3126; x_wconf 86' lang='lat' dir='ltr'><strong>sus</strong></span> <span class='ocrx_word' id='word_1_283' title='bbox 342 3063 398 3123; x_wconf 87' lang='lat' dir='ltr'><strong>lata</strong></span> <span class='ocrx_word' id='word_1_284' title='bbox 429 3068 560 3141; x_wconf 85' lang='lat' dir='ltr'><strong>potestas</strong></span> <span class='ocrx_word' id='word_1_285' title='bbox 591 3080 648 3124; x_wconf 92' lang='lat' dir='ltr'><strong>nec</strong></span> <span class='ocrx_word' id='word_1_286' title='bbox 673 3067 831 3141; x_wconf 90' lang='lat' dir='ltr'><strong>potuerunt</strong></span> <span class='ocrx_word' id='word_1_287' title='bbox 859 3079 928 3124; x_wconf 84' lang='lat' dir='ltr'><strong>suas</strong></span> <span class='ocrx_word' id='word_1_288' title='bbox 957 3061 1045 3123; x_wconf 89' lang='lat' dir='ltr'><strong>urbes</strong></span> <span class='ocrx_word' id='word_1_289' title='bbox 1076 3061 1299 3142; x_wconf 82' lang='lat' dir='ltr'><strong>provinciasque</strong></span> <span class='ocrx_word' id='word_1_290' title='bbox 1320 3063 1460 3126; x_wconf 84' lang='lat' dir='ltr'><strong>adversus</strong></span> 
     </span>
     <span class='ocr_line' id='line_1_33' title="bbox 257 3145 734 3208; baseline -0.002 -1"><span class='ocrx_word' id='word_1_291' title='bbox 257 3146 386 3208; x_wconf 90' lang='lat' dir='ltr'><strong>hostium</strong></span> <span class='ocrx_word' id='word_1_292' title='bbox 408 3163 527 3207; x_wconf 83' lang='lat' dir='ltr'><strong>suomm</strong></span> <span class='ocrx_word' id='word_1_293' title='bbox 549 3163 628 3208; x_wconf 84' lang='lat' dir='ltr'><strong>arma</strong></span> <span class='ocrx_word' id='word_1_294' title='bbox 650 3145 734 3207; x_wconf 78' lang='lat' dir='ltr'><strong>beeri.</strong></span> 
     </span>
    </p>

    <p class='ocr_par' dir='ltr' id='par_1_5' title="bbox 241 3229 1464 3734">
     <span class='ocr_line' id='line_1_34' title="bbox 341 3229 1459 3313; baseline 0.007 -24"><span class='ocrx_word' id='word_1_295' title='bbox 341 3229 384 3290; x_wconf 87' lang='lat' dir='ltr'><strong>lld</strong></span> <span class='ocrx_word' id='word_1_296' title='bbox 411 3229 483 3292; x_wconf 86' lang='lat' dir='ltr'><strong>haec</strong></span> <span class='ocrx_word' id='word_1_297' title='bbox 508 3247 578 3290; x_wconf 85' lang='lat' dir='ltr'><strong>vero</strong></span> <span class='ocrx_word' id='word_1_298' title='bbox 606 3229 808 3290; x_wconf 84' lang='lat' dir='ltr'><strong>Romanorum·</strong></span> <span class='ocrx_word' id='word_1_299' title='bbox 831 3229 986 3308; x_wconf 89' lang='lat' dir='ltr'><strong>imperinm</strong></span> <span class='ocrx_word' id='word_1_300' title='bbox 1012 3237 1096 3290; x_wconf 84' lang='lat' dir='ltr'><strong>antea</strong></span> <span class='ocrx_word' id='word_1_301' title='bbox 1116 3231 1265 3294; x_wconf 87' lang='lat' dir='ltr'><strong>lundatum</strong></span> <span class='ocrx_word' id='word_1_302' title='bbox 1287 3233 1350 3306; x_wconf 85' lang='lat' dir='ltr'><strong>luit,</strong></span> <span class='ocrx_word' id='word_1_303' title='bbox 1372 3251 1459 3313; x_wconf 62' lang='lat' dir='ltr'><strong>mam</strong></span> 
     </span>
     <span class='ocr_line' id='line_1_35' title="bbox 258 3312 1460 3394; baseline 0.004 -18"><span class='ocrx_word' id='word_1_304' title='bbox 258 3312 316 3376; x_wconf 90' lang='lat' dir='ltr'><strong>ulla</strong></span> <span class='ocrx_word' id='word_1_305' title='bbox 338 3312 458 3374; x_wconf 84' lang='lat' dir='ltr'><strong>deorum</strong></span> <span class='ocrx_word' id='word_1_306' title='bbox 479 3320 578 3374; x_wconf 89' lang='lat' dir='ltr'><strong>essent</strong></span> <span class='ocrx_word' id='word_1_307' title='bbox 593 3312 756 3386; x_wconf 89' lang='lat' dir='ltr'><strong>simulacra,</strong></span> <span class='ocrx_word' id='word_1_308' title='bbox 778 3312 872 3376; x_wconf 89' lang='lat' dir='ltr'><strong>cultus</strong></span> <span class='ocrx_word' id='word_1_309' title='bbox 883 3332 916 3374; x_wconf 89' lang='lat' dir='ltr'><strong>ac</strong></span> <span class='ocrx_word' id='word_1_310' title='bbox 931 3331 1023 3386; x_wconf 78' lang='lat' dir='ltr'><strong>sama,</strong></span> <span class='ocrx_word' id='word_1_311' title='bbox 1045 3333 1118 3393; x_wconf 90' lang='lat' dir='ltr'><strong>quac</strong></span> <span class='ocrx_word' id='word_1_312' title='bbox 1132 3317 1320 3394; x_wconf 89' lang='lat' dir='ltr'><strong>postmodum</strong></span> <span class='ocrx_word' id='word_1_313' title='bbox 1334 3336 1351 3379; x_wconf 93' lang='lat' dir='ltr'><strong>a</strong></span> <span class='ocrx_word' id='word_1_314' title='bbox 1364 3317 1460 3382; x_wconf 91' lang='lat' dir='ltr'><strong>Numa</strong></span> 
     </span>
     <span class='ocr_line' id='line_1_36' title="bbox 256 3396 1461 3483; baseline 0.005 -24"><span class='ocrx_word' id='word_1_315' title='bbox 256 3396 401 3476; x_wconf 87' lang='lat' dir='ltr'><strong>Pompilio</strong></span> <span class='ocrx_word' id='word_1_316' title='bbox 424 3396 587 3458; x_wconf 87' lang='lat' dir='ltr'><strong>introducta</strong></span> <span class='ocrx_word' id='word_1_317' title='bbox 609 3404 686 3458; x_wconf 85' lang='lat' dir='ltr'><strong>sunt</strong></span> <span class='ocrx_word' id='word_1_318' title='bbox 729 3397 816 3458; x_wconf 77' lang='lat' dir='ltr'><strong>uetus</strong></span> <span class='ocrx_word' id='word_1_319' title='bbox 838 3397 935 3477; x_wconf 88' lang='lat' dir='ltr'><strong>itaque</strong></span> <span class='ocrx_word' id='word_1_320' title='bbox 956 3398 1080 3460; x_wconf 83' lang='lat' dir='ltr'><strong>accrevit</strong></span> <span class='ocrx_word' id='word_1_321' title='bbox 1098 3399 1169 3461; x_wconf 87' lang='lat' dir='ltr'><strong>ihud</strong></span> <span class='ocrx_word' id='word_1_322' title='bbox 1184 3400 1349 3480; x_wconf 90' lang='lat' dir='ltr'><strong>imperium,</strong></span> <span class='ocrx_word' id='word_1_323' title='bbox 1372 3411 1461 3483; x_wconf 86' lang='lat' dir='ltr'><strong>etque</strong></span> 
     </span>
     <span class='ocr_line' id='line_1_37' title="bbox 241 3481 1464 3567; baseline 0.007 -25"><span class='ocrx_word' id='word_1_324' title='bbox 241 3481 366 3544; x_wconf 83' lang='lat' dir='ltr'><strong>idcirco</strong></span> <span class='ocrx_word' id='word_1_325' title='bbox 392 3481 456 3560; x_wconf 92' lang='lat' dir='ltr'><strong>pari</strong></span> <span class='ocrx_word' id='word_1_326' title='bbox 485 3481 667 3544; x_wconf 84' lang='lat' dir='ltr'><strong>sacerdotum</strong></span> <span class='ocrx_word' id='word_1_327' title='bbox 694 3499 729 3543; x_wconf 89' lang='lat' dir='ltr'><strong>ac</strong></span> <span class='ocrx_word' id='word_1_328' title='bbox 755 3481 859 3543; x_wconf 87' lang='lat' dir='ltr'><strong>civium</strong></span> <span class='ocrx_word' id='word_1_329' title='bbox 881 3482 978 3557; x_wconf 88' lang='lat' dir='ltr'><strong>caede,</strong></span> <span class='ocrx_word' id='word_1_330' title='bbox 998 3483 1062 3562; x_wconf 88' lang='lat' dir='ltr'><strong>pari</strong></span> <span class='ocrx_word' id='word_1_331' title='bbox 1082 3501 1180 3545; x_wconf 87' lang='lat' dir='ltr'><strong>rerum</strong></span> <span class='ocrx_word' id='word_1_332' title='bbox 1202 3503 1348 3548; x_wconf 83' lang='lat' dir='ltr'><strong>saoremm</strong></span> <span class='ocrx_word' id='word_1_333' title='bbox 1370 3495 1464 3567; x_wconf 81' lang='lat' dir='ltr'><strong>etque</strong></span> 
     </span>
     <span class='ocr_line' id='line_1_38' title="bbox 256 3564 1461 3651; baseline 0.005 -23"><span class='ocrx_word' id='word_1_334' title='bbox 256 3567 443 3647; x_wconf 77' lang='lat' dir='ltr'><strong>profanarum</strong></span> <span class='ocrx_word' id='word_1_335' title='bbox 464 3564 547 3626; x_wconf 89' lang='lat' dir='ltr'><strong>ruina</strong></span> <span class='ocrx_word' id='word_1_336' title='bbox 568 3573 669 3645; x_wconf 89' lang='lat' dir='ltr'><strong>totque</strong></span> <span class='ocrx_word' id='word_1_337' title='bbox 695 3565 863 3644; x_wconf 84' lang='lat' dir='ltr'><strong>sacrilegiis,</strong></span> <span class='ocrx_word' id='word_1_338' title='bbox 885 3575 956 3646; x_wconf 91' lang='lat' dir='ltr'><strong>quot</strong></span> <span class='ocrx_word' id='word_1_339' title='bbox 984 3566 1112 3646; x_wconf 85' lang='lat' dir='ltr'><strong>tropaeis</strong></span> <span class='ocrx_word' id='word_1_340' title='bbox 1132 3587 1166 3629; x_wconf 92' lang='lat' dir='ltr'><strong>ac</strong></span> <span class='ocrx_word' id='word_1_341' title='bbox 1179 3570 1344 3651; x_wconf 85' lang='lat' dir='ltr'><strong>triumphis.</strong></span> <span class='ocrx_word' id='word_1_342' title='bbox 1365 3572 1461 3634; x_wconf 82' lang='lat' dir='ltr'><strong>Deni-</strong></span> 
     </span>
     <span class='ocr_line' id='line_1_39' title="bbox 257 3649 1464 3734; baseline 0.006 -22"><span class='ocrx_word' id='word_1_343' title='bbox 257 3670 315 3732; x_wconf 90' lang='lat' dir='ltr'><strong>que</strong></span> <span class='ocrx_word' id='word_1_344' title='bbox 348 3651 413 3730; x_wconf 88' lang='lat' dir='ltr'><strong>quis</strong></span> <span class='ocrx_word' id='word_1_345' title='bbox 444 3649 547 3711; x_wconf 87' lang='lat' dir='ltr'><strong>nascit&#39;</strong></span> <span class='ocrx_word' id='word_1_346' title='bbox 564 3651 692 3712; x_wconf 89' lang='lat' dir='ltr'><strong>lunditus</strong></span> <span class='ocrx_word' id='word_1_347' title='bbox 719 3668 821 3712; x_wconf 84' lang='lat' dir='ltr'><strong>eversa</strong></span> <span class='ocrx_word' id='word_1_348' title='bbox 849 3651 939 3712; x_wconf 88' lang='lat' dir='ltr'><strong>luisse</strong></span> <span class='ocrx_word' id='word_1_349' title='bbox 960 3669 1048 3731; x_wconf 81' lang='lat' dir='ltr'><strong>regna</strong></span> <span class='ocrx_word' id='word_1_350' title='bbox 1068 3651 1263 3732; x_wconf 77' lang='lat' dir='ltr'><strong>Assyriorum,</strong></span> <span class='ocrx_word' id='word_1_351' title='bbox 1294 3656 1464 3734; x_wconf 84' lang='lat' dir='ltr'><strong>bledomm,</strong></span> 
     </span>
    </p>
   </div>
   <div class='ocr_carea' id='block_1_3' title="bbox 124 3733 1522 4154">
    <p class='ocr_par' dir='ltr' id='par_1_6' title="bbox 124 3733 1522 4154">
     <span class='ocr_line' id='line_1_40' title="bbox 254 3733 1462 3818; baseline 0.005 -20"><span class='ocrx_word' id='word_1_352' title='bbox 254 3735 422 3810; x_wconf 84' lang='lat' dir='ltr'><strong>Persarum,</strong></span> <span class='ocrx_word' id='word_1_353' title='bbox 443 3733 657 3814; x_wconf 76' lang='lat' dir='ltr'><strong>Aegyptiorum,</strong></span> <span class='ocrx_word' id='word_1_354' title='bbox 679 3735 728 3815; x_wconf 93' lang='lat' dir='ltr'><strong>qui</strong></span> <span class='ocrx_word' id='word_1_355' title='bbox 750 3753 810 3796; x_wconf 93' lang='lat' dir='ltr'><strong>non</strong></span> <span class='ocrx_word' id='word_1_356' title='bbox 831 3735 945 3798; x_wconf 87' lang='lat' dir='ltr'><strong>minore</strong></span> <span class='ocrx_word' id='word_1_357' title='bbox 971 3737 1088 3815; x_wconf 85' lang='lat' dir='ltr'><strong>pietate,</strong></span> <span class='ocrx_word' id='word_1_358' title='bbox 1116 3755 1201 3818; x_wconf 93' lang='lat' dir='ltr'><strong>quam</strong></span> <span class='ocrx_word' id='word_1_359' title='bbox 1222 3741 1356 3815; x_wconf 84' lang='lat' dir='ltr'><strong>Romani,</strong></span> <span class='ocrx_word' id='word_1_360' title='bbox 1385 3741 1462 3804; x_wconf 87' lang='lat' dir='ltr'><strong>deos</strong></span> 
     </span>
     <span class='ocr_line' id='line_1_41' title="bbox 257 3817 1458 3906; baseline 0.003 -23"><span class='ocrx_word' id='word_1_361' title='bbox 257 3837 329 3884; x_wconf 85' lang='lat' dir='ltr'><strong>suos</strong></span> <span class='ocrx_word' id='word_1_362' title='bbox 351 3817 506 3883; x_wconf 76' lang='lat' dir='ltr'><strong>colebant?</strong></span> <span class='ocrx_word' id='word_1_363' title='bbox 548 3819 634 3881; x_wconf 85' lang='lat' dir='ltr'><strong>Solus</strong></span> <span class='ocrx_word' id='word_1_364' title='bbox 656 3837 724 3899; x_wconf 91' lang='lat' dir='ltr'><strong>ergo</strong></span> <span class='ocrx_word' id='word_1_365' title='bbox 745 3819 833 3894; x_wconf 85' lang='lat' dir='ltr'><strong>Deus,</strong></span> <span class='ocrx_word' id='word_1_366' title='bbox 854 3838 930 3883; x_wconf 89' lang='lat' dir='ltr'><strong>unus</strong></span> <span class='ocrx_word' id='word_1_367' title='bbox 953 3827 983 3882; x_wconf 87' lang='lat' dir='ltr'><strong>et</strong></span> <span class='ocrx_word' id='word_1_368' title='bbox 1004 3821 1200 3902; x_wconf 80' lang='lat' dir='ltr'><strong>omnipotens,</strong></span> <span class='ocrx_word' id='word_1_369' title='bbox 1222 3841 1309 3905; x_wconf 85' lang='lat' dir='ltr'><strong>regna</strong></span> <span class='ocrx_word' id='word_1_370' title='bbox 1330 3825 1458 3906; x_wconf 87' lang='lat' dir='ltr'><strong>dispen-</strong></span> 
     </span>
     <span class='ocr_line' id='line_1_42' title="bbox 257 3903 1522 3990; baseline 0.006 -23"><span class='ocrx_word' id='word_1_371' title='bbox 257 3915 313 3978; x_wconf 86' lang='lat' dir='ltr'><strong>sat,</strong></span> <span class='ocrx_word' id='word_1_372' title='bbox 344 3905 464 3967; x_wconf 90' lang='lat' dir='ltr'><strong>minime</strong></span> <span class='ocrx_word' id='word_1_373' title='bbox 495 3923 565 3966; x_wconf 81' lang='lat' dir='ltr'><strong>vero</strong></span> <span class='ocrx_word' id='word_1_374' title='bbox 591 3903 789 3966; x_wconf 85' lang='lat' dir='ltr'><strong>Romanorum</strong></span> <span class='ocrx_word' id='word_1_375' title='bbox 820 3913 870 3966; x_wconf 90' lang='lat' dir='ltr'><strong>aut</strong></span> <span class='ocrx_word' id='word_1_376' title='bbox 902 3905 1022 3967; x_wconf 84' lang='lat' dir='ltr'><strong>aliarum</strong></span> <span class='ocrx_word' id='word_1_377' title='bbox 1049 3907 1178 3985; x_wconf 87' lang='lat' dir='ltr'><strong>gentium</strong></span> <span class='ocrx_word' id='word_1_378' title='bbox 1209 3908 1263 3983; x_wconf 88' lang='lat' dir='ltr'><strong>dii,</strong></span> <span class='ocrx_word' id='word_1_379' title='bbox 1291 3927 1366 3990; x_wconf 90' lang='lat' dir='ltr'><strong>quos</strong></span> <span class='ocrx_word' id='word_1_380' title='bbox 1398 3919 1462 3974; x_wconf 86' lang='lat' dir='ltr'><strong>tam</strong></span> <span class='ocrx_word' id='word_1_381' title='bbox 1513 3921 1522 3952; x_wconf 62' lang='lat' dir='ltr'>x</span> 
     </span>
     <span class='ocr_line' id='line_1_43' title="bbox 257 3987 1464 4069; baseline 0.007 -19"><span class='ocrx_word' id='word_1_382' title='bbox 257 3989 381 4051; x_wconf 79' lang='lat' dir='ltr'><strong>factitios</strong></span> <span class='ocrx_word' id='word_1_383' title='bbox 403 4009 469 4052; x_wconf 90' lang='lat' dir='ltr'><strong>esse</strong></span> <span class='ocrx_word' id='word_1_384' title='bbox 490 3997 614 4061; x_wconf 86' lang='lat' dir='ltr'><strong>constat,</strong></span> <span class='ocrx_word' id='word_1_385' title='bbox 636 4007 721 4067; x_wconf 68' lang='lat' dir='ltr'><strong>mam</strong></span> <span class='ocrx_word' id='word_1_386' title='bbox 742 3989 868 4065; x_wconf 90' lang='lat' dir='ltr'><strong>illorum,</strong></span> <span class='ocrx_word' id='word_1_387' title='bbox 898 4007 915 4050; x_wconf 93' lang='lat' dir='ltr'><strong>a</strong></span> <span class='ocrx_word' id='word_1_388' title='bbox 937 3987 1043 4069; x_wconf 88' lang='lat' dir='ltr'><strong>quibus</strong></span> <span class='ocrx_word' id='word_1_389' title='bbox 1065 3991 1207 4068; x_wconf 83' lang='lat' dir='ltr'><strong>coluntur,</strong></span> <span class='ocrx_word' id='word_1_390' title='bbox 1240 3993 1326 4056; x_wconf 80' lang='lat' dir='ltr'><strong>falsas</strong></span> <span class='ocrx_word' id='word_1_391' title='bbox 1347 4013 1464 4059; x_wconf 85' lang='lat' dir='ltr'><strong>ranas-</strong></span> 
     </span>
     <span class='ocr_line' id='line_1_44' title="bbox 124 4073 809 4154; baseline 0.015 -23"><span class='ocrx_word' id='word_1_392' title='bbox 124 4085 132 4094; x_wconf 82' lang='lat'><strong>·</strong></span> <span class='ocrx_word' id='word_1_393' title='bbox 255 4089 313 4152; x_wconf 90' lang='lat' dir='ltr'><strong>que</strong></span> <span class='ocrx_word' id='word_1_394' title='bbox 334 4073 490 4153; x_wconf 90' lang='lat' dir='ltr'><strong>religiones</strong></span> <span class='ocrx_word' id='word_1_395' title='bbox 510 4077 584 4154; x_wconf 84' lang='lat' dir='ltr'><strong>(cap.</strong></span> <span class='ocrx_word' id='word_1_396' title='bbox 608 4076 681 4152; x_wconf 87' lang='grc'><strong>17.).</strong></span> <span class='ocrx_word' id='word_1_397' title='bbox 804 4133 809 4141; x_wconf 85' lang='grc'><em>.</em></span> 
     </span>
    </p>
   </div>
   <div class='ocr_carea' id='block_1_4' title="bbox 741 4227 965 4280">
    <p class='ocr_par' dir='ltr' id='par_1_7' title="bbox 741 4227 965 4280">
     <span class='ocr_line' id='line_1_45' title="bbox 741 4227 965 4280; baseline 0 -2"><span class='ocrx_word' id='word_1_398' title='bbox 741 4227 905 4280; x_wconf 75' lang='lat' dir='ltr'><strong>turturibus</strong></span> <span class='ocrx_word' id='word_1_399' title='bbox 924 4227 965 4278; x_wconf 93' lang='lat' dir='ltr'><strong>lll.</strong></span> 
     </span>
    </p>
   </div>
   <div class='ocr_carea' id='block_1_5' title="bbox 273 4325 1441 4456">
    <p class='ocr_par' dir='ltr' id='par_1_8' title="bbox 273 4325 1441 4456">
     <span class='ocr_line' id='line_1_46' title="bbox 273 4325 1441 4383; baseline 0.013 -15"><span class='ocrx_word' id='word_1_400' title='bbox 273 4325 343 4372; x_wconf 79' lang='lat' dir='ltr'><strong>variis</strong></span> <span class='ocrx_word' id='word_1_401' title='bbox 359 4327 468 4372; x_wconf 74' lang='lat' dir='ltr'><strong>redonum</strong></span> <span class='ocrx_word' id='word_1_402' title='bbox 486 4331 600 4376; x_wconf 81' lang='lat' dir='ltr'><strong>momentis</strong></span> <span class='ocrx_word' id='word_1_403' title='bbox 618 4330 737 4376; x_wconf 85' lang='lat' dir='ltr'><strong>ostenditur</strong></span> <span class='ocrx_word' id='word_1_404' title='bbox 754 4331 911 4376; x_wconf 70' lang='lat' dir='ltr'><strong>Tertullianum</strong></span> <span class='ocrx_word' id='word_1_405' title='bbox 929 4327 1008 4376; x_wconf 85' lang='lat' dir='ltr'><strong>horum</strong></span> <span class='ocrx_word' id='word_1_406' title='bbox 1026 4331 1130 4378; x_wconf 79' lang='lat' dir='ltr'><strong>libranum</strong></span> <span class='ocrx_word' id='word_1_407' title='bbox 1147 4345 1198 4378; x_wconf 82' lang='lat' dir='ltr'><strong>esse</strong></span> <span class='ocrx_word' id='word_1_408' title='bbox 1216 4341 1327 4380; x_wconf 69' lang='lat' dir='ltr'><strong>ructum</strong></span> <span class='ocrx_word' id='word_1_409' title='bbox 1344 4341 1367 4380; x_wconf 86' lang='lat' dir='ltr'><strong>et</strong></span> <span class='ocrx_word' id='word_1_410' title='bbox 1383 4347 1441 4383; x_wconf 77' lang='lat' dir='ltr'><strong>nors</strong></span> 
     </span>
     <span class='ocr_line' id='line_1_47' title="bbox 597 4398 1115 4456; baseline 0.006 -14"><span class='ocrx_word' id='word_1_411' title='bbox 597 4398 735 4444; x_wconf 83' lang='lat' dir='ltr'><strong>liuornbesbi</strong></span> <span class='ocrx_word' id='word_1_412' title='bbox 751 4399 773 4443; x_wconf 91' lang='lat' dir='ltr'><strong>id</strong></span> <span class='ocrx_word' id='word_1_413' title='bbox 791 4399 891 4456; x_wconf 85' lang='lat' dir='ltr'><strong>negantis</strong></span> <span class='ocrx_word' id='word_1_414' title='bbox 908 4400 981 4456; x_wconf 88' lang='lat' dir='ltr'><strong>opinio</strong></span> <span class='ocrx_word' id='word_1_415' title='bbox 999 4400 1115 4445; x_wconf 84' lang='lat' dir='ltr'><strong>relellltur.</strong></span> 
     </span>
    </p>
   </div>
   <div class='ocr_carea' id='block_1_6' title="bbox 255 4469 1466 4667">
    <p class='ocr_par' dir='ltr' id='par_1_9' title="bbox 255 4469 1466 4667">
     <span class='ocr_line' id='line_1_48' title="bbox 343 4469 1462 4582; baseline 0.011 -28"><span class='ocrx_word' id='word_1_416' title='bbox 343 4491 492 4556; x_wconf 80' lang='lat' dir='ltr'><strong>Testatum</strong></span> <span class='ocrx_word' id='word_1_417' title='bbox 513 4469 599 4558; x_wconf 89' lang='lat' dir='ltr'><strong>nobis</strong></span> <span class='ocrx_word' id='word_1_418' title='bbox 620 4497 813 4578; x_wconf 81' lang='lat' dir='ltr'><strong>llieronpmus</strong></span> <span class='ocrx_word' id='word_1_419' title='bbox 835 4496 902 4559; x_wconf 85' lang='lat' dir='ltr'><strong>lecit</strong></span> <span class='ocrx_word' id='word_1_420' title='bbox 923 4497 1016 4560; x_wconf 87' lang='lat' dir='ltr'><strong>editos</strong></span> <span class='ocrx_word' id='word_1_421' title='bbox 1040 4499 1131 4562; x_wconf 82' lang='lat' dir='ltr'><strong>luisse</strong></span> <span class='ocrx_word' id='word_1_422' title='bbox 1144 4518 1162 4561; x_wconf 87' lang='lat' dir='ltr'><strong>a</strong></span> <span class='ocrx_word' id='word_1_423' title='bbox 1176 4499 1352 4563; x_wconf 73' lang='lat' dir='ltr'><strong>Tertulliano</strong></span> <span class='ocrx_word' id='word_1_424' title='bbox 1367 4519 1462 4582; x_wconf 44' lang='lat' dir='ltr'><strong>prae-1</strong></span> 
     </span>
     <span class='ocr_line' id='line_1_49' title="bbox 255 4576 1466 4667; baseline 0.01 -27"><span class='ocrx_word' id='word_1_425' title='bbox 255 4583 305 4640; x_wconf 90' lang='lat' dir='ltr'><strong>ter</strong></span> <span class='ocrx_word' id='word_1_426' title='bbox 323 4576 542 4660; x_wconf 79' lang='lat' dir='ltr'><strong>Apologetioum</strong></span> <span class='ocrx_word' id='word_1_427' title='bbox 567 4579 639 4644; x_wconf 88' lang='lat' dir='ltr'><strong>ulios</strong></span> <span class='ocrx_word' id='word_1_428' title='bbox 667 4582 703 4646; x_wconf 92' lang='lat' dir='ltr'><strong>ad</strong></span> <span class='ocrx_word' id='word_1_429' title='bbox 725 4581 831 4646; x_wconf 83' lang='lat' dir='ltr'><strong>Gentes</strong></span> <span class='ocrx_word' id='word_1_430' title='bbox 851 4581 952 4658; x_wconf 89' lang='lat' dir='ltr'><strong>libros,</strong></span> <span class='ocrx_word' id='word_1_431' title='bbox 980 4582 1017 4645; x_wconf 89' lang='lat' dir='ltr'><strong>de</strong></span> <span class='ocrx_word' id='word_1_432' title='bbox 1044 4583 1149 4664; x_wconf 83' lang='lat' dir='ltr'><strong>quibus</strong></span> <span class='ocrx_word' id='word_1_433' title='bbox 1171 4584 1207 4647; x_wconf 94' lang='lat' dir='ltr'><strong>ad</strong></span> <span class='ocrx_word' id='word_1_434' title='bbox 1228 4585 1363 4667; x_wconf 82' lang='lat' dir='ltr'><strong>blegnum</strong></span> <span class='ocrx_word' id='word_1_435' title='bbox 1385 4587 1466 4652; x_wconf 81' lang='lat' dir='ltr'><strong>haec</strong></span> 
     </span>
    </p>
   </div>
   <div class='ocr_carea' id='block_1_7' title="bbox 0 0 1562 5240">
    <p class='ocr_par' dir='ltr' id='par_1_10' title="bbox 0 0 1562 5240">
     <span class='ocr_line' id='line_1_50' title="bbox 0 0 1562 5240; baseline 0 0"><span class='ocrx_word' id='word_1_436' title='bbox 0 0 1562 5240; x_wconf 95' lang='lat' dir='ltr'><strong> </strong></span> 
     </span>
    </p>
   </div>
  </div>
 </body>
</html>
