3114 5240
446 381 578 428 lucrose
600 383 657 428 nro.
680 383 717 428 nu
738 382 864 429 aomar.
1199 371 1259 434 119

88 535 192 608 orditus,
213 533 249 596 ad
269 552 327 596 uos
348 533 487 614 singulari
509 551 632 614 prorsus
653 533 769 596 illorum
791 533 968 597 humanitate
991 537 1180 600 transmissus
1203 547 1259 600 est.

89 621 127 682 lui
153 629 243 682 autom
274 619 305 680 in
338 619 534 682 examinandis
561 619 708 682 veteribus
737 620 885 682 codicibus
913 620 1005 700 magis
1033 621 1190 696 exercitati,
1223 641 1260 683 cx

88 707 252 766 abracterum
274 705 368 767 torma
389 702 470 765 illum
490 703 644 768 undecimo
667 703 782 766 circiter
803 703 918 768 sacerdo
941 705 1081 786 scriptum
1097 725 1166 768 esse
1180 707 1258 770 iudi·

87 798 168 850 crunt
197 788 255 850 Sed
275 787 364 867 primi
384 787 495 850 librarii
517 788 660 868 imperitia
680 789 769 850 variis
791 788 902 869 passim
923 790 1055 852 foedatus
1077 801 1124 854 est
1137 790 1260 866 mendis,

86 893 137 952 quae
154 873 223 934 alius
244 871 359 936 doctior
379 873 521 952 appositis
542 873 644 948 obelis,
666 882 753 953 atque
772 874 807 935 ad
829 873 988 955 marginem
1009 877 1098 948 notis,
1120 887 1171 939 aut
1189 895 1258 939 cor-

84 959 137 1018 rexit
154 965 200 1019 aut
220 957 393 1037 corrigenda
414 977 481 1020 esse
501 957 684 1020 monstrarit.

143 1041 238 1104 Plures
265 1052 365 1104 autem
391 1042 421 1103 in
452 1061 487 1104 co
515 1043 614 1104 codice
641 1043 808 1122 transcripti
830 1051 898 1105 sunt
918 1043 1089 1106 Tertulliani
1109 1053 1259 1118 tractatus,

84 1145 181 1205 quorum
200 1127 288 1188 index
309 1127 339 1187 in
360 1127 454 1206 prima
475 1125 553 1189 illius
575 1127 680 1208 pagina
701 1126 862 1189 exhibetur.
905 1128 1013 1190 Verum
1034 1129 1065 1191 in
1087 1130 1144 1190 boc
1164 1130 1261 1192 indice
1316 1163 1321 1176 ·

84 1211 279 1290 pnetermissus
302 1219 348 1272 est
369 1211 417 1273 hie
430 1211 636 1292 Apologeticus
657 1211 740 1273 liber.
771 1211 967 1286 Quamobrem
988 1213 1155 1292 suspicandi
1176 1214 1259 1276 locus

84 1313 133 1356 coe
151 1296 257 1358 ridetur
277 1303 378 1358 utrum
399 1304 468 1376 post
488 1297 561 1358 alios
583 1296 675 1358 libros
698 1295 734 1358 ab
755 1297 851 1375 aliquo
872 1295 992 1358 librario
1006 1307 1111 1376 postea
1126 1305 1260 1360 exaratus

84 1381 157 1442 berit
194 1380 265 1442 Nam
287 1381 377 1442 index
397 1381 445 1442 ille
467 1382 567 1444 cadem
589 1399 686 1455 manu,
708 1389 794 1460 atque
815 1380 863 1442 alii
884 1381 951 1442 libri
972 1382 1099 1461 scriptus
1121 1392 1176 1445 est
1203 1382 1261 1455 Qui

84 1483 134 1524 roo
142 1466 355 1544 apologeticum
377 1465 515 1545 deinceps
537 1465 702 1545 descripsit,
724 1466 751 1527 is
774 1465 839 1526 aliis
860 1465 1023 1545 imperitior
1044 1476 1073 1527 et
1093 1466 1181 1529 latiam
1202 1466 1262 1528 lin-

84 1567 138 1627 guae
155 1550 280 1630 ignarus,
304 1551 488 1629 trequentes,
510 1551 617 1630 quibus
639 1550 730 1612 codex
751 1549 799 1611 ille
819 1549 931 1629 passim
952 1549 1060 1628 ubique
1082 1559 1189 1624 scatet,
1211 1569 1261 1612 er·
1388 1601 1394 1614 .
1521 1623 1522 1640 χ

84 1651 148 1694 mres
177 1635 299 1714 reliquit
346 1634 409 1696 hlia
439 1653 554 1714 quoque
585 1635 615 1696 in
648 1653 695 1708 eo,
724 1650 813 1714 mam
840 1634 871 1695 in
892 1633 956 1696 aliis
978 1633 1062 1696 libris
1084 1635 1263 1716 conspicitur

83 1718 208 1781 verborum
239 1720 415 1782 contractio.
458 1719 583 1792 Quidam
610 1727 707 1782 mmen
741 1718 814 1780 satis
843 1718 941 1780 idonei
970 1719 1132 1798 scripturae
1149 1719 1262 1782 ‘veteris

84 1803 172 1865 indices
194 1805 269 1866 hunc
300 1804 427 1876 librum,
450 1795 526 1866 sicut
546 1803 637 1878 alios,
664 1803 700 1866 ah
722 1805 825 1866 eodem
846 1802 965 1866 librario
989 1814 1136 1867 armatum
1158 1804 1263 1866 existi·

84 1897 157 1947 mant
191 1887 218 1950 ln
239 1907 275 1951 eo
299 1897 479 1952 autemnon
500 1889 613 1968 integer
633 1887 682 1950 illc
696 1888 901 1968 Apologeticus
923 1887 996 1951 liber
1017 1889 1186 1964 exhibetur,
1209 1889 1264 1951 sed

86 1969 205 2036 dumtaxat
221 1992 321 2054 usque
342 1973 378 2036 ad
399 1973 662 2060 capitis-trigesimi
685 1973 815 2046 initium,
837 1982 932 2035 cetera
957 1981 1064 2047 antem,
1086 1993 1159 2054 quae
1173 1993 1263 2054 quar-

86 2067 132 2116 tam
149 2059 224 2120 totius
244 2058 316 2121 libri
338 2065 451 2138 partem
472 2059 631 2132 continent,
653 2059 739 2138 plane
760 2058 969 2122 desiderantur.
1068 2085 1072 2094 ·

149 2141 268 2206 'lordum
304 2143 434 2205 codicem
455 2144 682 2222 manuscriptum
703 2142 791 2204 nohis
813 2142 1006 2222 suppeditavit
1026 2141 1071 2203 vir
1092 2142 1263 2204 illustrissi-

86 2243 134 2284 nus
152 2235 177 2288 et
195 2229 272 2290 omni
295 2228 382 2289 laude
402 2229 505 2302 maior,
537 2227 662 2290 Achilles
684 2227 835 2302 llarlaeus,
857 2228 906 2306 qui
926 2235 1081 2307 postquam
1103 2227 1264 2290 admirabili

87 2327 182 2386 persus
210 2313 282 2374 imis
318 2313 449 2386 scientia,
482 2313 634 2392 aequitate,
663 2312 809 2392 probitate
829 2311 951 2392 aliisque
973 2312 1086 2374 eximiis
1106 2312 1263 2374 virtutibus

87 2411 125 2472 per
140 2397 236 2458 mdtos
257 2415 355 2459 annos
366 2397 525 2459 Parisiensi
547 2397 660 2459 senatui
675 2397 865 2476 praeluiasct,
888 2405 965 2458 anm
980 2396 1067 2458 animi
1082 2395 1263 2469 fortitudine,

88 2489 169 2556 quanto
187 2482 337 2544 communi
359 2482 489 2543 omnium
511 2481 656 2544 desiderio
679 2500 711 2544 se
732 2480 787 2543 bac
807 2480 946 2560 dignitate
968 2480 1112 2543 abdicarit
1142 2499 1175 2542 ac
1196 2499 1263 2542 ser-

88 2571 136 2624 rata
151 2585 259 2647 semper
280 2567 385 2630 eadem
406 2567 481 2628 ritae
502 2566 704 2647 aequabilitate
725 2574 860 2628 mortuus
882 2573 936 2627 est.
980 2565 1078 2628 Codex
1099 2575 1195 2628 autem
1217 2564 1265 2626 ille

88 2645 230 2712 dioneos
246 2651 390 2730 elegantia
405 2651 553 2712 Puteaneo
574 2669 635 2712 non
658 2649 734 2712 cedit
754 2669 848 2730 neque
871 2659 987 2711 centum
1007 2659 1075 2730 post
1096 2668 1188 2712 annos
1210 2650 1264 2710 de-

89 2733 188 2812 smptus
220 2737 308 2798 nohis
338 2735 462 2798 ridetur.
497 2736 533 2797 ht
554 2735 708 2815 plerasque
730 2734 768 2796 in
782 2753 817 2796 co
839 2734 958 2796 easdem
979 2743 1064 2812 atque
1087 2734 1117 2795 in
1138 2734 1187 2794 illo
1209 2732 1263 2793 de-

89 2817 266 2892 prehendimus
289 2821 385 2882 bonas
407 2829 437 2882 et
457 2821 547 2882 malas
570 2819 721 2881 lectiones.

151 2904 271 2976 Quartus
295 2925 330 2967 ac
350 2905 468 2984 quintus
490 2905 581 2966 codex
606 2902 790 2966 Golbertinae
804 2910 851 2964 est
864 2900 1056 2963 bibliothecae
1077 2899 1265 2978 numerisque

91 2985 143 3050 000.
162 3001 188 3050 et
205 2994 300 3056 0271.
324 2990 439 3070 signati.
481 2988 635 3066 Antiquior
655 2995 751 3048 antem
773 2987 809 3048 ab
830 2986 914 3047 anuis
937 2975 1053 3046 circiter
1063 2984 1142 3045 DCC.
1166 2991 1195 3044 et
1216 3002 1266 3044 re·
1381 2981 1386 2990 “

91 3071 240 3164 epicenon
251 3083 321 3137 ante
332 3092 432 3138 annos.
441 3074 542 3136 CCCC.
555 3072 665 3151 scripto
685 3071 799 3132 videtur
820 3069 952 3132 traditus.
982 3068 1176 3166 bibliothecqe
1196 3085 1266 3166 vero

93 3151 323 3237 linqueremus
345 3159 380 3220 cl.
401 3159 446 3220 air
467 3157 588 3220 Carolus
610 3157 763 3218 lluchesne
784 3154 871 3216 nobis
893 3153 1043 3232 utriusque
1065 3153 1190 3226 codicis,
1218 3171 1266 3216 ru-

94 3235 160 3300 barte
174 3243 368 3342 illusuissimo
390 3243 492 3306 abbate
508 3241 661 3340 tlolherto,
684 3241 797 3320 copiam
818 3239 895 3338 lecit.
949 3323 982 3336 ..
1200 3322 1206 3335 .
1243 3321 1248 3336 ι

93 3325 788 3496 o,llttff²i,tlttl⁰¹,lllttttzdll‘tt
806 3322 1268 3510 lltttlljtltltl'tlt
1314 3443 1317 3456 ,

95 3489 1269 3660 ltlttthltdtlttbtttfldtd⁶ttdtltf⁶ttddbt

96 3669 244 3730 nmasterio
271 3667 477 3747 praepositus,
505 3666 642 3727 collectos
669 3664 795 3744 undique
816 3662 1044 3742 quamplurimos
1066 3660 1181 3722 codices
1202 3677 1267 3721 ma-

95 3750 232 3829 tuuiptos
253 3752 356 3814 eadem
378 3751 594 3830 subscriptione
615 3749 710 3812 notam
730 3749 831 3809 volarit.
874 3747 974 3828 Longe
996 3756 1090 3808 autem
1112 3742 1268 3804 recentiori

97 3845 161 3894 nanu
178 3846 290 3899 exarata
310 3844 378 3898 sunt
398 3837 470 3897 haec
491 3835 620 3897 subiecta
639 3832 825 3912 hpologctico
847 3831 944 3904 verba,
965 3847 1050 3910 quam
1072 3829 1136 3906 ipse
1155 3826 1268 3906 Apolo-

98 3915 181 3988 ltlima
199 3921 282 3995 liber,
305 3921 354 4000 qui
376 3924 446 3986 000.
468 3928 518 3981 aut
540 3923 609 3984 700.
631 3917 736 3980 abhinc
756 3916 840 3978 aunis
862 3916 988 3995 scriptus
1010 3919 1136 3992 apparet.
1169 3909 1267 3973 Varias

99 4007 170 4062 tuem
187 4006 246 4069 eius
268 4005 408 4068 lectiones
431 4021 545 4067 summa
566 4001 712 4081 diligentia
744 4009 774 4062 et
804 4000 840 4061 ad
862 3998 1030 4079 scrupulum
1051 4015 1143 4075 usque
1164 3996 1267 4058 decer-

102 4081 144 4154 psit
162 4089 192 4148 ad
221 4107 337 4170 nosque
357 4090 437 4152 misit
457 4107 533 4151 unus
555 4087 686 4151 eiusdem
707 4085 876 4147 monasterii
897 4082 1072 4155 monachus,
1105 4079 1188 4143 cuius
1209 4081 1267 4144 hu-

103 4169 200 4234 munti
218 4175 328 4255 gratias
349 4193 402 4236 nec
422 4174 557 4235 mimicas
578 4171 700 4254 quidem⁸
717 4169 868 4232 habemus.

161 4257 232 4320 llter
258 4259 351 4322 codex
376 4258 607 4337 manuscriptus,
634 4256 717 4318 euius
744 4253 888 4316 variantes
908 4251 944 4314 ab
965 4249 1051 4312 editis
1072 4248 1211 4312 lectiones
1232 4249 1269 4312 ad

101 4347 141 4426 ¹¹9⁸
159 4342 261 4434 ¹nicaeae
292 4351 373 4418 sunt,
401 4361 479 4406 unus
501 4360 536 4404 ex
556 4342 593 4403 iis
615 4348 675 4414 est,
702 4339 807 4420 quibus
830 4355 913 4399 suam
933 4333 1137 4434 bibliothecam
1157 4333 1268 4432 Romae

102 4413 178 4484 4¹¹³*st
194 4427 281 4490 abbas
302 4427 517 4490 iduetrissimus
538 4427 635 4490 iustus
657 4423 850 4496 Fontaninus,
878 4438 931 4482 sua
958 4427 1029 4481 satus
1056 4427 1144 4481 notus
1166 4419 1267 4480 erudi·

103 4499 162 4568 tione
188 4529 238 4575 nac
258 4531 276 4574 a
296 4513 382 4576 nohis
403 4529 530 4592 unquam
550 4511 615 4574 sine
636 4507 733 4572 debita
753 4506 838 4568 laude
861 4504 1065 4567 nominandus.
1108 4503 1192 4566 Hunc
1212 4521 1268 4564 au·

104 4587 147 4652 bo
162 4593 204 4658 illa
221 4599 349 4662 codicem
370 4596 599 4662 subministravit
618 4602 720 4658 nnstm
735 4589 854 4656 Claudio
869 4589 963 4666 herio,
985 4590 1044 4672 qui,
1066 4589 1133 4652 licet
1147 4586 1279 4652 maiori-·
