3020 5230
408 415 543 460 sacrans
562 409 607 458 ro.
631 413 694 458 stu.
716 413 840 458 sesnes.
877 383 889 396 ’

162 565 263 620 Tertull.
282 565 333 618 adr.
354 565 443 616 velent
563 583 567 586 ·
801 558 865 614 tren.
884 568 967 614 contra
986 563 1085 618 fleeces.

249 684 306 749 cip,
325 683 367 734 39.
940 717 946 729 .
999 718 1007 732 .

911 760 980 828 §.42

49 849 93 912 lle
115 851 183 930 ipso
198 849 255 912 iam
270 849 391 911 domino
407 850 476 910 lesu
492 857 600 929 quauta
693 841 808 930 Πολλὴ
839 842 874 910 dd
902 841 988 930 μάχη
1018 835 1102 928 παρ’
1126 837 1240 922 αὐτοῖς

12 935 166 996 liversitas
189 935 342 996 scinditur.
372 933 427 995 llic
449 953 488 996 eu
504 937 601 996 omni·
650 930 704 994 nul
720 929 798 1012 περὶ
812 928 1042 1016 τοῦΣωτῆρος.
1060 927 1092 992 ol
1106 925 1239 1014 μὲνγὰρ

13 1039 61 1080 rm
82 1037 213 1082 aeonum
226 1018 357 1080 llosculis
374 1035 440 1080 cum
456 1026 598 1080 constru-
652 1005 752 1078 αὐτὸν
778 1010 812 1078 ἐκ
837 1011 972 1078 πάντων
996 1017 1163 1098 γεγονέναι
1187 1012 1241 1096 λέψ,

13 1111 71 1172 int.
94 1103 137 1164 illi
159 1120 195 1163 ex
216 1103 289 1164 solis
310 1103 413 1164 decem
429 1102 600 1164 constitisse
651 1119 756 1182 γουσι.
784 1095 816 1162 ot
838 1097 874 1162 dl
894 1095 929 1163 ἐκ
976 1095 1060 1162 όνων
1081 1099 1147 1162 τῶν
1163 1096 1241 1162 δέκα

13 1185 210 1261 ueniendum,
240 1205 316 1266 quos
346 1185 451 1246 Sermo
482 1195 513 1247 ct
537 1185 601 1248 viu
650 1179 813 1261 Aleision,
843 1183 909 1246 τῶν
962 1179 1009 1246 πὸ
1039 1179 1156 1286 Λόγου
1185 1182 1240 1247 καλ

13 1269 208 1332 ›rotulorunt
241 1270 313 1332 lnde
329 1270 403 1332 etin
418 1269 515 1351 ipsum
531 1289 598 1330 ser·
651 1268 756 1352 Ζωῆς,
787 1264 1042 1352 προβεβλῆσθαι
1068 1263 1166 1332 αυτὸν
1187 1265 1241 1330 λέ-

13 1355 111 1416 nonis
132 1361 162 1414 et
182 1354 257 1416 vitae
277 1361 491 1416 concurrerunt
506 1354 599 1416 oculi:
650 1372 756 1435 γουσι.
769 1347 1004 1434 τάπρογονικὰ
1016 1344 1240 1433 desperaveritis)

16 1438 62 1500 sti
84 1457 120 1498 ex
141 1437 271 1512 Christo,
292 1439 392 1518 potius
414 1456 450 1499 ex
470 1437 600 1499 hominis
652 1431 865 1513 διασώζοντα.
897 1431 930 1498 οἱ
951 1435 987 1500 δὲ
1009 1433 1043 1499 ἐκ
1057 1437 1124 1499 τῶν
1147 1433 1242 1499 deua-

13 1529 39 1582 et
61 1522 204 1584 ecclesiae
228 1523 325 1597 loetu,
351 1523 477 1601 ideoque
502 1521 601 1603 filiurn
652 1515 874 1597 δύοΑἰώνων,
891 1519 957 1586 τῶν
973 1513 1242 1603 arcturaqu-

13 1607 141 1667 lominis
156 1605 257 1668 atomi
272 1607 515 1685 pronunciatum3
542 1605 600 1680 alii,

13 1710 22 1750 ι
42 1689 161 1750 Christo
184 1699 213 1750 et
227 1689 343 1769 spiritui
358 1699 460 1752 sancto
479 1701 601 1752 consto-

13 1773 178 1836 lilreudoe‘t
189 1773 374 1835 universitati
383 1774 513 1855 provisis
526 1789 602 1834 con-⁴

13 1858 122 1929 ictum,
139 1865 169 1918 et
184 1857 214 1918 in
230 1876 263 1918 se
278 1857 599 1938 paternaeappellatio-

13 1940 60 2000 ais
76 1939 244 2002 haeredem.
282 1941 357 2004 Sunt
371 1943 421 2022 qui
437 1941 527 2002 tilium
542 1941 601 2002 ho-

13 2023 103 2084 minis
134 2024 250 2086 aliunde
279 2026 469 2106 conceperint
497 2025 600 2087 dicen·

13 2109 101 2169 lum:
124 2126 289 2188 marronam
305 2111 402 2190 ipsum
416 2118 529 2189 patrem
545 2127 601 2189 pro

13 2211 120 2270 magno
142 2193 269 2254 nominis
295 2201 479 2256 sacramento
500 2194 600 2256 homi·

651 1604 786 1668 nonnul
801 1605 898 1688 Ζωῆς
911 1607 1102 1687 γενομένων,
1119 1603 1172 1668 καλ
1185 1597 1242 1667 διὰ

651 1687 749 1751 τοῦτο
775 1685 847 1752 υἱὸν
868 1683 1052 1772 ἀνθρώπου
1076 1682 1240 1788 ὁμολογεῖ,

653 1765 770 1848 denval
785 1764 951 1855 ἀπόγονον
963 1766 1177 1857 Ἄνθρωπον.
1208 1767 1242 1835 οἱ

653 1853 689 1920 δὲ
703 1849 771 1919 ὑπὸ
786 1857 846 1920 τοῦ
860 1857 1078 1940 Χριστοιὶκαλ
1094 1857 1152 1920 τοῦ
1168 1849 1242 1937 ayt-

653 1961 691 2003 ov
713 1937 909 2022 Πνεύματος
931 1938 977 2016 εἰς
1000 1937 1162 2086 στήριγμα
1181 1937 1241 2002 τοῦ

652 2022 873 2108 πληρώματος
901 2027 1068 2108 γεγονέναι
1111 2028 1241 2107 έγοοσιν

652 2101 762 2186 αὐτὸν,
778 2109 832 2172 καὶ
849 2105 906 2172 διὰ
920 2105 1173 2193 τοῦτοΧριστὸν
1189 2105 1242 2170 λέ·
1299 2189 1301 2195 ,

651 2196 774 2277 γεσθαι
790 2185 897 2270 αὐτὸν,
913 2189 973 2277 τὴν
988 2193 1046 2256 τοῦ
1057 2187 1243 2274 Πατρὸς-

13 2295 80 2336 nem
97 2277 262 2357 appellasse
276 2278 520 2359 praesumserint
653 2274 858 2356 διασώζοντα
884 2279 1113 2381 προςργορίαν.
1146 2270 1244 2339 ἄλλοι

653 2358 690 2425 δέ
715 2395 754 2405 -
781 2360 868 2437 τινὲς
893 2357 929 2438 ἒξ
952 2362 1060 2426 αοτῶν
1086 2357 1242 2443 ῥαψιοδολ

651 2440 711 2509 τὸν
736 2441 949 2530 προπάτορα,
972 2477 1012 2491 -
1035 2441 1242 2528 ’Ἄνθρωπον

641 2526 786 2611 ’λέγουσι
800 2528 995 2593 καλεῖσθαι·
1016 2529 1070 2592 καὶ
1086 2519 1177 2592 τοῦτ’
1196 2517 1244 2589 ελ-

654 2635 710 2674 ναι
730 2609 769 2675 τὸ
792 2616 875 2714 μέγα
895 2613 949 2676 καὶ
973 2605 1166 2714 ἀπόκρυφον
1174 2631 1243 2709 μο-

654 2691 797 2780 στήριον,
815 2689 901 2778 ὃτιὴ
917 2689 1001 2796 ὑπὲρ
1016 2691 1059 2758 τὰ
1071 2690 1133 2756 dio
1145 2690 1244 2792 dusa—

647 2799 719 2881 μις,
741 2777 1004 2860 sainsorensium
1026 2778 1092 2840 τῶν
1107 2797 1243 2839 παντων

653 2861 854 2944 Ανθρωπος
878 2860 1036 2926 καλεῖται.

438 3039 445 3046 ’
564 3081 594 3154 s.
617 3076 694 3138 xru.

101 3193 156 3254 llic
178 3191 376 3254 Tertullianus
405 3191 472 3252 libri
501 3191 643 3254 adversus
667 3193 887 3256 Valentinianos
915 3194 1004 3256 linem
1028 3195 1072 3254 sic
1092 3191 1175 3254 iecit:
1197 3192 1245 3272 {nt

15 3279 88 3359 puid
116 3275 246 3357 emplius
275 3295 379 3357 speres
407 3278 443 3338 de
471 3279 535 3338 eius
558 3275 617 3339 nes
635 3277 711 3358 fide,
738 3282 789 3339 cui
808 3296 889 3340 nosne
910 3275 1115 3359 adaequeris?
1162 3275 1245 3338 Telis

16 3365 137 3440 inperio
166 3361 413 3441 superfruticant
440 3361 523 3440 opud
549 3360 621 3423 illos
650 3381 688 3424 ee
708 3366 855 3424 materiae
877 3366 999 3424 seminis
1023 3361 1243 3424 redundantis:

16 3457 106 3526 etque
127 3449 171 3506 ito
192 3443 403 3506 insolescentes
431 3445 587 3507 doetrinae
613 3444 895 3508 Valentinianorum
916 3451 948 3507 in
971 3445 1065 3508 silvas
1089 3451 1148 3507 tom
1171 3463 1245 3506 euo-

16 3530 161 3590 leoernnt
182 3527 404 3591 Gnosticorum.
455 3527 487 3588 ln
509 3528 633 3590 irenaeo
661 3537 757 3592 autem
781 3545 845 3610 cap.
870 3532 917 3594 13.
941 3529 1075 3609 sequitur
1097 3529 1133 3589 de
1156 3525 1244 3589 ilorci

16 3611 185 3691 praestigiis
208 3612 295 3691 longa
316 3612 462 3685 tractatio,
484 3613 568 3673 cuius
591 3631 646 3676 nec
666 3613 822 3692 vestigium
845 3631 901 3674 nec
921 3614 986 3674 sola
1009 3613 1039 3673 in
1062 3610 1244 3672 Tertulliano

17 3694 181 3772 reperitur,
210 3695 261 3774 qui
283 3703 382 3756 tamen
404 3695 452 3756 illa
473 3694 588 3756 lrenaei
611 3713 731 3758 sursum
754 3697 911 3767 deorsum,
937 3705 972 3757 ut
992 3695 1117 3764 dicitur,
1140 3711 1244 3754 versa·

17 3786 109 3838 verat
154 3778 299 3855 Superest
327 3786 423 3838 autem
451 3795 522 3856 pars
551 3796 612 3838 non
640 3779 742 3858 exigua
766 3797 800 3840 er
824 3777 881 3840 isto
905 3777 1016 3839 lrenaei
1037 3777 1114 3838 libro
1136 3775 1244 3856 primo,

16 3859 120 3923 indes
143 3859 237 3936 capite
258 3862 321 3931 23„
344 3860 423 3938 quod
445 3861 483 3920 de
504 3859 629 3921 Simone
647 3861 731 3940 Mago
754 3869 785 3922 et
799 3861 959 3923 Menandro
983 3861 1103 3940 exponit
1125 3867 1191 3932 eto,
1214 3857 1245 3919 in

16 3942 72 4004 illo
95 3941 268 4002 Tertulliani
296 3941 372 4002 libro
399 3941 436 4003 de
463 3941 749 4022 Praescriptionibns
778 3945 1017 4019 naereticorum,
1046 3944 1089 4006 sic
1116 3941 1245 4021 quidem,

18 4033 136 4089 utnon
157 4025 218 4086 sint
240 4025 365 4088 obscura
386 4025 511 4104 vestigia
533 4025 648 4088 disiecti
671 4027 839 4108 corpusculi
862 4037 947 4108 etque
970 4027 1000 4088 in
1023 4027 1108 4088 aliam
1136 4027 1246 4087 seriem

18 4109 137 4172 dindsi.
181 4109 253 4181 Hic,
279 4118 312 4171 ut
333 4109 364 4171 in
385 4109 433 4170 illa
456 4109 598 4189 temporis
620 4112 745 4190 penuria
767 4111 850 4186 licet,
879 4111 1007 4172 breviter
1029 4117 1142 4171 tantum
1166 4109 1245 4170 indi-

19 4194 153 4337 cagirlnus
182 4193 331 4274 diligentis
361 4201 391 4256 et
416 4193 568 4256 studiosae
593 4193 765 4276 scriptionis
788 4195 866 4257 illam
887 4195 1054 4274 ambiguam
1073 4197 1106 4254 ‘et
1127 4191 1246 4254 dubiam

19 4296 52 4338 m
75 4293 161 4338 oens.

54 4492 79 4540 p.
97 4479 156 4526 suite
174 4483 236 4526 extet
254 4476 604 4539 inmlpotis'lertullisniedi·
657 4479 711 4530 dam
744 4478 865 4530 omisisse.
899 4473 954 4528 Καὶ
984 4477 1067 4540 ζωῆς,
1095 4495 1125 4530 ιο
1153 4480 1244 4530 minine

21 4543 126 4592 tionibus
135 4557 142 4607 ;
169 4543 284 4607 lligsltius
310 4544 420 4610 reposuit
448 4547 520 4598 aiunt.
557 4547 606 4598 Sed
658 4553 679 4597 et
697 4550 752 4596 riis.

19 4609 184 4662 uomiturus
215 4611 308 4663 ridetur
337 4613 377 4664 tric
405 4627 492 4679 gnere
523 4627 599 4679 quse·
687 4627 711 4680 q.
728 4605 877 4682 στήριγμα.
