3092 5234
269 353 331 416 oto
353 369 390 412 ns
406 369 480 410 rnna
492 368 606 410 saraae
620 367 656 409 ac
672 367 817 410 nocrauu
833 365 1018 410 scarraonorr
1033 365 1233 408 amrunnrrru
1248 365 1430 408 nmrnrarro

193 537 195 542 ·
273 519 380 580 stiuam
409 517 592 596 gravioribus
620 514 733 576 delictis
762 513 931 586 rediissent,
967 513 1143 594 interposita
1170 515 1356 594 poenitentia
1385 515 1493 576 renim

271 602 490 663 malefactorum
523 601 623 660 abeo
652 599 818 677 impetrare,
847 597 925 676 quod
949 597 1062 669 neubi,
1093 617 1130 660 ue
1151 598 1348 660 bloutauislae
1371 599 1495 678 quiden.

272 685 425 764 negabant.
454 703 528 763 qnos
557 683 655 763 potius
678 689 794 744 constat
815 681 910 761 ipsam
933 677 1165 764 ἐξομολόγησιν
1194 702 1210 742 a
1232 682 1293 743 reis
1316 683 1494 762 postulasse

273 769 324 830 sed
348 789 411 829 earn
434 769 551 848 quidem
575 785 635 827 non
666 765 716 836 ita,
750 775 782 826 ut
809 768 992 845 impetraret,
1026 765 1076 844 qui
1103 775 1281 844 peccaverat,
1320 765 1444 828 reniam
1469 767 1494 826 al

271 852 401 913 Ecclesia
431 861 460 912 et
487 850 704 912 coniunctionis
733 869 799 910 curn
827 849 874 910 illa
902 849 1130 922 restitutionem,
1168 849 1220 910 sed
1248 859 1279 910 ut
1308 850 1494 912 incitarentn·

271 936 358 1016 probi
386 936 422 996 ad
445 934 668 1015 supplicandum
690 934 762 1004 lieo,
792 941 825 994 ut
851 934 920 994 huic
947 933 1093 1012 peccatori
1117 933 1233 994 taudem
1262 932 1429 1012 aliquando
1454 954 1493 994 re·

272 1021 351 1080 niam
379 1021 562 1080 concederet.
608 1019 665 1080 Sed
695 1017 765 1078 illud
792 1017 987 1096 quaerebatur
1013 1016 1129 1096 potius:
1167 1017 1307 1078 liceretne
1337 1017 1493 1078 Ecclesiae

272 1122 415 1184 usurpare
438 1112 624 1183 potestatem,
654 1121 710 1180 qua
737 1120 770 1162 se
803 1118 863 1160 non
891 1101 1060 1162 destitutam
1089 1101 1174 1162 etiarn
1196 1101 1261 1180 ipsa
1283 1101 1430 1170 sentiret,
1456 1123 1493 1162 re·

272 1187 398 1268 cipiendl
422 1187 573 1248 seiunctos
595 1205 610 1246 a
634 1185 774 1246 societate
797 1204 850 1245 sua
872 1192 1054 1263 peccatores,
1083 1183 1114 1244 in
1135 1184 1292 1246 amicitiam
1316 1193 1456 1246 veterem
1475 1201 1494 1244 rr

273 1272 511 1330 communionem
534 1288 703 1342 sacrorum3
736 1269 816 1347 quod
837 1268 1033 1330 lllontanistae
1065 1267 1104 1329 ila
1127 1269 1271 1346 negabant
1292 1269 1363 1330 lieri
1387 1269 1494 1335 debere,

273 1355 326 1414 sed
350 1354 511 1416 Ortbodoxi
541 1353 580 1413 ita
607 1371 699 1432 posse
727 1352 791 1412 lieri
819 1351 945 1414 aiebant.
1001 1351 1083 1412 Hanc
1110 1351 1200 1429 igitur
1227 1351 1384 1414 licentiam
1416 1374 1493 1414 usur-

272 1446 369 1516 patam
391 1438 427 1498 ab
451 1437 631 1498 orthodoxis
654 1434 852 1496 Tertullianus
884 1436 914 1496 in
942 1433 1019 1496 libro
1048 1455 1101 1507 eo,
1137 1435 1187 1514 qui
1216 1443 1263 1496 cst
1284 1435 1323 1496 de
1347 1437 1487 1498 Pudicio'a

269 1521 461 1582 vehementer
484 1521 618 1599 salseque
642 1520 776 1596 exagitat,
792 1515 860 1580 'sed
890 1518 1016 1584 induro
1040 1520 1077 1579 de
1097 1519 1283 1580 Poenitentia
1306 1539 1414 1599 neque
1435 1541 1493 1582 oon·

272 1605 369 1664 lirmat
391 1625 485 1684 neque
506 1606 657 1683 impugnat
678 1603 776 1674 etiam,
799 1603 851 1663 sed
875 1603 911 1662 de
934 1603 981 1663 illa
994 1603 1076 1662 venia
1091 1602 1230 1681 loquitur,
1254 1603 1405 1682 adquam
1423 1607 1493 1665 etiae

272 1687 321 1758 iis,
344 1688 393 1766 qui
416 1689 549 1750 immersi
571 1695 675 1748 essent
694 1685 876 1764 gravissimis
899 1685 1026 1763 flagitiis,
1049 1687 1125 1763 apud
1147 1687 1257 1758 Deum,
1280 1687 1307 1746 si
1331 1688 1374 1747 ad
1400 1688 1491 1748 boum

272 1780 401 1832 mentem
423 1773 591 1842 rediissent,
621 1770 718 1832 aditus
746 1787 806 1830 non
837 1778 918 1830 esset
946 1770 1114 1848 impeditus.
1160 1770 1200 1830 Ex
1228 1789 1286 1847 quo
1318 1773 1418 1833 etiarn
1440 1774 1493 1834 illul

273 1855 406 1926 edicitur,
430 1875 491 1916 non
513 1873 652 1916 revocare
673 1853 886 1914 Tertullianum
914 1853 945 1914 in
973 1852 1050 1914 libro
1073 1853 1110 1914 de
1132 1852 1272 1914 Pudicitia
1296 1853 1338 1926 in,
1373 1857 1454 1934 qnod
1475 1859 1492 1916 ir

272 1938 413 2015 singulari
440 1940 539 2000 libello
569 1938 808 1999 orthodoxorum
847 1937 917 1997 olim
953 1936 1116 1998 sententiae
1148 1937 1279 1998 addictus
1317 1940 1492 2019 scripsisset

273 2022 325 2082 sed
361 2023 434 2083 nihil
466 2043 544 2084 nunc
577 2024 685 2083 latetur
721 2021 779 2082 nisi
809 2039 841 2081 se
870 2020 955 2081 aliter
983 2020 1094 2082 sentire
1122 2021 1159 2080 de
1188 2021 1244 2081 ista
1266 2022 1357 2083 venia
1383 2043 1401 2083 a
1424 2039 1493 2084 coru

272 2125 356 2166 sacro
380 2107 575 2179 concedenda,
599 2124 685 2184 quarn
709 2105 778 2165 olim
801 2104 878 2165 inter
901 2105 1092 2172 Ortbodoxos
1120 2123 1180 2164 non
1208 2104 1327 2182 quidem
1362 2110 1492 2186 scripsis

273 2199 329 2260 set,
352 2191 405 2250 sed
427 2193 573 2252 sensisset
597 2198 703 2250 molen.
748 2188 825 2260 Ouid
849 2207 919 2266 ergo
942 2185 1011 2248 est?
1048 2187 1299 2248 Tertullianumne
1328 2201 1493 2268 putaremus

272 2271 350 2331 hunc
371 2273 478 2334 librum
501 2273 530 2332 in
546 2273 742 2333 lllontauismo
766 2269 946 2350 scripsisse?
975 2271 1076 2349 Neque
1098 2271 1264 2332 hooaudeo
1286 2273 1406 2335 dicere.
1436 2277 1493 2336 Nea

273 2356 391 2415 tametsi
413 2355 617 2433 peccatoribus
640 2356 675 2416 ad
698 2355 854 2435 pristinam
876 2373 1000 2432 eamque
1014 2373 1183 2433 perversam
1200 2355 1286 2416 vitam
1304 2358 1491 2420 redeuntibu·

273 2456 332 2498 non
356 2439 414 2500 nisi
438 2459 524 2500 unam
549 2458 671 2517 eamque
693 2439 825 2500 ultimam
848 2457 931 2517 spem
954 2439 1055 2500 veniae
1082 2437 1159 2516 apud
1181 2439 1273 2500 Deum
1295 2441 1491 2520 impetrandae

272 2520 405 2598 polliceri
427 2523 558 2584 videatur
580 2527 617 2594 (c.
640 2525 670 2588 8.
692 2542 722 2602 p.
750 2527 818 2585 145.
834 2525 867 2582 Α.
885 2521 947 2596 (1.),
970 2532 1066 2584 tamen
1090 2530 1120 2582 et
1142 2522 1171 2584 in
1194 2541 1227 2584 ea
1249 2541 1283 2584 re
1307 2525 1389 2586 nihil
1412 2528 1490 2588 doec

273 2605 351 2681 quod
374 2608 528 2686 proprium
550 2607 641 2668 luisse
664 2606 794 2683 legamus
809 2605 1064 2678 Montanistarom‚
1088 2606 1140 2666 sed
1163 2607 1241 2684 quod
1266 2608 1360 2670 ctiam
1386 2613 1424 2672 ab
1442 2613 1491 2670 alb

273 2689 515 2752 Ortbodoxorom
548 2691 735 2752 vehementer
778 2699 992 2769 propugnatum
1031 2708 1098 2750 esse
1136 2689 1359 2754 inveniamnsr:
1398 2697 1491 2755 nullan

255 2790 355 2849 spem
378 2795 446 2835 esse
470 2775 573 2836 salutis
598 2774 645 2845 iis,
669 2775 717 2851 qui
740 2781 811 2851 post
839 2782 1009 2852 susceptum
1037 2773 1217 2850 baptismum
1246 2775 1359 2836 iterum
1385 2781 1489 2856 gratius

272 2863 302 2914 et
316 2857 351 2916 ad
373 2859 514 2919 iacturam
536 2877 621 2918 verae
644 2856 761 2934 pietatis
785 2865 966 2935 peccassent,
993 2857 1070 2935 quod
1095 2858 1254 2934 pessimam
1276 2858 1424 2938 baptismi
1446 2864 1490 2922 dil·

273 2939 384 3000 lerendi
421 2941 666 3008 consuetudinem
699 2940 729 3000 in
759 2940 920 3000 Ecclesiam
954 2951 1057 3018 postea
1084 2941 1198 3013 intulit;
1235 2949 1266 3002 et
1294 2963 1378 3021 quae
1402 2948 1490 3006 dunin

158 3068 163 3078 .
270 3015 386 3085 locutus
408 3044 476 3086 esse
498 3024 589 3084 videri
611 3031 737 3103 poterat.
766 3023 830 3102 ipse
859 3023 906 3084 his
934 3024 1030 3084 verbis
1059 3023 1198 3086 subiectis
1220 3025 1352 3104 mitigat:
1400 3031 1491 3092 Versa

272 3124 334 3166 reon
370 3113 474 3171 stetim
510 3109 706 3170 sreccideadus
740 3127 775 3167 oc
808 3109 1000 3168 sarbruenrlus
1039 3120 1085 3170 est
1125 3113 1242 3170 darmite
1275 3111 1491 3191 desperatione.

273 3187 371 3258 Quare
403 3191 438 3251 ad
475 3209 561 3268 quana
594 3191 639 3250 vel
667 3197 791 3250 aetatem
821 3190 865 3250 vel
894 3191 1057 3251 doctrinam
1086 3189 1134 3250 bic
1154 3191 1229 3252 liber
1249 3193 1434 3266 referendus
1456 3199 1490 3256 sit

272 3291 338 3332 cnm
361 3273 433 3333 aliae
456 3273 498 3333 rei
520 3273 700 3334 dirimendae
722 3273 753 3332 in
779 3273 840 3334 boc
866 3273 941 3334 libro
975 3274 1204 3352 significationes
1227 3292 1289 3334 non
1312 3289 1430 3350 extent,
1457 3297 1490 3336 nr

272 3355 390 3434 quidem
411 3375 536 3434 prorsus
559 3358 671 3417 nescire
693 3357 845 3434 profiteor.

816 3657 846 3730 s.
869 3653 954 3714 xcv.

355 3785 450 3863 Atque
472 3785 559 3846 eliam
582 3785 651 3846 illud
675 3805 734 3846 non
757 3805 805 3847 me
827 3788 910 3848 lateri
942 3787 1032 3866 pudet
1059 3789 1096 3848 de
1118 3788 1205 3858 libro,
1234 3805 1326 3865 quern
1355 3791 1490 3850 adversm

270 3868 395 3929 ludaeos
418 3869 606 3947 conscripsit.
650 3869 682 3930 ln
706 3890 765 3948 quo
788 3871 859 3930 nihil
883 3879 937 3942 est,
961 3873 1038 3950 quod
1059 3870 1187 3932 blonlani
1210 3870 1340 3948 ineptias
1366 3885 1490 3951 saperet:

272 3951 323 4012 sed
352 3969 447 4030 neque
476 3953 545 4013 illud
568 3953 791 4014 admirationem
821 3955 924 4026 babet;
952 3954 1031 4014 nulla
1060 3955 1139 4014 anina
1166 3955 1228 4014 lere
1256 3953 1356 4016 extitit
1382 3957 1490 4018 'rem

269 4033 348 4094 liano
377 4035 408 4095 in
437 4037 495 4095 boc
520 4036 597 4096 libro
631 4037 731 4098 talium
765 4037 1088 4098 commemorandarum
1120 4038 1341 4116 opportunitas.
1409 4043 1491 4113 Quin

271 4116 343 4176 illud
364 4125 411 4176 est
433 4118 599 4188 ridendum,
623 4128 759 4180 utrumne
782 4119 821 4178 ibi
844 4121 938 4197 aliqua
960 4121 1126 4198 reperiatur
1148 4121 1290 4198 temporis
1306 4123 1489 4200 significatis

271 4197 308 4256 Et
330 4217 363 4258 ea
385 4208 432 4260 est
453 4201 570 4278 quidem
593 4201 776 4262 subobscura
806 4203 835 4262 in
864 4203 980 4264 duobus
1008 4203 1093 4264 locis.
1158 4204 1255 4264 Prima
1278 4223 1304 4264 c.
1331 4210 1363 4266 7.
1392 4209 1487 4285 inqu

225 4285 228 4292 '
271 4281 312 4356 (p.
335 4284 407 4343 212.
430 4283 477 4358 D.)
501 4285 723 4348 Britannorum
751 4292 902 4348 irroccosse
933 4285 1076 4348 llomoar's
1111 4288 1176 4348 loco
1209 4302 1443 4359 commemorat,
1473 4301 1492 4348 rt

305 4477 329 4527 p.
353 4465 408 4514 Vide
428 4467 528 4515 Hermae
548 4469 670 4519 Pastorem
690 4471 798 4519 blandito
818 4471 852 4518 lt.
906 4487 928 4534 p.
947 4470 997 4520 eoo
1020 4486 1058 4534 eq.
1087 4479 1111 4522 et
1138 4471 1190 4521 loca
1218 4471 1250 4520 iti
1280 4487 1293 4520 ι
1324 4474 1445 4527 Fabricio
1470 4477 1495 4522 tl·

269 4529 295 4580 lo
330 4531 432 4581 Fabricii
463 4537 611 4598 apocryphis
646 4537 674 4586 Ν.
702 4539 729 4586 Τ.
765 4538 792 4586 Τ.
812 4537 853 4586 lll.
907 4545 963 4586 tata.
1024 4593 1030 4601 ¹
