3126 5250
483 395 616 440 naerens
628 395 701 444 ma·
719 395 756 440 aa
777 387 904 442 noema.
1239 382 1300 448 lbi

171 543 261 606 Recte
289 563 360 624 ergo
388 545 457 608 inde
484 547 631 622 concludit
652 547 863 610 Tertullianus:
900 547 1065 611 Daemones
1090 549 1242 614 Christum
1265 556 1305 614 ti-

104 641 197 692 neates
219 633 253 690 in
274 629 338 692 deo
360 641 389 693 et
409 630 504 693 Desara
525 638 558 694 in
581 631 700 695 Gbriata
723 631 926 695 sobia'ar'untur
947 638 1045 696 servis
1070 634 1128 697 Dei
1147 647 1176 698 et
1192 635 1306 699 Cbrr'ati

101 714 267 789 (fertulban.
289 715 442 794 Apologet.
465 735 528 796 cap.
552 720 628 791 aaa.
672 716 732 778 Sed
753 718 903 796 quomodo
925 737 978 780 eos
1001 718 1166 782 timebant?
1192 729 1228 784 ut
1249 741 1304 792 aar

101 819 182 880 pan,
211 799 318 879 inquit,
348 805 432 863 servi
456 813 536 865 meta
563 801 649 873 (lbid.
670 820 734 881 cap.
758 805 835 878 lb),
869 803 1117 882 quemadmodum
1146 803 1177 864 in
1196 823 1302 874 manu·
1330 809 1335 817 “

100 883 204 963 scriptis
227 884 341 945 nostris
364 885 515 948 codicibus
537 886 672 965 legimus.
701 887 805 948 Servili
827 887 916 966 igitur
933 888 1038 949 timore
1054 888 1204 950 Christum
1219 889 1302 952 eius-

98 987 143 1047 que
164 969 326 1048 discipulos
348 970 532 1032 metuebant:
569 971 607 1036 lta
630 974 737 1044 odeum,
768 974 865 1054 pergit
886 973 945 1047 ibe,
981 977 1071 1034 tinor
1092 970 1199 1054 spirat,
1230 979 1302 1052 siae,

96 1053 178 1114 nteit
197 1053 364 1127 llinutius,¹
392 1056 491 1118 odim
522 1059 625 1118 nostri
656 1067 764 1119 remant
795 1051 917 1119 oeculte'
931 1075 991 1138 per
1020 1062 1156 1120 tiatorem
1188 1059 1302 1128 (llinut.

97 1137 186 1198 (laer.
207 1155 238 1218 ρ.
262 1141 358 1214 255.).
403 1139 568 1202 Daemones
590 1141 688 1220 itaque
710 1149 739 1203 et
760 1142 885 1204 subiecti
908 1141 1175 1204 eranthristianis
1199 1150 1228 1204 et
1249 1159 1302 1205 eos

96 1221 173 1284 etiam
194 1221 339 1285 timebant
369 1231 454 1304 atque
487 1225 596 1288 idcirco
620 1227 752 1288 oderant.
797 1223 906 1300 Quidni
929 1224 1091 1290 timerent?
1116 1228 1302 1306 quandoqui-

96 1307 152 1368 dem
180 1308 215 1368 ab
245 1307 304 1369 illis
335 1311 525 1390 sudiprrntur,
555 1311 610 1372 ait·
623 1312 717 1372 adhuc
738 1321 840 1372 auctor
860 1319 973 1384 noster,
997 1323 1024 1373 et
1048 1314 1213 1375 conditioni
1231 1332 1304 1374 suae

96 1395 251 1462 noetiani,
280 1403 310 1455 et
338 1411 411 1476 quaa
440 1395 474 1457 de
503 1395 663 1476 longinquo
693 1407 875 1477 oppugnant,
909 1397 943 1458 de
967 1401 1110 1478 prosena
1143 1397 1304 1459 obsecrant

95 1477 268 1547 (tertullian.
291 1477 362 1539 ibid.
385 1497 448 1558 cap.
471 1482 545 1557 23).
590 1479 676 1560 Atqui
704 1481 731 1541 si
758 1499 812 1542 eos
835 1481 1002 1546 obsecrant.
1030 1481 1144 1553 timent,
1176 1483 1302 1542 odemnt

93 1561 178 1642 iisque
205 1563 415 1637 subiiciuntnr,
444 1582 514 1642 ergo
536 1564 573 1626 ab
596 1563 653 1626 iliis
685 1565 810 1626 adiurati
837 1583 898 1626 non
921 1565 1137 1628 mentiebantur
1158 1567 1301 1646 profecto,

94 1647 219 1708 sedtum
241 1666 321 1720 vere,
345 1648 421 1709 sicut
442 1648 499 1710 iam
522 1649 659 1723 diximus,
688 1649 855 1711 fatebantur
876 1669 909 1712 sa
930 1667 1031 1712 revera
1054 1669 1120 1712 esse
1142 1652 1301 1712 daemonas

93 1739 120 1791 et
143 1733 310 1812 neutiquam
338 1733 412 1794 deos
440 1751 474 1795 ac
504 1751 595 1795 unum
618 1735 767 1796 dumtaxat
788 1753 856 1796 esse
878 1733 981 1798 [teum.
1025 1735 1098 1796 Tam
1119 1755 1188 1797 aera
1209 1753 1301 1816 porro

94 1815 137 1876 illa
157 1817 312 1892 confessio,
336 1827 393 1879 tam
415 1819 573 1898 publicum,
602 1819 696 1898 inquit
716 1819 825 1882 ductor
846 1827 957 1893 noster,
987 1820 1189 1882 testimonium
1212 1821 1300 1882 Chri·

90 1901 200 1962 stianas
220 1904 314 1963 facere
336 1903 459 1975 solebat,
487 1921 521 1964 ac
542 1903 727 1965 Christianae
747 1904 900 1984 religionis
923 1905 1054 1966 stabilire
1077 1913 1106 1966 et
1127 1906 1302 1966 confirmare

95 1986 234 2048 veritatem
259 1987 367 2065 (ibid).
412 1988 469 2048 Sed
493 1989 529 2049 de
557 1989 604 2050 bis
635 1990 749 2068 egimus
770 1989 802 2050 in
824 1988 1029 2070 superioribus
1052 1990 1163 2052 nostris
1186 1990 1300 2052 disser-

94 2069 242 2134 tationibus
267 2073 434 2145 (dissertat.
458 2073 487 2134 in
510 2073 611 2135 llinnt.
634 2077 760 2154 cap.20.
776 2074 836 2136 Art.
849 2077 878 2138 3.
901 2075 932 2135 in
946 2074 1056 2136 Arnob.
1079 2091 1143 2153 cap.
1158 2077 1188 2139 3.
1204 2075 1265 2136 brt.
1277 2075 1300 2136 l.

94 2153 127 2299 iAnr
139 2155 267 2218 Laetant.
290 2175 353 2236 cap.
376 2159 406 2221 9.
428 2159 489 2219 xrt
512 2161 542 2221 2.
565 2175 629 2238 cap.
654 2162 702 2224 lo.
725 2161 787 2221 Art.
812 2164 839 2222 1.
862 2175 925 2238 cap.
948 2162 1000 2224 20.
1022 2161 1084 2220 Art.
1109 2163 1138 2223 7.
1163 2177 1226 2240 cap.
1248 2161 1299 2224 33

167 2329 201 2387 lt
228 2345 291 2388 nos
319 2327 376 2387 iam
405 2327 440 2388 ad
468 2326 522 2388 alia
551 2327 638 2390 solito
667 2345 751 2389 more
779 2327 958 2406 explananda
981 2337 1173 2410 properantes
1196 2328 1301 2407 aliquis

101 2409 203 2473 forsitan
231 2409 398 2473 retardabit
425 2419 454 2472 et
482 2431 498 2472 a
526 2411 614 2473 nobis
643 2412 840 2474 sciscitabitur
867 2431 920 2474 aur
940 2414 1049 2474 Auctor
1070 2421 1174 2476 noster
1194 2412 1302 2474 dixerit

105 2493 234 2560 bmoaes
269 2497 306 2558 od
332 2497 478 2558 malitiam
504 2499 750 2577 praedamnatos,
783 2505 813 2557 et
840 2505 944 2576 postea
977 2497 1116 2559 adiecerit
1143 2499 1301 2578 desperata

106 2583 206 2645 cratitio
230 2599 341 2644 eoram
362 2598 400 2643 ea·
418 2584 687 2663 praedamnatione
708 2583 851 2644 solatiam
872 2593 995 2662 reputat
1015 2583 1165 2661 sistendae
1179 2587 1303 2645 interim

103 2665 279 2745 mtr'paitata's
302 2667 337 2727 de
355 2683 470 2747 poenae
490 2683 578 2728 naoro
600 2665 734 2741 (Tertull.
749 2666 901 2745 ftpologet.
917 2684 980 2744 cap.
992 2669 1043 2729 22.
1059 2666 1133 2726 lbid.
1150 2684 1212 2746 aap.
1225 2669 1300 2743 22).

101 2747 229 2820 Quaenam
266 2757 321 2822 est,
350 2749 462 2830 inquiet
488 2751 548 2822 ilie,
577 2751 649 2812 haee
676 2751 852 2812 daemonum
881 2751 1102 2829 praedamnatis
1130 2759 1161 2811 et
1187 2768 1301 2829 poenae

97 2849 162 2896 mora
188 2855 222 2898 aa
251 2835 402 2915 quodnam
431 2835 571 2897 fruendae
599 2835 787 2914 malignitatis
817 2832 980 2896 solatium?
1022 2833 1095 2895 Nam
1124 2834 1202 2895 idem
1234 2835 1299 2913 ipse

96 2916 281 2983 fontianus
313 2937 373 2981 non
401 2921 499 2982 minus
526 2920 691 2999 perspicue,
725 2921 767 2981 uti
800 2917 977 2990 monuimus,
1012 2919 1124 2980 dixerat
1145 2937 1181 2980 ax
1203 2917 1301 2980 Sacris

95 3003 237 3084 Soiptnris
272 3005 368 3082 colligi
395 3005 571 3066 daemonum
600 3011 715 3083 gentem
743 3021 810 3065 mm
839 3004 885 3065 sui
924 3003 1040 3083 generis
1067 3003 1235 3065 auctoribus
1267 3023 1301 3064 aa

91 3089 208 3170 principe
230 3107 384 3152 essenon
406 3089 522 3169 quidem
544 3090 792 3168 praedamnatam,
816 3088 868 3149 sed
890 3087 1025 3149 absolute
1046 3088 1221 3149 damnatam.
1264 3088 1301 3150 At

93 3176 210 3250 quamvis
241 3183 324 3236 certa
352 3175 391 3235 sit
418 3177 594 3237 daemonum
616 3174 774 3247 damnatio,
801 3191 862 3234 non
884 3174 915 3234 bi
937 3183 1035 3234 tamen
1057 3173 1172 3234 debitas
1195 3189 1299 3235 omnes

92 3259 239 3322 sceleribus
266 3259 328 3320 suis
349 3277 460 3339 poenas
482 3260 575 3320 luunt.
619 3255 735 3320 Etenim
756 3259 786 3319 in
809 3258 884 3338 ipsis
906 3258 993 3319 etiam
1015 3257 1114 3319 Sacris
1138 3257 1300 3338 Scripturis
1385 3303 1389 3310 .

90 3341 195 3406 insisto
217 3343 343 3406 domino
358 3343 553 3424 exprobrasse
567 3343 719 3406 dicuntur:
746 3343 858 3407 Venisti
871 3343 927 3405 bue
941 3353 1012 3405 ante
1027 3355 1140 3424 ternpus
1157 3355 1300 3424 torquere

91 3443 139 3488 nas
159 3431 275 3502 (llattb.
297 3445 359 3508 rap.
382 3429 455 3490 Vlll.
477 3448 506 3491 a.
530 3431 604 3506 aa).
636 3428 695 3489 Sed
718 3429 791 3490 baec
811 3427 992 3508 Augustinus
1014 3445 1048 3489 ex
1070 3427 1150 3489 Petri
1172 3427 1299 3507 apostoli

90 3514 202 3590 epistola
224 3514 336 3576 alarius
358 3514 509 3593 exposuit:
531 3513 672 3576 Peceosse
694 3514 837 3596 quondm
858 3513 990 3592 angelos,
1012 3513 1114 3592 inquit,
1136 3523 1167 3575 et
1188 3518 1221 3575 in
1244 3513 1301 3574 iu-

92 3599 131 3657 r'ar
150 3601 259 3662 madi
279 3604 336 3660 imo
358 3601 507 3671 detrusos,
536 3603 589 3680 qni
609 3604 650 3661 eia
673 3597 754 3661 neiat
776 3615 882 3660 career
903 3609 956 3668 est,
979 3613 1072 3677 usqae
1101 3598 1301 3676 adfuissem

92 3684 118 3742 fn
146 3687 190 3746 die
220 3685 330 3746 iudicii
358 3685 494 3745 ultbnana
527 3685 745 3746 damnationem
781 3682 937 3763 apostolus
970 3682 1081 3744 Petras
1113 3685 1301 3761 apertissime

94 3771 221 3841 attendit,
251 3771 352 3831 dicens
379 3770 458 3850 qaod
479 3768 560 3830 Deua
587 3767 701 3846 angelis
728 3769 938 3849 peecatoribus
960 3785 1023 3829 non
1042 3768 1220 3848 pepercerit,
1248 3766 1301 3826 red

94 3856 255 3917 maceriem
279 3855 415 3934 eala'pr'nis
437 3854 557 3932 inferni
575 3853 738 3916 retrudens
768 3853 930 3914 tradiderit
949 3855 983 3913 in
1003 3853 1111 3912 audicio
1130 3849 1299 3928 puniendos

92 3942 244 4000 reservari
263 3927 397 4018 (August.
420 3937 469 3998 lib.
486 3938 535 3998 lll.
557 3937 594 3998 de
616 3937 700 3998 civit.
723 3935 776 3998 Dei
797 3953 860 4016 cap.
876 3939 927 4000 33.
951 3935 1054 3998 Petrus
1069 3932 1161 4012 Epist
1177 3931 1213 3992 ll.
1235 3949 1299 4011 cap.

92 4019 117 4081 2.
136 4039 161 4082 r.
183 4027 239 4098 4.).
283 4023 319 4084 bt
341 4023 412 4084 baeo
434 4022 584 4086 infernalis
617 4021 748 4100 caliginis
775 4021 909 4100 ignisque
930 4018 1070 4082 reservati
1091 4033 1174 4078 mora
1195 4032 1230 4078 aa
1249 4018 1298 4077 di-

92 4101 150 4166 btio
180 4107 383 4187 qualecunque
408 4107 483 4187 ipsis
505 4115 568 4168 erat
586 4106 853 4186 praedamnationis
875 4103 1107 4168 reconditionis
1130 4103 1299 4181 desperatae

93 4189 231 4254 solatium
277 4193 335 4254 Sua
356 4193 506 4254 enimvero
527 4193 699 4255 fruebantur
719 4191 836 4252 interim
858 4189 1045 4268 malignitate,
1074 4205 1130 4266 qua
1153 4185 1298 4248 Christia-

93 4285 140 4336 nos
161 4277 197 4338 ad
220 4277 267 4339 sni
289 4277 351 4338 sire
372 4279 513 4339 falsorum
535 4277 668 4347 deorum,
701 4283 735 4338 ut
763 4275 901 4348 vidimus,
928 4273 1036 4335 cultum
1058 4271 1103 4332 rei
1124 4272 1301 4333 inducebant

93 4357 131 4419 ret
157 4361 323 4424 alliciebant
347 4371 381 4423 at
407 4371 566 4424 mouentes
593 4359 804 4424 cmdelissimis
826 4359 862 4420 ad
885 4365 1010 4420 mortem
1033 4373 1126 4436 usque
1148 4354 1299 4436 supplim'is

94 4447 368 4508 ermmibearentur.
411 4449 448 4507 tt
479 4447 516 4508 de
542 4448 600 4509 hoa
627 4463 730 4508 eorum
757 4444 863 4506 solatio
892 4443 1038 4522 dilatoque
1065 4441 1209 4522 supplicio
1231 4441 1299 4503 alibi

89 4525 297 4609 firmavimus
320 4529 456 4606 (dissert.
478 4532 508 4592 in
529 4531 660 4594 Laetant.
683 4549 745 4610 cap.
768 4533 819 4595 20.
841 4529 904 4590 tn.
927 4531 981 4605 5.).
