3122 5250
487 405 620 454 romono
638 406 701 452 um.
720 405 761 454 rs
778 407 908 454 noem.
1236 387 1303 458 20⁸

85 557 154 619 sine
180 555 240 617 nlla
267 555 361 636 effigie
389 556 499 636 ligurum
526 565 598 620 erut
639 557 678 621 lt
703 557 735 622 id
761 558 894 639 protento
916 577 952 620 ex
973 557 1030 632 his,
1059 575 1133 638 quae
1154 557 1185 618 in
1206 555 1303 618 citetis

89 639 205 703 nostris
233 639 489 706 dissertationibus
515 641 685 716 retulinus,
710 643 883 708 oonflrm'mi
907 643 1011 722 utique
1037 651 1145 723 potest.
1188 641 1305 704 Ethniei

87 743 161 806 erpo
183 725 283 805 palam
300 726 473 792 huiusmodi
494 735 590 790 terme
609 727 742 790 defixum
759 736 898 808 umquem
917 747 1001 792 sm
1014 727 1134 792 rumina
1148 725 1257 788 adoran

89 819 206 895 partem
227 810 322 876 eureis
341 812 476 894 protecto
499 811 668 878 adorabant
1255 847 1258 858 «

175 911 306 992 integrus
327 920 426 976 autem
448 931 550 976 eruces
573 913 787 980 venerabantur
807 913 976 982 iudeorum
991 933 1114 978 suorum
1130 912 1304 988 u'mulaoris,

86 999 248 1062 mmanam
274 997 401 1077 effigiem
430 997 732 1078 repraesentantibus.
775 999 923 1064 Fabricari
944 999 1090 1080 siqnidem
1111 1017 1128 1060 e
1148 998 1253 1080 plastis
1276 1004 1307 1060 et

87 1079 250 1146 artificibus
278 1101 340 1144 uon
367 1090 513 1162 poteraut,
539 1082 598 1144 uisi
625 1083 709 1163 prius
735 1083 838 1163 arguta
866 1093 917 1148 aut
942 1083 1000 1147 elia
1021 1083 1164 1165 quaedem
1182 1081 1307 1146 deuna

88 1165 301 1229 sustentaculis
321 1165 356 1228 in
375 1167 470 1230 rruols
483 1167 616 1248 integrae
630 1167 751 1230 modum
765 1169 911 1252 appositis
926 1187 1029 1232 revera
1040 1175 1307 1250 superponeretur.

88 1252 278 1332 Quapropter
296 1259 379 1314 reete
400 1249 613 1316 Tertullianus:
639 1253 792 1326 nisime,
814 1253 918 1334 inquit
938 1259 1088 1336 sripturae
1109 1255 1234 1316 deornm
1255 1271 1307 1314 oe-

87 1351 231 1401 strorum
258 1355 277 1397 o
300 1336 412 1420 plosu's
442 1339 477 1400 de
504 1355 593 1400 eruor
618 1339 723 1401 induet
754 1338 937 1412 (Tertullian.
965 1340 1118 1419 Apologet.
1148 1357 1211 1418 rap.
1233 1339 1307 1414 16.).

87 1423 182 1483 Antea
209 1440 279 1482 vero
308 1420 435 1482 dixerat:
465 1419 668 1505 Somolorrum
691 1429 783 1508 preus
810 1425 923 1506 orpr'llu
951 1425 1103 1506 deformet
1134 1421 1219 1498 (ibid.
1243 1439 1325 1524 cap·

90 1509 168 1584 12),
190 1504 220 1566 id
243 1513 290 1567 est
309 1507 437 1567 formare
458 1505 570 1585 incipit,
593 1506 672 1568 eruci
693 1514 724 1568 et
742 1507 836 1588 stipiti
860 1519 1082 1592 superstructo.
1112 1503 1228 1568 Rursus
1250 1524 1306 1568 au-

87 1601 150 1652 tem
178 1589 235 1652 alio
264 1590 295 1651 in
325 1589 417 1657 libro:
455 1589 533 1652 Huic
564 1591 688 1654 eoordr'o
712 1605 742 1656 et
762 1591 845 1656 velut
866 1597 1026 1659 rmrsmmr·
1044 1588 1156 1672 urpt'llo
1178 1591 1308 1674 desuper

87 1682 209 1738 interm
232 1674 383 1757 poulon'm
409 1675 543 1740 membro
572 1675 699 1758 complet
720 1687 750 1738 et
771 1697 804 1741 eo
845 1697 882 1740 us
904 1681 999 1742 struit
1020 1689 1049 1741 et
1070 1674 1202 1740 laddum
1223 1693 1309 1758 worn
1368 1675 1371 1684 ’

82 1761 206 1842 plorru't
233 1759 360 1840 orpr'lloe
386 1763 470 1822 lutus
493 1763 578 1822 eruor¹
596 1765 708 1842 imperit
730 1807 737 1822 .
762 1808 769 1823 .
793 1695 867 1909 ὃ
890 1782 909 1824 α
931 1781 1020 1826 erute
1042 1779 1080 1824 or
1106 1759 1164 1835 llo,
1193 1759 1229 1824 ud
1252 1777 1308 1822 ar-

88 1845 166 1925 pera
187 1845 258 1908 deur
280 1845 407 1928 prodam
427 1846 514 1908 modo
536 1849 659 1917 tranen,
682 1863 761 1909 eruo
782 1850 796 1906 ι·
856 1863 921 1910 eum
932 1865 990 1929 per
1004 1851 1073 1930 arpi
1085 1847 1154 1910 tum.
1183 1845 1310 1908 &noun

88 1935 186 2010 r'pr'tur
215 1933 413 2002 consecraris,
450 1947 469 1990 o
500 1947 559 2012 puo
591 1933 740 2013 incipitur
772 1937 950 1997 ronserrorr'
980 1929 1041 2012 (lib.
1064 1931 1088 1992 1.
1121 1929 1158 1992 ad
1187 1927 1307 1992 Nation.

88 2033 156 2096 cap.
182 2017 252 2091 tu).
895 2051 927 2086 .·

28 2121 32 2128 '
107 2114 216 2263 me
238 2115 286 2176 his
307 2122 406 2176 autem
427 2113 485 2178 iam
507 2115 620 2193 egimus
643 2115 673 2178 in
695 2125 798 2180 nostra
819 2117 856 2180 de
875 2115 996 2182 Minucii
1016 2115 1122 2180 renus
1142 2115 1219 2178 lihro
1241 2113 1306 2178 dis-

88 2222 105 2263 s
186 2200 253 2261 'one
276 2197 442 2274 (dissertat
465 2199 495 2260 in
517 2199 623 2262 Minue.
641 2199 740 2263 octav.
764 2219 825 2282 cap.
842 2205 872 2268 t.
895 2201 957 2266 nrt
974 2203 1047 2280 12),
1068 2219 1123 2264 nec
1143 2199 1309 2264 nonedam

87 2287 126 2348 de
157 2284 298 2366 tropaeis,
326 2283 472 2346 cantabris
502 2291 531 2345 et
557 2283 680 2346 vexillis.
724 2285 833 2349 Eadem
861 2306 932 2350 roro
961 2287 1076 2350 rnu‘oue
1096 2285 1144 2348 his
1168 2285 1307 2348 omnibus

85 2371 125 2432 ab
148 2371 275 2432 duetore
297 2377 400 2430 nostro
429 2367 619 2432 adiiciuntur:
654 2367 787 2452 Srpdoro
807 2371 865 2434 illo
886 2371 1071 2436 vestitorum
1092 2381 1122 2436 et
1144 2370 1308 2436 routotro-

88 2475 162 2518 rum
189 2453 372 2529 flertullian.
394 2453 546 2534 Apologet.
575 2472 637 2534 cap.
662 2457 734 2531 ld).
788 2455 826 2518 nt
853 2456 1003 2537 sipharum
1038 2455 1100 2520 sire
1128 2453 1307 2536 sypharium,

88 2558 237 2620 supparus
261 2547 291 2601 et
312 2557 472 2618 supparum
493 2538 650 2601 vocabatur
671 2539 783 2602 varium
805 2540 971 2604 vestimenti
993 2547 1023 2602 et
1043 2539 1099 2602 reli
1114 2557 1216 2620 genus.
1235 2546 1309 2622 puta

87 2626 207 2688 navium
231 2631 261 2685 et
283 2623 404 2698 theatri3
431 2622 483 2685 sed
506 2623 547 2685 ini
568 2641 584 2684 a
605 2623 796 2698 Tertulliano,
819 2625 862 2688 uti
884 2625 954 2690 satis
976 2623 1077 2706 liquet,
1105 2624 1231 2690 sumitur
1250 2641 1307 2702 pro

87 2711 254 2772 velamento
277 2707 430 2788 signorum
451 2707 630 2781 militarium,
653 2709 732 2770 cruci
754 2709 801 2770 vel
817 2707 931 2790 ligneae
952 2707 998 2772 vel
1022 2707 1142 2771 alterius
1167 2707 1309 2772 materiae

86 2793 242 2876 imposito.
286 2791 477 2854 Continenter
498 2793 586 2865 enim,
608 2793 682 2854 haee
702 2793 837 2874 sr'pdoru,
857 2793 965 2874 inquit,
987 2794 1083 2856 stolae
1099 2811 1222 2854 crucum
1237 2798 1309 2854 suut

88 2879 202 2956 (thid),
230 2877 260 2939 id
289 2885 336 2939 est
363 2877 486 2938 amictus
509 2885 578 2938 sunt
599 2885 629 2938 et
649 2875 820 2948 velamenta,
855 2877 961 2958 quibus
983 2897 1055 2940 crux
1084 2875 1234 2938 velabatur
1261 2874 1309 2938 vd

88 2964 254 3046 tegebatur.
299 2961 415 3042 Siphari
443 2961 532 3040 igitur
559 2961 679 3022 nomine
709 2961 843 3042 designat
869 2962 965 3024 velum
986 2960 1057 3023 illud
1080 2979 1116 3022 ex
1137 2967 1309 3022 transversa

85 3049 186 3112 meis
208 3054 291 3128 parte
312 3061 485 3126 appensum,
512 3063 572 3124 quo
595 3045 697 3108 vexilla
719 3054 749 3108 et
768 3046 905 3108 oantmra
925 3045 1149 3108 dooorabantur.
1194 3043 1308 3118 Quam-

86 3135 196 3196 obrem
221 3131 358 3194 etlmieos
390 3131 472 3192 hisee
504 3129 601 3192 uerbis
632 3129 749 3192 irridet:
782 3132 883 3194 tauro
918 3131 1111 3213 dr'ltprrrtr'om.
1155 3127 1307 3193 Noluistis

85 3221 189 3282 nudos
219 3227 247 3280 et
274 3216 405 3279 turultos
434 3234 537 3278 eruces
565 3233 743 3278 remorare
770 3216 879 3294 (thid).
920 3216 956 3277 {n
984 3215 1076 3278 altero
1106 3215 1193 3277 otiam
1212 3213 1307 3275 libret

88 3305 225 3385 Sr'pdoro
254 3300 310 3363 uta
340 3313 436 3365 uestes
467 3319 588 3362 eruorem
617 3311 699 3363 suut.
743 3300 944 3373 omnesones,
973 3306 1091 3382 optuor.
1114 3299 1249 3363 ⁴r'uouttos
1276 3305 1308 3362 et

86 3391 189 3452 eudes
213 3405 315 3449 truces
337 3386 434 3447 colere
463 3384 556 3461 (ldem
577 3384 627 3447 lib.
649 3384 671 3447 Ι.
694 3386 731 3448 ad
751 3385 869 3448 Naum.
889 3403 953 3466 oap.
978 3387 1052 3462 12).

172 3491 270 3554 Instat
291 3487 385 3549 adhue
405 3487 469 3549 ille:
495 3485 642 3551 Virtorr'os
664 3489 811 3560 odoratis,
835 3505 902 3552 rum
922 3491 955 3550 tu
976 3491 1109 3569 tropaeis
1132 3505 1235 3550 oruoes
1256 3490 1309 3550 r'n-

86 3579 204 3640 testino
230 3585 304 3636 suut
331 3583 528 3652 tropaeorum
556 3571 662 3647 (tidem
683 3572 836 3652 Apologet.
856 3571 924 3635 loco
947 3571 1019 3650 eit),
1046 3571 1076 3634 id
1103 3581 1149 3634 est
1175 3571 1306 3652 tropaeis

88 3661 243 3724 subiectae
265 3665 345 3720 sunt.
388 3651 479 3718 Paulo
500 3673 571 3718 vero
595 3655 679 3720 aliter
699 3655 730 3718 in
751 3657 808 3720 alio
831 3657 925 3718 libro:
951 3657 1097 3722 Victorius
1117 3665 1154 3718 ut
1173 3659 1306 3726 nummo,

88 3759 118 3810 et
140 3746 259 3826 pur'drm
281 3745 467 3822 rupudiare,
490 3751 602 3822 puonro
624 3740 755 3804 loeu'oro
768 3745 956 3804 vereremini
975 3759 1030 3804 eoo
1053 3785 1136 3802 ....
1159 3758 1215 3802 ore
1235 3739 1308 3820 pue'd

89 3831 197 3894 meiius
232 3827 391 3898 eotollour,
424 3843 528 3888 eruces
556 3837 647 3887 mou
673 3829 816 3888 intestimo
844 3827 971 3908 puodom
997 3827 1084 3889 modo
1112 3834 1308 3903 tropaeorum

90 3917 186 3988 (Idem
212 3913 262 3976 lib.
286 3911 322 3974 ad
343 3911 459 3972 Nation.
488 3910 554 3972 loeo
574 3909 649 3986 eit).
691 3909 816 3974 coutet
843 3929 915 3972 sone
943 3910 1097 3972 Viotoriam
1122 3907 1161 3968 sl)
1188 3905 1246 3966 iuis
1274 3905 1307 3968 iu

92 3999 215 4062 dearum
247 3996 374 4079 positam
398 3994 495 4058 luisse
519 4013 663 4058 numere:
694 3994 775 4075 qrmd
802 3993 936 4076 quum,
969 3995 1016 4056 rix
1041 3993 1092 4056 uli
1114 3989 1305 4070 incognitum,

92 4083 239 4164 probasse
262 4080 387 4145 ordinm
406 4079 453 4142 his
477 4078 563 4142 uultu
584 4078 698 4142 verbis:
735 4079 816 4153 Quid
838 4079 1014 4142 coneordr'ue
1034 4075 1184 4156 templum,
1212 4074 1307 4138 lider-

89 4173 165 4234 rau'r
194 4182 225 4233 et
254 4170 408 4238 uictoriae,
441 4181 570 4246 puerum
598 4169 730 4232 omarum
751 4182 864 4235 rerum,
896 4169 966 4246 pum
987 4165 1034 4224 oie
1056 4169 1124 4224 erut
1144 4169 1238 4232 romu,
1269 4166 1306 4226 ut

93 4255 238 4318 eineder
262 4253 329 4332 repr·
347 4269 410 4314 uon
427 4262 541 4332 posset,
564 4251 632 4332 ipso
650 4269 704 4316 rer
727 4249 851 4312 deorum
872 4267 979 4310 uomere
1001 4247 1129 4308 obtinuit
1156 4243 1230 4319 (Cio.
1250 4243 1304 4308 lib.

90 4337 129 4402 11.
154 4339 192 4402 de
213 4335 317 4402 Natur.
339 4333 428 4396 neor.
449 4335 563 4414 punt.
585 4334 636 4398 lin.
659 4337 713 4412 5.).
741 4331 785 4394 De
806 4331 854 4394 illa
874 4351 944 4394 vero
967 4330 1087 4410 eiusque
1109 4329 1202 4410 effigie
1217 4329 1307 4394 Clau·

89 4423 200 4492 dianus
222 4423 280 4485 hos
303 4419 372 4483 lecit
393 4435 510 4482 versus:

244 4540 321 4621 lpse
337 4540 413 4602 duri
429 4555 534 4602 somus
559 4537 688 4600 Virturr'o
706 4536 855 4617 proderet
876 4535 973 4597 order.

251 4625 277 4688 0
297 4623 398 4707 pulmo
418 4623 514 4686 ur'rr'dr'
530 4623 662 4703 peudrm
685 4633 713 4684 et
732 4625 842 4684 m'eto
862 4623 1003 4702 traporr'e
