<?xml version="1.0" encoding="UTF-8"?>
<!DOCTYPE html PUBLIC "-//W3C//DTD XHTML 1.0 Transitional//EN"
    "http://www.w3.org/TR/xhtml1/DTD/xhtml1-transitional.dtd">
<html xmlns="http://www.w3.org/1999/xhtml" xml:lang="en" lang="en">
 <head>
  <title>
</title>
<meta http-equiv="Content-Type" content="text/html;charset=utf-8" />
  <meta name='ocr-system' content='tesseract 3.04.00' />
  <meta name='ocr-capabilities' content='ocr_page ocr_carea ocr_par ocr_line ocrx_word'/>
</head>
<body>
  <div class='ocr_page' id='page_1' title='image "./quaesupersuntom01oehlgoog_0498.png"; bbox 0 0 3166 5250; ppageno 0'>
   <div class='ocr_carea' id='block_1_1' title="bbox 80 357 1297 436">
    <p class='ocr_par' dir='ltr' id='par_1_1' title="bbox 80 357 1297 436">
     <span class='ocr_line' id='line_1_1' title="bbox 80 357 1297 436; baseline 0.004 -5"><span class='ocrx_word' id='word_1_1' title='bbox 80 389 123 431; x_wconf 88' lang='lat'>10.</span> <span class='ocrx_word' id='word_1_2' title='bbox 131 385 217 431; x_wconf 65' lang='grc' dir='ltr'><strong>[ΑΠΙ-</strong></span> <span class='ocrx_word' id='word_1_3' title='bbox 224 383 356 430; x_wconf 67' lang='lat' dir='ltr'>luant!</span> <span class='ocrx_word' id='word_1_4' title='bbox 366 385 544 436; x_wconf 79' lang='lat' dir='ltr'>nisqulstrtu</span> <span class='ocrx_word' id='word_1_5' title='bbox 555 387 593 430; x_wconf 73' lang='lat' dir='ltr'>ll!</span> <span class='ocrx_word' id='word_1_6' title='bbox 600 386 672 430; x_wconf 74' lang='lat' dir='ltr'>vetti</span> <span class='ocrx_word' id='word_1_7' title='bbox 678 386 793 430; x_wconf 73' lang='lat' dir='ltr'>tertre</span> <span class='ocrx_word' id='word_1_8' title='bbox 804 387 890 430; x_wconf 69' lang='lat' dir='ltr'>ctat.</span> <span class='ocrx_word' id='word_1_9' title='bbox 898 357 1063 432; x_wconf 70' lang='lat' dir='ltr'>ssithtiE‘l&#39;.</span> <span class='ocrx_word' id='word_1_10' title='bbox 1071 387 1214 434; x_wconf 66' lang='lat' dir='ltr'>henxutt-</span> <span class='ocrx_word' id='word_1_11' title='bbox 1235 373 1297 436; x_wconf 71' lang='lat'>491</span> 
     </span>
    </p>
   </div>
   <div class='ocr_carea' id='block_1_2' title="bbox 83 535 1312 1972">
    <p class='ocr_par' dir='ltr' id='par_1_2' title="bbox 83 535 1312 1972">
     <span class='ocr_line' id='line_1_2' title="bbox 86 535 1299 618; baseline 0.003 -18"><span class='ocrx_word' id='word_1_12' title='bbox 86 538 222 612; x_wconf 84' lang='lat' dir='ltr'>Quorum</span> <span class='ocrx_word' id='word_1_13' title='bbox 244 535 374 598; x_wconf 90' lang='lat' dir='ltr'>omnium</span> <span class='ocrx_word' id='word_1_14' title='bbox 397 535 434 598; x_wconf 88' lang='lat' dir='ltr'>dc</span> <span class='ocrx_word' id='word_1_15' title='bbox 453 536 588 603; x_wconf 85' lang='lat' dir='ltr'>laudibus</span> <span class='ocrx_word' id='word_1_16' title='bbox 610 555 775 618; x_wconf 87' lang='lat' dir='ltr'>quanquam</span> <span class='ocrx_word' id='word_1_17' title='bbox 796 555 851 618; x_wconf 89' lang='lat' dir='ltr'>ego</span> <span class='ocrx_word' id='word_1_18' title='bbox 872 537 944 600; x_wconf 84' lang='lat' dir='ltr'><strong>nihil</strong></span> <span class='ocrx_word' id='word_1_19' title='bbox 965 537 1098 610; x_wconf 76' lang='lat' dir='ltr'><strong>detraho,</strong></span> <span class='ocrx_word' id='word_1_20' title='bbox 1119 551 1299 604; x_wconf 90' lang='lat' dir='ltr'>nontamen</span> 
     </span>
     <span class='ocr_line' id='line_1_3' title="bbox 87 620 1299 703; baseline 0.004 -18"><span class='ocrx_word' id='word_1_21' title='bbox 87 622 179 686; x_wconf 84' lang='lat' dir='ltr'>multa</span> <span class='ocrx_word' id='word_1_22' title='bbox 208 620 245 684; x_wconf 86' lang='lat' dir='ltr'>ab</span> <span class='ocrx_word' id='word_1_23' title='bbox 277 620 321 687; x_wconf 91' lang='lat' dir='ltr'>eis</span> <span class='ocrx_word' id='word_1_24' title='bbox 352 620 454 683; x_wconf 89' lang='lat' dir='ltr'>relicta</span> <span class='ocrx_word' id='word_1_25' title='bbox 486 641 555 684; x_wconf 91' lang='lat' dir='ltr'>esse</span> <span class='ocrx_word' id='word_1_26' title='bbox 586 621 751 692; x_wconf 86' lang='lat' dir='ltr'>dissimulo,</span> <span class='ocrx_word' id='word_1_27' title='bbox 781 623 873 686; x_wconf 88' lang='lat' dir='ltr'>multa</span> <span class='ocrx_word' id='word_1_28' title='bbox 900 623 1043 686; x_wconf 89' lang='lat' dir='ltr'>eruditius</span> <span class='ocrx_word' id='word_1_29' title='bbox 1071 643 1157 703; x_wconf 89' lang='lat' dir='ltr'>quem</span> <span class='ocrx_word' id='word_1_30' title='bbox 1185 625 1299 690; x_wconf 87' lang='lat' dir='ltr'>lehcius</span> 
     </span>
     <span class='ocr_line' id='line_1_4' title="bbox 87 705 1300 786; baseline 0.002 -16"><span class='ocrx_word' id='word_1_31' title='bbox 87 715 217 780; x_wconf 68' lang='lat' dir='ltr'>tractate</span> <span class='ocrx_word' id='word_1_32' title='bbox 239 705 331 768; x_wconf 83' lang='lat' dir='ltr'>multa</span> <span class='ocrx_word' id='word_1_33' title='bbox 352 705 432 786; x_wconf 89' lang='lat' dir='ltr'>quod</span> <span class='ocrx_word' id='word_1_34' title='bbox 453 717 550 768; x_wconf 85' lang='lat' dir='ltr'>sectae</span> <span class='ocrx_word' id='word_1_35' title='bbox 572 709 728 786; x_wconf 89' lang='lat' dir='ltr'>flagrarent</span> <span class='ocrx_word' id='word_1_36' title='bbox 742 726 852 782; x_wconf 89' lang='lat' dir='ltr'>amore,</span> <span class='ocrx_word' id='word_1_37' title='bbox 875 716 925 768; x_wconf 91' lang='lat' dir='ltr'>eut</span> <span class='ocrx_word' id='word_1_38' title='bbox 939 726 1032 770; x_wconf 84' lang='lat' dir='ltr'>norae</span> <span class='ocrx_word' id='word_1_39' title='bbox 1047 707 1161 771; x_wconf 83' lang='lat' dir='ltr'>cuidem</span> <span class='ocrx_word' id='word_1_40' title='bbox 1175 711 1300 773; x_wconf 88' lang='lat' dir='ltr'>nimium</span> 
     </span>
     <span class='ocr_line' id='line_1_5' title="bbox 86 789 1300 874; baseline 0.003 -20"><span class='ocrx_word' id='word_1_41' title='bbox 86 795 217 854; x_wconf 80' lang='lat' dir='ltr'>faverent</span> <span class='ocrx_word' id='word_1_42' title='bbox 238 789 381 872; x_wconf 91' lang='lat' dir='ltr'>opinioni,</span> <span class='ocrx_word' id='word_1_43' title='bbox 409 790 555 871; x_wconf 87' lang='lat' dir='ltr'>implicata</span> <span class='ocrx_word' id='word_1_44' title='bbox 585 791 684 874; x_wconf 89' lang='lat' dir='ltr'>potius</span> <span class='ocrx_word' id='word_1_45' title='bbox 712 811 800 871; x_wconf 91' lang='lat' dir='ltr'>quam</span> <span class='ocrx_word' id='word_1_46' title='bbox 822 791 946 854; x_wconf 82' lang='lat' dir='ltr'>evolute.</span> <span class='ocrx_word' id='word_1_47' title='bbox 990 791 1073 858; x_wconf 85' lang='lat' dir='ltr'>Nulla</span> <span class='ocrx_word' id='word_1_48' title='bbox 1094 794 1150 856; x_wconf 87' lang='lat' dir='ltr'>alie</span> <span class='ocrx_word' id='word_1_49' title='bbox 1171 795 1233 858; x_wconf 89' lang='lat' dir='ltr'>eius</span> <span class='ocrx_word' id='word_1_50' title='bbox 1254 795 1300 858; x_wconf 89' lang='lat' dir='ltr'>rei</span> 
     </span>
     <span class='ocr_line' id='line_1_6' title="bbox 85 875 1298 962; baseline 0.002 -22"><span class='ocrx_word' id='word_1_51' title='bbox 85 875 255 940; x_wconf 87' lang='lat' dir='ltr'>testimonie</span> <span class='ocrx_word' id='word_1_52' title='bbox 283 876 308 938; x_wconf 91' lang='lat' dir='ltr'>si</span> <span class='ocrx_word' id='word_1_53' title='bbox 338 875 507 948; x_wconf 78' lang='lat' dir='ltr'>existerent,</span> <span class='ocrx_word' id='word_1_54' title='bbox 540 876 615 957; x_wconf 87' lang='lat' dir='ltr'>ipse,</span> <span class='ocrx_word' id='word_1_55' title='bbox 647 876 754 956; x_wconf 91' lang='lat' dir='ltr'>quibus</span> <span class='ocrx_word' id='word_1_56' title='bbox 782 887 884 939; x_wconf 88' lang='lat' dir='ltr'>mutuo</span> <span class='ocrx_word' id='word_1_57' title='bbox 912 896 945 938; x_wconf 93' lang='lat' dir='ltr'>se</span> <span class='ocrx_word' id='word_1_58' title='bbox 967 887 1145 958; x_wconf 83' lang='lat' dir='ltr'>oppugnent,</span> <span class='ocrx_word' id='word_1_59' title='bbox 1178 880 1298 962; x_wconf 84' lang='lat' dir='ltr'>scripta,</span> 
     </span>
     <span class='ocr_line' id='line_1_7' title="bbox 85 959 1300 1042; baseline 0.003 -20"><span class='ocrx_word' id='word_1_60' title='bbox 85 961 154 1041; x_wconf 88' lang='lat' dir='ltr'>ipsi,</span> <span class='ocrx_word' id='word_1_61' title='bbox 177 960 284 1039; x_wconf 91' lang='lat' dir='ltr'>quibus</span> <span class='ocrx_word' id='word_1_62' title='bbox 306 978 409 1022; x_wconf 70' lang='lat' dir='ltr'>noves</span> <span class='ocrx_word' id='word_1_63' title='bbox 420 959 545 1024; x_wconf 90' lang='lat' dir='ltr'>subinde</span> <span class='ocrx_word' id='word_1_64' title='bbox 565 961 695 1032; x_wconf 80' lang='lat' dir='ltr'>rationes</span> <span class='ocrx_word' id='word_1_65' title='bbox 718 963 910 1035; x_wconf 91' lang='lat' dir='ltr'>constituunt,</span> <span class='ocrx_word' id='word_1_66' title='bbox 932 960 999 1023; x_wconf 85' lang='lat' dir='ltr'>libri</span> <span class='ocrx_word' id='word_1_67' title='bbox 1020 962 1222 1042; x_wconf 73' lang='lat' dir='ltr'>loquerentur.</span> <span class='ocrx_word' id='word_1_68' title='bbox 1264 965 1300 1026; x_wconf 89' lang='lat' dir='ltr'>ln</span> 
     </span>
     <span class='ocr_line' id='line_1_8' title="bbox 86 1044 1301 1126; baseline 0.003 -20"><span class='ocrx_word' id='word_1_69' title='bbox 86 1044 213 1108; x_wconf 80' lang='lat' dir='ltr'>historie</span> <span class='ocrx_word' id='word_1_70' title='bbox 233 1045 391 1125; x_wconf 81' lang='lat' dir='ltr'>praecipue</span> <span class='ocrx_word' id='word_1_71' title='bbox 412 1044 615 1120; x_wconf 75' lang='lat' dir='ltr'>calamitatum,</span> <span class='ocrx_word' id='word_1_72' title='bbox 646 1046 753 1126; x_wconf 90' lang='lat' dir='ltr'>quibus</span> <span class='ocrx_word' id='word_1_73' title='bbox 774 1046 967 1108; x_wconf 84' lang='lat' dir='ltr'>vetustissimi</span> <span class='ocrx_word' id='word_1_74' title='bbox 988 1049 1108 1110; x_wconf 76' lang='lat' dir='ltr'>fratruum</span> <span class='ocrx_word' id='word_1_75' title='bbox 1130 1057 1301 1110; x_wconf 85' lang='lat' dir='ltr'>nostrorum</span> 
     </span>
     <span class='ocr_line' id='line_1_9' title="bbox 85 1129 1298 1214; baseline 0.002 -22"><span class='ocrx_word' id='word_1_76' title='bbox 85 1130 217 1192; x_wconf 80' lang='lat' dir='ltr'>defuncti</span> <span class='ocrx_word' id='word_1_77' title='bbox 245 1137 324 1197; x_wconf 83' lang='lat' dir='ltr'>sunt.</span> <span class='ocrx_word' id='word_1_78' title='bbox 352 1147 458 1210; x_wconf 87' lang='lat' dir='ltr'>magno</span> <span class='ocrx_word' id='word_1_79' title='bbox 487 1129 515 1193; x_wconf 93' lang='lat' dir='ltr'>id</span> <span class='ocrx_word' id='word_1_80' title='bbox 542 1129 648 1192; x_wconf 88' lang='lat' dir='ltr'>fuisset</span> <span class='ocrx_word' id='word_1_81' title='bbox 676 1130 886 1204; x_wconf 87' lang='lat' dir='ltr'>emolumento,</span> <span class='ocrx_word' id='word_1_82' title='bbox 918 1131 944 1192; x_wconf 88' lang='lat' dir='ltr'>si</span> <span class='ocrx_word' id='word_1_83' title='bbox 966 1129 1119 1208; x_wconf 90' lang='lat' dir='ltr'>librorum,</span> <span class='ocrx_word' id='word_1_84' title='bbox 1147 1151 1221 1213; x_wconf 90' lang='lat' dir='ltr'>quos</span> <span class='ocrx_word' id='word_1_85' title='bbox 1243 1151 1298 1214; x_wconf 89' lang='lat' dir='ltr'>pro</span> 
     </span>
     <span class='ocr_line' id='line_1_10' title="bbox 83 1213 1299 1297; baseline 0.002 -19"><span class='ocrx_word' id='word_1_86' title='bbox 83 1215 144 1278; x_wconf 90' lang='lat' dir='ltr'>illis</span> <span class='ocrx_word' id='word_1_87' title='bbox 171 1213 400 1294; x_wconf 77' lang='lat' dir='ltr'>imperatoribus</span> <span class='ocrx_word' id='word_1_88' title='bbox 421 1233 455 1276; x_wconf 86' lang='lat' dir='ltr'>ac</span> <span class='ocrx_word' id='word_1_89' title='bbox 475 1215 661 1294; x_wconf 80' lang='lat' dir='ltr'>praesidibus</span> <span class='ocrx_word' id='word_1_90' title='bbox 684 1215 798 1278; x_wconf 79' lang='lat' dir='ltr'>oblatos</span> <span class='ocrx_word' id='word_1_91' title='bbox 821 1235 889 1278; x_wconf 88' lang='lat' dir='ltr'>esse</span> <span class='ocrx_word' id='word_1_92' title='bbox 911 1217 1087 1297; x_wconf 86' lang='lat' dir='ltr'>accepimus,</span> <span class='ocrx_word' id='word_1_93' title='bbox 1115 1229 1299 1280; x_wconf 89' lang='lat' dir='ltr'>ceterorum·</span> 
     </span>
     <span class='ocr_line' id='line_1_11' title="bbox 83 1299 1300 1382; baseline 0.003 -20"><span class='ocrx_word' id='word_1_94' title='bbox 83 1318 154 1380; x_wconf 92' lang='lat' dir='ltr'>que,</span> <span class='ocrx_word' id='word_1_95' title='bbox 182 1318 256 1379; x_wconf 89' lang='lat' dir='ltr'>quae</span> <span class='ocrx_word' id='word_1_96' title='bbox 282 1299 462 1362; x_wconf 79' lang='lat' dir='ltr'>ferventibus</span> <span class='ocrx_word' id='word_1_97' title='bbox 488 1299 554 1362; x_wconf 87' lang='lat' dir='ltr'>istis</span> <span class='ocrx_word' id='word_1_98' title='bbox 585 1299 788 1362; x_wconf 77' lang='lat' dir='ltr'>vexetimibus</span> <span class='ocrx_word' id='word_1_99' title='bbox 816 1301 986 1379; x_wconf 88' lang='lat' dir='ltr'>consignata</span> <span class='ocrx_word' id='word_1_100' title='bbox 1008 1311 1086 1376; x_wconf 88' lang='lat' dir='ltr'>sunt,</span> <span class='ocrx_word' id='word_1_101' title='bbox 1120 1302 1300 1382; x_wconf 88' lang='lat' dir='ltr'>scriptorum</span> 
     </span>
     <span class='ocr_line' id='line_1_12' title="bbox 83 1383 1299 1466; baseline 0.003 -20"><span class='ocrx_word' id='word_1_102' title='bbox 83 1393 167 1446; x_wconf 88' lang='lat' dir='ltr'>aetas</span> <span class='ocrx_word' id='word_1_103' title='bbox 190 1391 288 1446; x_wconf 88' lang='lat' dir='ltr'>curate</span> <span class='ocrx_word' id='word_1_104' title='bbox 310 1383 429 1446; x_wconf 84' lang='lat' dir='ltr'>definite</span> <span class='ocrx_word' id='word_1_105' title='bbox 449 1383 565 1448; x_wconf 72' lang='lat' dir='ltr'>fuisset,</span> <span class='ocrx_word' id='word_1_106' title='bbox 592 1384 643 1446; x_wconf 92' lang='lat' dir='ltr'>Sic</span> <span class='ocrx_word' id='word_1_107' title='bbox 663 1387 772 1446; x_wconf 88' lang='lat' dir='ltr'>etenim</span> <span class='ocrx_word' id='word_1_108' title='bbox 793 1385 944 1447; x_wconf 81' lang='lat' dir='ltr'>derorum</span> <span class='ocrx_word' id='word_1_109' title='bbox 960 1394 1107 1466; x_wconf 89' lang='lat' dir='ltr'>gestarum</span> <span class='ocrx_word' id='word_1_110' title='bbox 1123 1387 1211 1460; x_wconf 90' lang='lat' dir='ltr'>serie,</span> <span class='ocrx_word' id='word_1_111' title='bbox 1234 1406 1299 1450; x_wconf 88' lang='lat' dir='ltr'>ma-</span> 
     </span>
     <span class='ocr_line' id='line_1_13' title="bbox 84 1467 1299 1551; baseline 0.002 -20"><span class='ocrx_word' id='word_1_112' title='bbox 84 1469 184 1531; x_wconf 91' lang='lat' dir='ltr'>lorum</span> <span class='ocrx_word' id='word_1_113' title='bbox 198 1467 345 1532; x_wconf 89' lang='lat' dir='ltr'>illatorum</span> <span class='ocrx_word' id='word_1_114' title='bbox 360 1468 569 1548; x_wconf 79' lang='lat' dir='ltr'>magnitudine,</span> <span class='ocrx_word' id='word_1_115' title='bbox 591 1470 799 1532; x_wconf 87' lang='lat' dir='ltr'>confessorum</span> <span class='ocrx_word' id='word_1_116' title='bbox 814 1489 948 1546; x_wconf 92' lang='lat' dir='ltr'>numero,</span> <span class='ocrx_word' id='word_1_117' title='bbox 963 1469 1082 1544; x_wconf 76' lang='lat' dir='ltr'>invicto,</span> <span class='ocrx_word' id='word_1_118' title='bbox 1097 1491 1156 1551; x_wconf 88' lang='lat' dir='ltr'>quo</span> <span class='ocrx_word' id='word_1_119' title='bbox 1170 1472 1299 1536; x_wconf 89' lang='lat' dir='ltr'>sanctis·</span> 
     </span>
     <span class='ocr_line' id='line_1_14' title="bbox 85 1551 1301 1635; baseline 0.004 -20"><span class='ocrx_word' id='word_1_120' title='bbox 85 1553 154 1616; x_wconf 91' lang='lat' dir='ltr'>simi</span> <span class='ocrx_word' id='word_1_121' title='bbox 177 1551 313 1615; x_wconf 87' lang='lat' dir='ltr'>homines</span> <span class='ocrx_word' id='word_1_122' title='bbox 334 1553 497 1626; x_wconf 84' lang='lat' dir='ltr'>valuerunt,</span> <span class='ocrx_word' id='word_1_123' title='bbox 525 1553 615 1616; x_wconf 89' lang='lat' dir='ltr'>enimi</span> <span class='ocrx_word' id='word_1_124' title='bbox 641 1554 761 1628; x_wconf 89' lang='lat' dir='ltr'>robore,</span> <span class='ocrx_word' id='word_1_125' title='bbox 788 1555 898 1616; x_wconf 87' lang='lat' dir='ltr'>certior</span> <span class='ocrx_word' id='word_1_126' title='bbox 918 1555 1006 1617; x_wconf 93' lang='lat' dir='ltr'>nobis</span> <span class='ocrx_word' id='word_1_127' title='bbox 1028 1575 1062 1616; x_wconf 90' lang='lat' dir='ltr'>ec</span> <span class='ocrx_word' id='word_1_128' title='bbox 1083 1555 1199 1635; x_wconf 87' lang='lat' dir='ltr'>plenior</span> <span class='ocrx_word' id='word_1_129' title='bbox 1220 1564 1301 1620; x_wconf 88' lang='lat' dir='ltr'>esset</span> 
     </span>
     <span class='ocr_line' id='line_1_15' title="bbox 85 1637 1300 1720; baseline 0.003 -20"><span class='ocrx_word' id='word_1_130' title='bbox 85 1637 200 1701; x_wconf 72' lang='lat' dir='ltr'>nebda.</span> <span class='ocrx_word' id='word_1_131' title='bbox 253 1637 348 1710; x_wconf 85' lang='lat' dir='ltr'>Quam</span> <span class='ocrx_word' id='word_1_132' title='bbox 380 1637 498 1717; x_wconf 88' lang='lat' dir='ltr'>quidem</span> <span class='ocrx_word' id='word_1_133' title='bbox 530 1637 676 1718; x_wconf 74' lang='lat' dir='ltr'>egregiam</span> <span class='ocrx_word' id='word_1_134' title='bbox 708 1639 930 1720; x_wconf 85' lang='lat' dir='ltr'>quibuscunque</span> <span class='ocrx_word' id='word_1_135' title='bbox 962 1639 1118 1702; x_wconf 86' lang='lat' dir='ltr'>utilitatem</span> <span class='ocrx_word' id='word_1_136' title='bbox 1149 1649 1300 1720; x_wconf 84' lang='lat' dir='ltr'>praestrue</span> 
     </span>
     <span class='ocr_line' id='line_1_16' title="bbox 85 1721 1299 1804; baseline 0.002 -20"><span class='ocrx_word' id='word_1_137' title='bbox 85 1741 190 1804; x_wconf 90' lang='lat' dir='ltr'>posse,</span> <span class='ocrx_word' id='word_1_138' title='bbox 226 1721 298 1784; x_wconf 90' lang='lat' dir='ltr'>nulli</span> <span class='ocrx_word' id='word_1_139' title='bbox 325 1721 431 1802; x_wconf 88' lang='lat' dir='ltr'>quibus</span> <span class='ocrx_word' id='word_1_140' title='bbox 454 1723 597 1786; x_wconf 92' lang='lat' dir='ltr'>maturius</span> <span class='ocrx_word' id='word_1_141' title='bbox 626 1732 672 1784; x_wconf 86' lang='lat' dir='ltr'>est</span> <span class='ocrx_word' id='word_1_142' title='bbox 698 1723 837 1786; x_wconf 90' lang='lat' dir='ltr'>iudicium</span> <span class='ocrx_word' id='word_1_143' title='bbox 863 1725 1000 1804; x_wconf 77' lang='lat' dir='ltr'>ignorare</span> <span class='ocrx_word' id='word_1_144' title='bbox 1032 1734 1168 1804; x_wconf 82' lang='lat' dir='ltr'>possunt</span> <span class='ocrx_word' id='word_1_145' title='bbox 1213 1726 1299 1788; x_wconf 86' lang='lat' dir='ltr'>Certe</span> 
     </span>
     <span class='ocr_line' id='line_1_17' title="bbox 88 1806 1312 1887; baseline 0.002 -19"><span class='ocrx_word' id='word_1_146' title='bbox 88 1808 192 1880; x_wconf 92' lang='lat' dir='ltr'>miror,</span> <span class='ocrx_word' id='word_1_147' title='bbox 215 1825 305 1886; x_wconf 92' lang='lat' dir='ltr'>quum</span> <span class='ocrx_word' id='word_1_148' title='bbox 325 1806 369 1868; x_wconf 84' lang='lat' dir='ltr'>vir</span> <span class='ocrx_word' id='word_1_149' title='bbox 383 1807 491 1887; x_wconf 89' lang='lat' dir='ltr'>alioqui</span> <span class='ocrx_word' id='word_1_150' title='bbox 505 1807 689 1882; x_wconf 82' lang='lat' dir='ltr'>immortalis,</span> <span class='ocrx_word' id='word_1_151' title='bbox 711 1807 855 1872; x_wconf 86' lang='lat' dir='ltr'>ilenricus</span> <span class='ocrx_word' id='word_1_152' title='bbox 870 1808 1045 1882; x_wconf 79' lang='lat' dir='ltr'>Dodwellus,</span> <span class='ocrx_word' id='word_1_153' title='bbox 1066 1809 1145 1871; x_wconf 93' lang='lat' dir='ltr'>bono</span> <span class='ocrx_word' id='word_1_154' title='bbox 1160 1810 1312 1874; x_wconf 80' lang='lat' dir='ltr'>fortassis·</span> 
     </span>
     <span class='ocr_line' id='line_1_18' title="bbox 89 1891 1300 1972; baseline 0.002 -18"><span class='ocrx_word' id='word_1_155' title='bbox 89 1891 225 1966; x_wconf 88' lang='lat' dir='ltr'>consilio,</span> <span class='ocrx_word' id='word_1_156' title='bbox 247 1899 325 1953; x_wconf 85' lang='lat' dir='ltr'>totos</span> <span class='ocrx_word' id='word_1_157' title='bbox 346 1900 506 1972; x_wconf 77' lang='lat' dir='ltr'>martyrum</span> <span class='ocrx_word' id='word_1_158' title='bbox 529 1892 675 1954; x_wconf 92' lang='lat' dir='ltr'>exercitus</span> <span class='ocrx_word' id='word_1_159' title='bbox 696 1893 811 1955; x_wconf 82' lang='lat' dir='ltr'>civitate</span> <span class='ocrx_word' id='word_1_160' title='bbox 833 1913 916 1956; x_wconf 87' lang='lat' dir='ltr'>sacra</span> <span class='ocrx_word' id='word_1_161' title='bbox 936 1894 1065 1967; x_wconf 90' lang='lat' dir='ltr'>eiiceret,</span> <span class='ocrx_word' id='word_1_162' title='bbox 1093 1895 1241 1958; x_wconf 86' lang='lat' dir='ltr'>neminem</span> <span class='ocrx_word' id='word_1_163' title='bbox 1262 1895 1300 1956; x_wconf 93' lang='lat' dir='ltr'>il-</span> 
     </span>
    </p>
   </div>
   <div class='ocr_carea' id='block_1_3' title="bbox 89 1975 1406 2060">
    <p class='ocr_par' dir='ltr' id='par_1_3' title="bbox 89 1975 1406 2060">
     <span class='ocr_line' id='line_1_19' title="bbox 89 1975 1406 2060; baseline 0.004 -24"><span class='ocrx_word' id='word_1_164' title='bbox 89 1976 204 2050; x_wconf 84' lang='lat' dir='ltr'>lorum,</span> <span class='ocrx_word' id='word_1_165' title='bbox 232 1975 280 2055; x_wconf 94' lang='lat' dir='ltr'>qui</span> <span class='ocrx_word' id='word_1_166' title='bbox 307 1977 448 2040; x_wconf 86' lang='lat' dir='ltr'>adversus</span> <span class='ocrx_word' id='word_1_167' title='bbox 477 1995 544 2040; x_wconf 89' lang='lat' dir='ltr'>eum</span> <span class='ocrx_word' id='word_1_168' title='bbox 565 1976 712 2056; x_wconf 89' lang='lat' dir='ltr'>prodiere,</span> <span class='ocrx_word' id='word_1_169' title='bbox 739 1978 770 2040; x_wconf 91' lang='lat' dir='ltr'>in</span> <span class='ocrx_word' id='word_1_170' title='bbox 792 1978 847 2040; x_wconf 89' lang='lat' dir='ltr'>hec</span> <span class='ocrx_word' id='word_1_171' title='bbox 867 1997 935 2042; x_wconf 87' lang='lat' dir='ltr'>sese</span> <span class='ocrx_word' id='word_1_172' title='bbox 956 1978 1101 2060; x_wconf 81' lang='lat' dir='ltr'>palaestro</span> <span class='ocrx_word' id='word_1_173' title='bbox 1122 1980 1301 2042; x_wconf 89' lang='lat' dir='ltr'>exercuisse.</span> <span class='ocrx_word' id='word_1_174' title='bbox 1403 2015 1406 2024; x_wconf 86' lang='lat'><strong>·</strong></span> 
     </span>
    </p>
   </div>
   <div class='ocr_carea' id='block_1_4' title="bbox 15 2061 1364 4428">
    <p class='ocr_par' dir='ltr' id='par_1_4' title="bbox 15 2061 1364 4510">
     <span class='ocr_line' id='line_1_20' title="bbox 89 2061 1302 2143; baseline 0.002 -20"><span class='ocrx_word' id='word_1_175' title='bbox 89 2061 173 2123; x_wconf 90' lang='lat' dir='ltr'>Unde</span> <span class='ocrx_word' id='word_1_176' title='bbox 201 2068 298 2122; x_wconf 86' lang='lat' dir='ltr'>tomen</span> <span class='ocrx_word' id='word_1_177' title='bbox 320 2061 390 2123; x_wconf 91' lang='lat' dir='ltr'>illud</span> <span class='ocrx_word' id='word_1_178' title='bbox 411 2063 471 2141; x_wconf 88' lang='lat' dir='ltr'>peti</span> <span class='ocrx_word' id='word_1_179' title='bbox 493 2067 617 2141; x_wconf 85' lang='lat' dir='ltr'>poterat,</span> <span class='ocrx_word' id='word_1_180' title='bbox 646 2081 705 2142; x_wconf 90' lang='lat' dir='ltr'>quo</span> <span class='ocrx_word' id='word_1_181' title='bbox 727 2063 762 2124; x_wconf 88' lang='lat' dir='ltr'>ad</span> <span class='ocrx_word' id='word_1_182' title='bbox 785 2063 935 2125; x_wconf 89' lang='lat' dir='ltr'>audaciam</span> <span class='ocrx_word' id='word_1_183' title='bbox 956 2064 1066 2125; x_wconf 86' lang='lat' dir='ltr'>hancce</span> <span class='ocrx_word' id='word_1_184' title='bbox 1087 2063 1302 2143; x_wconf 79' lang='lat' dir='ltr'>infringendam</span> 
     </span>
     <span class='ocr_line' id='line_1_21' title="bbox 15 2144 1302 2228; baseline 0.003 -22"><span class='ocrx_word' id='word_1_185' title='bbox 15 2211 17 2220; x_wconf 54' lang='grc'>,</span> <span class='ocrx_word' id='word_1_186' title='bbox 87 2144 130 2206; x_wconf 92' lang='lat' dir='ltr'>nil</span> <span class='ocrx_word' id='word_1_187' title='bbox 151 2145 259 2207; x_wconf 87' lang='lat' dir='ltr'>certius</span> <span class='ocrx_word' id='word_1_188' title='bbox 280 2155 330 2208; x_wconf 89' lang='lat' dir='ltr'>aut</span> <span class='ocrx_word' id='word_1_189' title='bbox 351 2145 451 2208; x_wconf 89' lang='lat' dir='ltr'>utilius</span> <span class='ocrx_word' id='word_1_190' title='bbox 473 2165 541 2208; x_wconf 89' lang='lat' dir='ltr'>esse</span> <span class='ocrx_word' id='word_1_191' title='bbox 561 2156 669 2226; x_wconf 87' lang='lat' dir='ltr'>potest,</span> <span class='ocrx_word' id='word_1_192' title='bbox 691 2147 810 2210; x_wconf 85' lang='lat' dir='ltr'>Petrum</span> <span class='ocrx_word' id='word_1_193' title='bbox 832 2149 971 2228; x_wconf 90' lang='lat' dir='ltr'>quamdiu</span> <span class='ocrx_word' id='word_1_194' title='bbox 993 2149 1081 2210; x_wconf 87' lang='lat' dir='ltr'>verba</span> <span class='ocrx_word' id='word_1_195' title='bbox 1095 2168 1163 2210; x_wconf 91' lang='lat' dir='ltr'>cum</span> <span class='ocrx_word' id='word_1_196' title='bbox 1177 2149 1302 2210; x_wconf 91' lang='lat' dir='ltr'>aliorum</span> 
     </span>
     <span class='ocr_line' id='line_1_22' title="bbox 15 2230 1303 2311; baseline 0.002 -19"><span class='ocrx_word' id='word_1_197' title='bbox 15 2235 16 2242; x_wconf 75' lang='grc'>’</span> <span class='ocrx_word' id='word_1_198' title='bbox 87 2237 219 2310; x_wconf 89' lang='lat' dir='ltr'>pugnant</span> <span class='ocrx_word' id='word_1_199' title='bbox 237 2230 321 2303; x_wconf 82' lang='lat' dir='ltr'>locis,</span> <span class='ocrx_word' id='word_1_200' title='bbox 351 2249 468 2311; x_wconf 89' lang='lat' dir='ltr'>semper</span> <span class='ocrx_word' id='word_1_201' title='bbox 489 2233 550 2294; x_wconf 91' lang='lat' dir='ltr'>lere</span> <span class='ocrx_word' id='word_1_202' title='bbox 572 2231 706 2294; x_wconf 81' lang='lat' dir='ltr'>elabendi</span> <span class='ocrx_word' id='word_1_203' title='bbox 726 2233 848 2294; x_wconf 84' lang='lat' dir='ltr'>faerdtas</span> <span class='ocrx_word' id='word_1_204' title='bbox 870 2233 997 2296; x_wconf 86' lang='lat' dir='ltr'>debitur.</span> <span class='ocrx_word' id='word_1_205' title='bbox 1039 2233 1156 2296; x_wconf 87' lang='lat' dir='ltr'>Nullum</span> <span class='ocrx_word' id='word_1_206' title='bbox 1177 2233 1203 2296; x_wconf 89' lang='lat' dir='ltr'>si</span> <span class='ocrx_word' id='word_1_207' title='bbox 1224 2233 1303 2294; x_wconf 84' lang='lat' dir='ltr'>eliud</span> 
     </span>
     <span class='ocr_line' id='line_1_23' title="bbox 15 2315 1301 2396; baseline -0.002 -16"><span class='ocrx_word' id='word_1_208' title='bbox 15 2355 16 2380; x_wconf 68' lang='grc' dir='ltr'>ι</span> <span class='ocrx_word' id='word_1_209' title='bbox 88 2315 253 2395; x_wconf 79' lang='lat' dir='ltr'>perfugium</span> <span class='ocrx_word' id='word_1_210' title='bbox 275 2315 360 2388; x_wconf 91' lang='lat' dir='ltr'>adsit,</span> <span class='ocrx_word' id='word_1_211' title='bbox 383 2325 433 2377; x_wconf 91' lang='lat' dir='ltr'>aut</span> <span class='ocrx_word' id='word_1_212' title='bbox 454 2323 523 2377; x_wconf 86' lang='lat' dir='ltr'>nota</span> <span class='ocrx_word' id='word_1_213' title='bbox 544 2317 685 2396; x_wconf 79' lang='lat' dir='ltr'>quaedam</span> <span class='ocrx_word' id='word_1_214' title='bbox 708 2316 836 2378; x_wconf 90' lang='lat' dir='ltr'>testibus</span> <span class='ocrx_word' id='word_1_215' title='bbox 860 2317 985 2380; x_wconf 81' lang='lat' dir='ltr'>inurihxr</span> <span class='ocrx_word' id='word_1_216' title='bbox 1006 2325 1057 2378; x_wconf 91' lang='lat' dir='ltr'>aut</span> <span class='ocrx_word' id='word_1_217' title='bbox 1080 2335 1189 2378; x_wconf 84' lang='lat' dir='ltr'>norum</span> <span class='ocrx_word' id='word_1_218' title='bbox 1204 2317 1301 2396; x_wconf 92' lang='lat' dir='ltr'>quod-</span> 
     </span>
     <span class='ocr_line' id='line_1_24' title="bbox 87 2399 1301 2480; baseline 0 -18"><span class='ocrx_word' id='word_1_219' title='bbox 87 2400 156 2462; x_wconf 90' lang='lat' dir='ltr'>dam</span> <span class='ocrx_word' id='word_1_220' title='bbox 183 2399 301 2462; x_wconf 84' lang='lat' dir='ltr'>critices</span> <span class='ocrx_word' id='word_1_221' title='bbox 328 2417 420 2479; x_wconf 89' lang='lat' dir='ltr'>genus</span> <span class='ocrx_word' id='word_1_222' title='bbox 447 2401 613 2473; x_wconf 80' lang='lat' dir='ltr'>advocatur,</span> <span class='ocrx_word' id='word_1_223' title='bbox 642 2401 723 2480; x_wconf 93' lang='lat' dir='ltr'>quod</span> <span class='ocrx_word' id='word_1_224' title='bbox 744 2401 908 2480; x_wconf 89' lang='lat' dir='ltr'>desperatis</span> <span class='ocrx_word' id='word_1_225' title='bbox 931 2400 1037 2480; x_wconf 89' lang='lat' dir='ltr'>opibus</span> <span class='ocrx_word' id='word_1_226' title='bbox 1058 2401 1197 2464; x_wconf 87' lang='lat' dir='ltr'>auxilium</span> <span class='ocrx_word' id='word_1_227' title='bbox 1218 2403 1301 2462; x_wconf 82' lang='lat' dir='ltr'>feret.</span> 
     </span>
     <span class='ocr_line' id='line_1_25' title="bbox 15 2483 1302 2566; baseline 0.001 -20"><span class='ocrx_word' id='word_1_228' title='bbox 15 2489 16 2520; x_wconf 64' lang='lat' dir='ltr'>r</span> <span class='ocrx_word' id='word_1_229' title='bbox 88 2483 242 2546; x_wconf 87' lang='lat' dir='ltr'>lutervalla</span> <span class='ocrx_word' id='word_1_230' title='bbox 263 2503 333 2545; x_wconf 84' lang='lat' dir='ltr'>vero</span> <span class='ocrx_word' id='word_1_231' title='bbox 356 2492 519 2566; x_wconf 83' lang='lat' dir='ltr'>temporum</span> <span class='ocrx_word' id='word_1_232' title='bbox 543 2483 569 2546; x_wconf 93' lang='lat' dir='ltr'>si</span> <span class='ocrx_word' id='word_1_233' title='bbox 591 2494 690 2547; x_wconf 89' lang='lat' dir='ltr'>curate</span> <span class='ocrx_word' id='word_1_234' title='bbox 711 2493 860 2560; x_wconf 88' lang='lat' dir='ltr'>notentur,</span> <span class='ocrx_word' id='word_1_235' title='bbox 887 2486 914 2547; x_wconf 91' lang='lat' dir='ltr'>si</span> <span class='ocrx_word' id='word_1_236' title='bbox 936 2503 1037 2548; x_wconf 77' lang='lat' dir='ltr'>rerum</span> <span class='ocrx_word' id='word_1_237' title='bbox 1058 2485 1116 2548; x_wconf 90' lang='lat' dir='ltr'>sibi</span> <span class='ocrx_word' id='word_1_238' title='bbox 1138 2486 1302 2548; x_wconf 90' lang='lat' dir='ltr'>succeden-</span> 
     </span>
     <span class='ocr_line' id='line_1_26' title="bbox 89 2567 1364 2649; baseline 0.002 -19"><span class='ocrx_word' id='word_1_239' title='bbox 89 2569 163 2632; x_wconf 90' lang='lat' dir='ltr'>tium</span> <span class='ocrx_word' id='word_1_240' title='bbox 184 2568 260 2630; x_wconf 88' lang='lat' dir='ltr'>ordo</span> <span class='ocrx_word' id='word_1_241' title='bbox 283 2567 434 2648; x_wconf 88' lang='lat' dir='ltr'>diligenter</span> <span class='ocrx_word' id='word_1_242' title='bbox 455 2569 624 2649; x_wconf 69' lang='lat' dir='ltr'>explicetur,</span> <span class='ocrx_word' id='word_1_243' title='bbox 646 2577 697 2630; x_wconf 83' lang='lat' dir='ltr'>aut</span> <span class='ocrx_word' id='word_1_244' title='bbox 716 2569 871 2649; x_wconf 87' lang='lat' dir='ltr'>perfrictae</span> <span class='ocrx_word' id='word_1_245' title='bbox 892 2569 997 2632; x_wconf 82' lang='lat' dir='ltr'>hontis</span> <span class='ocrx_word' id='word_1_246' title='bbox 1018 2569 1138 2632; x_wconf 79' lang='lat' dir='ltr'>infamia</span> <span class='ocrx_word' id='word_1_247' title='bbox 1151 2569 1304 2634; x_wconf 84' lang='lat' dir='ltr'>subeunda</span> <span class='ocrx_word' id='word_1_248' title='bbox 1363 2589 1364 2592; x_wconf 45' lang='lat'>¹</span> 
     </span>
     <span class='ocr_line' id='line_1_27' title="bbox 88 2653 1303 2718; baseline 0 -2"><span class='ocrx_word' id='word_1_249' title='bbox 88 2661 140 2716; x_wconf 88' lang='lat' dir='ltr'>aut</span> <span class='ocrx_word' id='word_1_250' title='bbox 160 2672 231 2716; x_wconf 82' lang='lat' dir='ltr'>rere</span> <span class='ocrx_word' id='word_1_251' title='bbox 255 2671 340 2715; x_wconf 89' lang='lat' dir='ltr'>error</span> <span class='ocrx_word' id='word_1_252' title='bbox 361 2653 519 2716; x_wconf 88' lang='lat' dir='ltr'>eiurendus</span> <span class='ocrx_word' id='word_1_253' title='bbox 542 2661 596 2716; x_wconf 85' lang='lat' dir='ltr'>est</span> <span class='ocrx_word' id='word_1_254' title='bbox 626 2653 783 2716; x_wconf 85' lang='lat' dir='ltr'>Enimvero</span> <span class='ocrx_word' id='word_1_255' title='bbox 806 2653 964 2716; x_wconf 88' lang='lat' dir='ltr'>defuerunt</span> <span class='ocrx_word' id='word_1_256' title='bbox 984 2654 1052 2716; x_wconf 90' lang='lat' dir='ltr'>huic</span> <span class='ocrx_word' id='word_1_257' title='bbox 1074 2673 1180 2717; x_wconf 81' lang='lat' dir='ltr'>musae</span> <span class='ocrx_word' id='word_1_258' title='bbox 1196 2653 1303 2718; x_wconf 89' lang='lat' dir='ltr'>eruditi</span> 
     </span>
     <span class='ocr_line' id='line_1_28' title="bbox 88 2737 1303 2818; baseline 0 -18"><span class='ocrx_word' id='word_1_259' title='bbox 88 2739 241 2810; x_wconf 69' lang='lat' dir='ltr'>hominem</span> <span class='ocrx_word' id='word_1_260' title='bbox 270 2737 332 2800; x_wconf 83' lang='lat' dir='ltr'>sive</span> <span class='ocrx_word' id='word_1_261' title='bbox 359 2738 442 2818; x_wconf 81' lang='lat' dir='ltr'>quod</span> <span class='ocrx_word' id='word_1_262' title='bbox 464 2737 629 2800; x_wconf 75' lang='lat' dir='ltr'>molestiam</span> <span class='ocrx_word' id='word_1_263' title='bbox 657 2737 704 2799; x_wconf 91' lang='lat' dir='ltr'>his</span> <span class='ocrx_word' id='word_1_264' title='bbox 726 2737 853 2818; x_wconf 85' lang='lat' dir='ltr'>negotiis</span> <span class='ocrx_word' id='word_1_265' title='bbox 875 2739 1048 2800; x_wconf 82' lang='lat' dir='ltr'>familiarem</span> <span class='ocrx_word' id='word_1_266' title='bbox 1068 2740 1210 2818; x_wconf 89' lang='lat' dir='ltr'>fugerent,</span> <span class='ocrx_word' id='word_1_267' title='bbox 1240 2739 1303 2800; x_wconf 86' lang='lat' dir='ltr'>sire</span> 
     </span>
     <span class='ocr_line' id='line_1_29' title="bbox 88 2818 1303 2904; baseline -0.002 -18"><span class='ocrx_word' id='word_1_268' title='bbox 88 2824 169 2904; x_wconf 88' lang='lat' dir='ltr'>quod</span> <span class='ocrx_word' id='word_1_269' title='bbox 201 2818 348 2886; x_wconf 84' lang='lat' dir='ltr'>eximium&#39;</span> <span class='ocrx_word' id='word_1_270' title='bbox 364 2821 442 2886; x_wconf 92' lang='lat' dir='ltr'>illius</span> <span class='ocrx_word' id='word_1_271' title='bbox 470 2823 658 2885; x_wconf 89' lang='lat' dir='ltr'>commodum</span> <span class='ocrx_word' id='word_1_272' title='bbox 685 2841 744 2884; x_wconf 93' lang='lat' dir='ltr'>non</span> <span class='ocrx_word' id='word_1_273' title='bbox 772 2821 927 2902; x_wconf 85' lang='lat' dir='ltr'>perspicue</span> <span class='ocrx_word' id='word_1_274' title='bbox 950 2822 1023 2884; x_wconf 89' lang='lat' dir='ltr'>satis</span> <span class='ocrx_word' id='word_1_275' title='bbox 1044 2831 1210 2895; x_wconf 90' lang='lat' dir='ltr'>cernerent,</span> <span class='ocrx_word' id='word_1_276' title='bbox 1242 2821 1303 2884; x_wconf 87' lang='lat' dir='ltr'>sire</span> 
     </span>
     <span class='ocr_line' id='line_1_30' title="bbox 87 2906 1303 2988; baseline -0.003 -17"><span class='ocrx_word' id='word_1_277' title='bbox 87 2909 215 2988; x_wconf 89' lang='lat' dir='ltr'>denique</span> <span class='ocrx_word' id='word_1_278' title='bbox 237 2907 317 2988; x_wconf 93' lang='lat' dir='ltr'>quod</span> <span class='ocrx_word' id='word_1_279' title='bbox 338 2926 398 2970; x_wconf 88' lang='lat' dir='ltr'>neu</span> <span class='ocrx_word' id='word_1_280' title='bbox 419 2915 479 2970; x_wconf 89' lang='lat' dir='ltr'>tam</span> <span class='ocrx_word' id='word_1_281' title='bbox 500 2906 781 2970; x_wconf 88' lang='lat' dir='ltr'>circumstantiarum</span> <span class='ocrx_word' id='word_1_282' title='bbox 796 2925 883 2986; x_wconf 90' lang='lat' dir='ltr'>quam</span> <span class='ocrx_word' id='word_1_283' title='bbox 898 2907 1029 2987; x_wconf 81' lang='lat' dir='ltr'>ipserum</span> <span class='ocrx_word' id='word_1_284' title='bbox 1043 2925 1143 2968; x_wconf 88' lang='lat' dir='ltr'>nerum</span> <span class='ocrx_word' id='word_1_285' title='bbox 1157 2908 1303 2969; x_wconf 85' lang='lat' dir='ltr'>rationem</span> 
     </span>
     <span class='ocr_line' id='line_1_31' title="bbox 90 2991 1304 3072; baseline -0.002 -18"><span class='ocrx_word' id='word_1_286' title='bbox 90 2993 148 3054; x_wconf 87' lang='lat' dir='ltr'>sibi</span> <span class='ocrx_word' id='word_1_287' title='bbox 168 2991 332 3054; x_wconf 89' lang='lat' dir='ltr'>habendam</span> <span class='ocrx_word' id='word_1_288' title='bbox 354 3011 421 3054; x_wconf 89' lang='lat' dir='ltr'>esse</span> <span class='ocrx_word' id='word_1_289' title='bbox 442 2999 589 3072; x_wconf 85' lang='lat' dir='ltr'>putarent.</span> <span class='ocrx_word' id='word_1_290' title='bbox 633 2991 765 3052; x_wconf 85' lang='lat' dir='ltr'>Fuerunt</span> <span class='ocrx_word' id='word_1_291' title='bbox 785 2991 912 3070; x_wconf 90' lang='lat' dir='ltr'>quidem,</span> <span class='ocrx_word' id='word_1_292' title='bbox 935 2992 1039 3064; x_wconf 89' lang='lat' dir='ltr'>fateor,</span> <span class='ocrx_word' id='word_1_293' title='bbox 1061 2991 1167 3070; x_wconf 90' lang='lat' dir='ltr'>quibus</span> <span class='ocrx_word' id='word_1_294' title='bbox 1189 3001 1304 3070; x_wconf 87' lang='lat' dir='ltr'>partem</span> 
     </span>
     <span class='ocr_line' id='line_1_32' title="bbox 93 3075 1335 3170; baseline 0 -34"><span class='ocrx_word' id='word_1_295' title='bbox 93 3077 181 3138; x_wconf 93' lang='lat' dir='ltr'>huius</span> <span class='ocrx_word' id='word_1_296' title='bbox 208 3077 317 3139; x_wconf 89' lang='lat' dir='ltr'>laboris</span> <span class='ocrx_word' id='word_1_297' title='bbox 347 3077 496 3155; x_wconf 85' lang='lat' dir='ltr'>suscipere</span> <span class='ocrx_word' id='word_1_298' title='bbox 525 3076 657 3156; x_wconf 75' lang='lat' dir='ltr'>placuit.¹</span> <span class='ocrx_word' id='word_1_299' title='bbox 686 3075 791 3137; x_wconf 86' lang='lat' dir='ltr'>Nescio</span> <span class='ocrx_word' id='word_1_300' title='bbox 802 3094 894 3170; x_wconf 35' lang='lat' dir='ltr'>overe,</span> <span class='ocrx_word' id='word_1_301' title='bbox 924 3075 973 3155; x_wconf 93' lang='lat' dir='ltr'>qui</span> <span class='ocrx_word' id='word_1_302' title='bbox 995 3077 1102 3137; x_wconf 88' lang='lat' dir='ltr'>factum</span> <span class='ocrx_word' id='word_1_303' title='bbox 1125 3075 1173 3150; x_wconf 89' lang='lat' dir='ltr'>sit,</span> <span class='ocrx_word' id='word_1_304' title='bbox 1202 3085 1241 3138; x_wconf 90' lang='lat' dir='ltr'>ut.</span> <span class='ocrx_word' id='word_1_305' title='bbox 1254 3082 1305 3136; x_wconf 86' lang='lat' dir='ltr'>aut</span> <span class='ocrx_word' id='word_1_306' title='bbox 1332 3138 1335 3146; x_wconf 68' lang='grc'><strong>,</strong></span> 
     </span>
     <span class='ocr_line' id='line_1_33' title="bbox 91 3159 1302 3242; baseline 0 -20"><span class='ocrx_word' id='word_1_307' title='bbox 91 3159 183 3222; x_wconf 88' lang='lat' dir='ltr'>nimis</span> <span class='ocrx_word' id='word_1_308' title='bbox 204 3161 389 3242; x_wconf 77' lang='lat' dir='ltr'>indiligenter</span> <span class='ocrx_word' id='word_1_309' title='bbox 420 3169 471 3224; x_wconf 84' lang='lat' dir='ltr'>eut</span> <span class='ocrx_word' id='word_1_310' title='bbox 491 3161 578 3222; x_wconf 92' lang='lat' dir='ltr'>nimis</span> <span class='ocrx_word' id='word_1_311' title='bbox 599 3159 754 3222; x_wconf 87' lang='lat' dir='ltr'>infeliciter</span> <span class='ocrx_word' id='word_1_312' title='bbox 775 3179 843 3222; x_wconf 88' lang='lat' dir='ltr'>sese</span> <span class='ocrx_word' id='word_1_313' title='bbox 865 3159 1076 3240; x_wconf 86' lang='lat' dir='ltr'>expediveriht.</span> <span class='ocrx_word' id='word_1_314' title='bbox 1104 3160 1204 3222; x_wconf 76' lang='lat' dir='ltr'>fuerit</span> <span class='ocrx_word' id='word_1_315' title='bbox 1218 3160 1302 3222; x_wconf 86' lang='lat' dir='ltr'>fesu&#39;-</span> 
     </span>
     <span class='ocr_line' id='line_1_34' title="bbox 92 3245 1304 3325; baseline 0 -17"><span class='ocrx_word' id='word_1_316' title='bbox 92 3246 184 3320; x_wconf 87' lang='lat' dir='ltr'>natic,</span> <span class='ocrx_word' id='word_1_317' title='bbox 206 3246 293 3308; x_wconf 90' lang='lat' dir='ltr'>fuerit</span> <span class='ocrx_word' id='word_1_318' title='bbox 314 3247 454 3320; x_wconf 90' lang='lat' dir='ltr'>taedium,</span> <span class='ocrx_word' id='word_1_319' title='bbox 477 3246 564 3307; x_wconf 91' lang='lat' dir='ltr'>luerit</span> <span class='ocrx_word' id='word_1_320' title='bbox 588 3255 685 3308; x_wconf 85' lang='lat' dir='ltr'>sectee</span> <span class='ocrx_word' id='word_1_321' title='bbox 711 3245 851 3318; x_wconf 88' lang='lat' dir='ltr'>studium,</span> <span class='ocrx_word' id='word_1_322' title='bbox 873 3245 1037 3307; x_wconf 86' lang='lat' dir='ltr'>eutnescio</span> <span class='ocrx_word' id='word_1_323' title='bbox 1053 3245 1122 3324; x_wconf 90' lang='lat' dir='ltr'>quid</span> <span class='ocrx_word' id='word_1_324' title='bbox 1137 3255 1304 3325; x_wconf 64' lang='lat' dir='ltr'>premerem</span> 
     </span>
     <span class='ocr_line' id='line_1_35' title="bbox 91 3330 1302 3412; baseline 0 -20"><span class='ocrx_word' id='word_1_325' title='bbox 91 3331 187 3392; x_wconf 88' lang='lat' dir='ltr'>fuisse</span> <span class='ocrx_word' id='word_1_326' title='bbox 209 3331 326 3411; x_wconf 90' lang='lat' dir='ltr'>aliquid,</span> <span class='ocrx_word' id='word_1_327' title='bbox 349 3330 437 3411; x_wconf 93' lang='lat' dir='ltr'>quod,</span> <span class='ocrx_word' id='word_1_328' title='bbox 468 3340 499 3392; x_wconf 92' lang='lat' dir='ltr'>ut</span> <span class='ocrx_word' id='word_1_329' title='bbox 519 3330 649 3412; x_wconf 87' lang='lat' dir='ltr'>pessime</span> <span class='ocrx_word' id='word_1_330' title='bbox 671 3331 818 3393; x_wconf 89' lang='lat' dir='ltr'>interdum</span> <span class='ocrx_word' id='word_1_331' title='bbox 839 3330 970 3392; x_wconf 88' lang='lat' dir='ltr'>rationes</span> <span class='ocrx_word' id='word_1_332' title='bbox 993 3330 1198 3406; x_wconf 88' lang='lat' dir='ltr'>subducerent,</span> <span class='ocrx_word' id='word_1_333' title='bbox 1229 3331 1302 3392; x_wconf 89' lang='lat' dir='ltr'>elle-</span> 
     </span>
     <span class='ocr_line' id='line_1_36' title="bbox 91 3415 1305 3497; baseline -0.002 -19"><span class='ocrx_word' id='word_1_334' title='bbox 91 3415 175 3488; x_wconf 88' lang='lat' dir='ltr'>cerit,</span> <span class='ocrx_word' id='word_1_335' title='bbox 203 3416 386 3497; x_wconf 91' lang='lat' dir='ltr'>exploratum</span> <span class='ocrx_word' id='word_1_336' title='bbox 413 3423 470 3477; x_wconf 89' lang='lat' dir='ltr'>est.</span> <span class='ocrx_word' id='word_1_337' title='bbox 512 3415 566 3478; x_wconf 88' lang='lat' dir='ltr'>llis</span> <span class='ocrx_word' id='word_1_338' title='bbox 594 3433 649 3496; x_wconf 92' lang='lat' dir='ltr'>ego</span> <span class='ocrx_word' id='word_1_339' title='bbox 678 3416 842 3490; x_wconf 87' lang='lat' dir='ltr'>decausis,</span> <span class='ocrx_word' id='word_1_340' title='bbox 869 3415 925 3477; x_wconf 85' lang='lat' dir='ltr'>etsi</span> <span class='ocrx_word' id='word_1_341' title='bbox 946 3415 1004 3476; x_wconf 90' lang='lat' dir='ltr'>illis</span> <span class='ocrx_word' id='word_1_342' title='bbox 1024 3415 1112 3495; x_wconf 90' lang='lat' dir='ltr'>longe</span> <span class='ocrx_word' id='word_1_343' title='bbox 1133 3415 1305 3477; x_wconf 90' lang='lat' dir='ltr'>inferiorem</span> 
     </span>
     <span class='ocr_line' id='line_1_37' title="bbox 91 3499 1304 3580; baseline 0 -18"><span class='ocrx_word' id='word_1_344' title='bbox 91 3519 140 3563; x_wconf 92' lang='lat' dir='ltr'>me</span> <span class='ocrx_word' id='word_1_345' title='bbox 162 3519 229 3564; x_wconf 89' lang='lat' dir='ltr'>esse</span> <span class='ocrx_word' id='word_1_346' title='bbox 249 3501 356 3574; x_wconf 90' lang='lat' dir='ltr'>sentio,</span> <span class='ocrx_word' id='word_1_347' title='bbox 378 3519 481 3562; x_wconf 90' lang='lat' dir='ltr'>saxum</span> <span class='ocrx_word' id='word_1_348' title='bbox 502 3500 593 3562; x_wconf 90' lang='lat' dir='ltr'>hocce</span> <span class='ocrx_word' id='word_1_349' title='bbox 613 3500 761 3562; x_wconf 90' lang='lat' dir='ltr'>volutandi</span> <span class='ocrx_word' id='word_1_350' title='bbox 783 3499 939 3562; x_wconf 89' lang='lat' dir='ltr'>oonsihum</span> <span class='ocrx_word' id='word_1_351' title='bbox 960 3508 1028 3562; x_wconf 89' lang='lat' dir='ltr'>ante</span> <span class='ocrx_word' id='word_1_352' title='bbox 1049 3499 1167 3580; x_wconf 77' lang='lat' dir='ltr'>aliquod</span> <span class='ocrx_word' id='word_1_353' title='bbox 1187 3507 1304 3580; x_wconf 90' lang='lat' dir='ltr'>tempus</span> 
     </span>
     <span class='ocr_line' id='line_1_38' title="bbox 89 3584 1306 3666; baseline -0.002 -18"><span class='ocrx_word' id='word_1_354' title='bbox 89 3585 157 3666; x_wconf 90' lang='lat' dir='ltr'>cepi</span> <span class='ocrx_word' id='word_1_355' title='bbox 185 3605 220 3648; x_wconf 91' lang='lat' dir='ltr'>ac</span> <span class='ocrx_word' id='word_1_356' title='bbox 252 3585 289 3648; x_wconf 92' lang='lat' dir='ltr'>de</span> <span class='ocrx_word' id='word_1_357' title='bbox 320 3605 396 3648; x_wconf 84' lang='lat' dir='ltr'>nora</span> <span class='ocrx_word' id='word_1_358' title='bbox 434 3586 558 3665; x_wconf 85' lang='lat' dir='ltr'>quadam</span> <span class='ocrx_word' id='word_1_359' title='bbox 585 3585 776 3648; x_wconf 86' lang='lat' dir='ltr'>afflictionum</span> <span class='ocrx_word' id='word_1_360' title='bbox 808 3585 1037 3648; x_wconf 79' lang='lat' dir='ltr'>Christianarum</span> <span class='ocrx_word' id='word_1_361' title='bbox 1064 3584 1198 3658; x_wconf 87' lang='lat' dir='ltr'>historie,</span> <span class='ocrx_word' id='word_1_362' title='bbox 1230 3601 1306 3664; x_wconf 87' lang='lat' dir='ltr'>quac</span> 
     </span>
     <span class='ocr_line' id='line_1_39' title="bbox 16 3667 1305 3750; baseline -0.005 -16"><span class='ocrx_word' id='word_1_363' title='bbox 16 3737 17 3742; x_wconf 59' lang='grc'>,</span> <span class='ocrx_word' id='word_1_364' title='bbox 90 3689 181 3750; x_wconf 91' lang='lat' dir='ltr'>quum</span> <span class='ocrx_word' id='word_1_365' title='bbox 210 3669 276 3732; x_wconf 82' lang='lat' dir='ltr'>aliis</span> <span class='ocrx_word' id='word_1_366' title='bbox 298 3669 387 3732; x_wconf 85' lang='lat' dir='ltr'>rebus</span> <span class='ocrx_word' id='word_1_367' title='bbox 410 3677 471 3732; x_wconf 93' lang='lat' dir='ltr'>tum</span> <span class='ocrx_word' id='word_1_368' title='bbox 492 3670 648 3750; x_wconf 86' lang='lat' dir='ltr'>praecipue</span> <span class='ocrx_word' id='word_1_369' title='bbox 669 3669 847 3749; x_wconf 91' lang='lat' dir='ltr'>diligentiori</span> <span class='ocrx_word' id='word_1_370' title='bbox 869 3679 1035 3750; x_wconf 89' lang='lat' dir='ltr'>temporum</span> <span class='ocrx_word' id='word_1_371' title='bbox 1056 3671 1208 3730; x_wconf 85' lang='lat' dir='ltr'>notahone</span> <span class='ocrx_word' id='word_1_372' title='bbox 1230 3667 1305 3728; x_wconf 89' lang='lat' dir='ltr'>emi-</span> 
     </span>
     <span class='ocr_line' id='line_1_40' title="bbox 16 3753 1307 3838; baseline -0.005 -21"><span class='ocrx_word' id='word_1_373' title='bbox 16 3815 17 3838; x_wconf 18' lang='lat'>}</span> <span class='ocrx_word' id='word_1_374' title='bbox 91 3764 188 3828; x_wconf 89' lang='lat' dir='ltr'>neret,</span> <span class='ocrx_word' id='word_1_375' title='bbox 220 3755 353 3834; x_wconf 79' lang='lat' dir='ltr'>cogitavi.</span> <span class='ocrx_word' id='word_1_376' title='bbox 397 3755 552 3835; x_wconf 83' lang='lat' dir='ltr'>specimen</span> <span class='ocrx_word' id='word_1_377' title='bbox 584 3755 661 3816; x_wconf 92' lang='lat' dir='ltr'>baud</span> <span class='ocrx_word' id='word_1_378' title='bbox 694 3755 735 3816; x_wconf 89' lang='lat' dir='ltr'>ite</span> <span class='ocrx_word' id='word_1_379' title='bbox 764 3755 878 3834; x_wconf 90' lang='lat' dir='ltr'>pridem</span> <span class='ocrx_word' id='word_1_380' title='bbox 911 3763 1013 3815; x_wconf 83' lang='lat' dir='ltr'>nostra</span> <span class='ocrx_word' id='word_1_381' title='bbox 1046 3753 1083 3814; x_wconf 89' lang='lat' dir='ltr'>de</span> <span class='ocrx_word' id='word_1_382' title='bbox 1104 3753 1307 3828; x_wconf 75' lang='lat' dir='ltr'>Athenagorae</span> 
     </span>
     <span class='ocr_line' id='line_1_41' title="bbox 16 3833 1306 3918; baseline -0.008 -12"><span class='ocrx_word' id='word_1_383' title='bbox 16 3869 33 3906; x_wconf 71' lang='grc'>,·</span> <span class='ocrx_word' id='word_1_384' title='bbox 89 3841 195 3902; x_wconf 74' lang='lat' dir='ltr'>betete</span> <span class='ocrx_word' id='word_1_385' title='bbox 224 3839 418 3902; x_wconf 77' lang='lat' dir='ltr'>Dissertatio·</span> <span class='ocrx_word' id='word_1_386' title='bbox 445 3838 591 3910; x_wconf 92' lang='lat' dir='ltr'>exhibuit,</span> <span class='ocrx_word' id='word_1_387' title='bbox 620 3856 677 3918; x_wconf 85' lang='lat' dir='ltr'>que</span> <span class='ocrx_word' id='word_1_388' title='bbox 704 3857 753 3900; x_wconf 88' lang='lat' dir='ltr'>me</span> <span class='ocrx_word' id='word_1_389' title='bbox 775 3838 958 3900; x_wconf 89' lang='lat' dir='ltr'>celeberrimi</span> <span class='ocrx_word' id='word_1_390' title='bbox 980 3837 1120 3898; x_wconf 84' lang='lat' dir='ltr'>lledwelli</span> <span class='ocrx_word' id='word_1_391' title='bbox 1142 3833 1306 3896; x_wconf 89' lang='lat' dir='ltr'>rationibus</span> 
     </span>
     <span class='ocr_line' id='line_1_42' title="bbox 16 3917 1306 4006; baseline -0.005 -21"><span class='ocrx_word' id='word_1_392' title='bbox 16 3989 17 4006; x_wconf 16' lang='grc' dir='ltr'>ἶ</span> <span class='ocrx_word' id='word_1_393' title='bbox 92 3922 253 4004; x_wconf 90' lang='lat' dir='ltr'>plurimum</span> <span class='ocrx_word' id='word_1_394' title='bbox 273 3923 408 3986; x_wconf 83' lang='lat' dir='ltr'>intulisse</span> <span class='ocrx_word' id='word_1_395' title='bbox 429 3923 527 3986; x_wconf 89' lang='lat' dir='ltr'>damni</span> <span class='ocrx_word' id='word_1_396' title='bbox 554 3922 640 3986; x_wconf 92' lang='lat' dir='ltr'>lectio</span> <span class='ocrx_word' id='word_1_397' title='bbox 671 3922 834 3984; x_wconf 87' lang='lat' dir='ltr'>testabitur.</span> <span class='ocrx_word' id='word_1_398' title='bbox 877 3921 956 3984; x_wconf 90' lang='lat' dir='ltr'>Usus</span> <span class='ocrx_word' id='word_1_399' title='bbox 978 3939 1094 4001; x_wconf 92' lang='lat' dir='ltr'>quoque</span> <span class='ocrx_word' id='word_1_400' title='bbox 1116 3939 1150 3982; x_wconf 87' lang='lat' dir='ltr'>ea</span> <span class='ocrx_word' id='word_1_401' title='bbox 1171 3927 1219 3979; x_wconf 89' lang='lat' dir='ltr'>est</span> <span class='ocrx_word' id='word_1_402' title='bbox 1238 3917 1306 3979; x_wconf 91' lang='lat' dir='ltr'>feli-</span> 
     </span>
     <span class='ocr_line' id='line_1_43' title="bbox 16 4001 1307 4087; baseline -0.005 -17"><span class='ocrx_word' id='word_1_403' title='bbox 16 4057 18 4082; x_wconf 80' lang='lat'>,</span> <span class='ocrx_word' id='word_1_404' title='bbox 62 4069 68 4076; x_wconf 84' lang='grc'><strong>,</strong></span> <span class='ocrx_word' id='word_1_405' title='bbox 93 4007 184 4070; x_wconf 86' lang='lat' dir='ltr'>citata</span> <span class='ocrx_word' id='word_1_406' title='bbox 210 4009 349 4087; x_wconf 86' lang='lat' dir='ltr'>spinosus</span> <span class='ocrx_word' id='word_1_407' title='bbox 375 4009 444 4070; x_wconf 89' lang='lat' dir='ltr'>lieet</span> <span class='ocrx_word' id='word_1_408' title='bbox 470 4008 563 4082; x_wconf 89' lang='lat' dir='ltr'>labor,</span> <span class='ocrx_word' id='word_1_409' title='bbox 592 4015 709 4070; x_wconf 91' lang='lat' dir='ltr'>utnon</span> <span class='ocrx_word' id='word_1_410' title='bbox 738 4006 906 4087; x_wconf 87' lang='lat' dir='ltr'>displiceret</span> <span class='ocrx_word' id='word_1_411' title='bbox 927 4005 975 4080; x_wconf 87' lang='lat' dir='ltr'>iis,</span> <span class='ocrx_word' id='word_1_412' title='bbox 1003 4023 1127 4085; x_wconf 90' lang='lat' dir='ltr'>quorum</span> <span class='ocrx_word' id='word_1_413' title='bbox 1149 4001 1307 4082; x_wconf 87' lang='lat' dir='ltr'>plurimum</span> 
     </span>
     <span class='ocr_line' id='line_1_44' title="bbox 16 4086 1305 4176; baseline -0.005 -22"><span class='ocrx_word' id='word_1_414' title='bbox 16 4087 17 4176; x_wconf 60' lang='lat'>,</span> <span class='ocrx_word' id='word_1_415' title='bbox 93 4092 173 4154; x_wconf 78' lang='lat' dir='ltr'>valet</span> <span class='ocrx_word' id='word_1_416' title='bbox 193 4093 269 4172; x_wconf 91' lang='lat' dir='ltr'>apud</span> <span class='ocrx_word' id='word_1_417' title='bbox 290 4114 338 4156; x_wconf 89' lang='lat' dir='ltr'>me</span> <span class='ocrx_word' id='word_1_418' title='bbox 360 4094 518 4156; x_wconf 86' lang='lat' dir='ltr'>auctoritas</span> <span class='ocrx_word' id='word_1_419' title='bbox 540 4109 651 4173; x_wconf 76' lang='lat' dir='ltr'>quosve</span> <span class='ocrx_word' id='word_1_420' title='bbox 673 4091 867 4170; x_wconf 89' lang='lat' dir='ltr'>intelligentes</span> <span class='ocrx_word' id='word_1_421' title='bbox 889 4091 993 4152; x_wconf 88' lang='lat' dir='ltr'>herum</span> <span class='ocrx_word' id='word_1_422' title='bbox 1008 4107 1108 4150; x_wconf 89' lang='lat' dir='ltr'>rerum</span> <span class='ocrx_word' id='word_1_423' title='bbox 1123 4086 1305 4149; x_wconf 89' lang='lat' dir='ltr'>existimato-</span> 
     </span>
     <span class='ocr_line' id='line_1_45' title="bbox 92 4172 1307 4259; baseline -0.005 -19"><span class='ocrx_word' id='word_1_424' title='bbox 92 4195 146 4240; x_wconf 88' lang='lat' dir='ltr'>res</span> <span class='ocrx_word' id='word_1_425' title='bbox 167 4177 309 4258; x_wconf 84' lang='lat' dir='ltr'>quidquid</span> <span class='ocrx_word' id='word_1_426' title='bbox 330 4178 554 4259; x_wconf 89' lang='lat' dir='ltr'>prudentiorum</span> <span class='ocrx_word' id='word_1_427' title='bbox 576 4185 622 4240; x_wconf 87' lang='lat' dir='ltr'>eet</span> <span class='ocrx_word' id='word_1_428' title='bbox 643 4176 785 4256; x_wconf 86' lang='lat' dir='ltr'>agnoseit</span> <span class='ocrx_word' id='word_1_429' title='bbox 817 4175 1004 4256; x_wconf 84' lang='lat' dir='ltr'>Quapropter</span> <span class='ocrx_word' id='word_1_430' title='bbox 1025 4189 1103 4234; x_wconf 88' lang='lat' dir='ltr'>nuno</span> <span class='ocrx_word' id='word_1_431' title='bbox 1116 4173 1214 4234; x_wconf 89' lang='lat' dir='ltr'>denuo</span> <span class='ocrx_word' id='word_1_432' title='bbox 1230 4172 1307 4234; x_wconf 83' lang='lat' dir='ltr'>vires</span> 
     </span>
     <span class='ocr_line' id='line_1_46' title="bbox 91 4256 1306 4344; baseline -0.005 -20"><span class='ocrx_word' id='word_1_433' title='bbox 91 4261 253 4344; x_wconf 87' lang='lat' dir='ltr'>periclitari</span> <span class='ocrx_word' id='word_1_434' title='bbox 279 4281 313 4328; x_wconf 78' lang='lat' dir='ltr'>ac</span> <span class='ocrx_word' id='word_1_435' title='bbox 339 4282 410 4326; x_wconf 87' lang='lat' dir='ltr'>uum</span> <span class='ocrx_word' id='word_1_436' title='bbox 438 4263 540 4326; x_wconf 87' lang='lat' dir='ltr'>eedem</span> <span class='ocrx_word' id='word_1_437' title='bbox 567 4261 738 4324; x_wconf 84' lang='lat' dir='ltr'>dexteritate</span> <span class='ocrx_word' id='word_1_438' title='bbox 767 4269 883 4340; x_wconf 87' lang='lat' dir='ltr'>tempus</span> <span class='ocrx_word' id='word_1_439' title='bbox 912 4256 1094 4322; x_wconf 82' lang='lat' dir='ltr'>celeberrimi</span> <span class='ocrx_word' id='word_1_440' title='bbox 1114 4256 1306 4337; x_wconf 80' lang='lat' dir='ltr'>Apologetici,</span> 
     </span>
     <span class='ocr_line' id='line_1_47' title="bbox 17 4347 598 4428; baseline -0.005 68"><span class='ocrx_word' id='word_1_441' title='bbox 17 4407 18 4412; x_wconf 25' lang='grc' dir='ltr'>ψ</span> <span class='ocrx_word' id='word_1_442' title='bbox 90 4343 1216 4428; x_wconf 66' lang='lat' dir='ltr'>rr</span> 
     </span>
    </p>
   </div>
   <div class='ocr_carea' id='block_1_5' title="bbox 163 4615 1146 4683">
    <p class='ocr_par' dir='ltr' id='par_1_5' title="bbox 163 4615 1146 4683">
     <span class='ocr_line' id='line_1_48' title="bbox 163 4615 1146 4683; baseline -0.002 -15"><span class='ocrx_word' id='word_1_443' title='bbox 163 4632 185 4670; x_wconf 83' lang='grc' dir='ltr'>ι.</span> <span class='ocrx_word' id='word_1_444' title='bbox 201 4620 271 4672; x_wconf 81' lang='lat' dir='ltr'>Extat</span> <span class='ocrx_word' id='word_1_445' title='bbox 287 4620 311 4672; x_wconf 90' lang='lat' dir='ltr'>in</span> <span class='ocrx_word' id='word_1_446' title='bbox 329 4619 476 4672; x_wconf 79' lang='lat' dir='ltr'>bibliothece</span> <span class='ocrx_word' id='word_1_447' title='bbox 494 4618 579 4670; x_wconf 83' lang='lat' dir='ltr'>Theoi.</span> <span class='ocrx_word' id='word_1_448' title='bbox 596 4618 658 4670; x_wconf 83' lang='lat' dir='ltr'>liiet.</span> <span class='ocrx_word' id='word_1_449' title='bbox 675 4616 762 4670; x_wconf 84' lang='lat' dir='ltr'>Philel.</span> <span class='ocrx_word' id='word_1_450' title='bbox 780 4631 842 4683; x_wconf 81' lang='lat' dir='ltr'>quac</span> <span class='ocrx_word' id='word_1_451' title='bbox 859 4615 959 4668; x_wconf 78' lang='lat' dir='ltr'>hremae</span> <span class='ocrx_word' id='word_1_452' title='bbox 977 4615 1065 4682; x_wconf 88' lang='lat' dir='ltr'>prodiit</span> <span class='ocrx_word' id='word_1_453' title='bbox 1082 4623 1098 4668; x_wconf 86' lang='lat' dir='ltr'>t.</span> <span class='ocrx_word' id='word_1_454' title='bbox 1116 4615 1146 4666; x_wconf 93' lang='lat' dir='ltr'>ll.</span> 
     </span>
    </p>
   </div>
   <div class='ocr_carea' id='block_1_6' title="bbox 0 0 1593 5250">
    <p class='ocr_par' dir='ltr' id='par_1_6' title="bbox 0 0 1593 5250">
     <span class='ocr_line' id='line_1_49' title="bbox 0 0 1593 5250; baseline 0 0"><span class='ocrx_word' id='word_1_455' title='bbox 0 0 1593 5250; x_wconf 95' lang='lat' dir='ltr'> </span> 
     </span>
    </p>
   </div>
  </div>
 </body>
</html>
