3114 5240
235 345 278 410 90
314 360 506 404 bisantinum
522 361 552 402 tlt
569 360 616 411 QU.
632 359 715 402 SEPT·
730 357 816 402 FLOR.
833 357 1026 408 tumulant
1039 358 1265 402 brococurlcun
1277 358 1361 402 CET'l'.

236 512 280 574 ris
302 511 396 573 salute
416 529 478 572 non
499 510 591 572 salsos
612 509 679 572 illos
701 509 786 584 deos,
809 508 863 570 sed
884 508 976 572 llauan
997 527 1109 582 verum,
1130 507 1227 570 rinrm
1248 517 1278 571 et
1293 517 1451 572 aetmnnm

236 595 440 677 precabantur.
485 595 557 657 Nam
579 603 609 656 et
630 594 749 675 ipsimet
769 593 974 674 imperatores,
997 595 1023 656 si
1046 613 1134 655 sanae
1155 593 1345 670 mantissiut,
1367 595 1452 658 hunc

238 682 296 744 sibi
317 688 420 761 optant
441 699 511 740 esse
532 679 709 760 propitium,
742 696 845 758 a-quo
867 679 977 741 habent
997 678 1076 758 quod
1098 678 1234 740 homines
1257 678 1332 751 sint,
1366 679 1451 758 quod

238 766 342 840 vivant,
364 765 444 844 quod
465 763 529 825 aliis
551 764 720 825 hominibus
741 763 896 843 imperent
939 764 997 825 Pro
1019 781 1123 825 eorum
1144 762 1233 842 igitur
1247 762 1350 837 salute,
1373 782 1453 843 pro-

237 851 387 931 speritate,
410 849 467 909 rita
488 848 613 927 longiori
635 848 832 928 diuturnoque
854 848 978 928 imperio
995 847 1152 911 Christiani
1173 847 1309 910 manibus
1330 866 1449 928 expan-

237 937 291 1008 sis,
313 935 393 997 nudo
415 933 519 1013 capite,
543 933 607 994 sirie
628 933 746 1020 praevio
768 933 915 996 monitore
936 952 1041 1013 preces
1062 932 1223 994 tundebant
1237 933 1273 994 de
1289 951 1453 1013 camepu-
1549 926 1550 930 ’

142 1064 145 1074 1
239 1020 317 1093 dica,
351 1019 507 1081 innocente
535 1017 631 1078 anima
659 1037 693 1078 ac
715 1025 815 1078 sancto
839 1017 949 1098 Spiritu
971 1018 1128 1097 prolectas.
1173 1017 1231 1078 Sed
1252 1035 1313 1078 non
1335 1018 1451 1078 ollere-

237 1105 317 1178 bant,
340 1104 415 1166 sicut
437 1102 560 1174 ethnici,
591 1121 678 1182 grana
700 1101 788 1163 unius
810 1101 900 1176 assis,
922 1121 977 1162 nec
998 1101 1113 1164 arboris
1134 1102 1272 1163 Arabicae
1294 1102 1450 1182 lacrymas,

237 1209 293 1251 nec
315 1187 487 1266 sanguinem
507 1187 592 1248 bovis
615 1187 693 1248 tabie
714 1195 764 1249 aut
784 1195 878 1248 aetate
900 1185 1034 1259 conlecti,
1055 1204 1111 1248 nec
1132 1205 1268 1267 spurcam
1290 1186 1452 1248 conscien-

239 1275 323 1346 tiam,
346 1280 397 1334 aut
416 1271 531 1334 hostias
554 1291 569 1332 a
591 1271 792 1332 vitiosissimis
814 1271 1016 1333 sacerdotibus
1038 1271 1214 1333 immolatas.
1257 1271 1453 1333 Etlinicorum

238 1360 336 1438 itaque
357 1357 510 1437 praesides
532 1363 673 1436 prouocat
695 1355 903 1428 Tertullianus,
926 1366 959 1416 ut
980 1355 1180 1430 Christianos,
1205 1356 1230 1416 si
1252 1357 1297 1416 las
1319 1373 1451 1434 unquam

240 1443 288 1516 sit,
311 1461 347 1504 eo
369 1441 564 1503 modollenm
585 1459 639 1520 pro
662 1441 849 1520 imperatoris
871 1440 963 1502 salute
976 1448 1131 1521 precantes
1142 1447 1307 1520 torqueant,
1329 1439 1452 1502 discru-

239 1528 317 1590 cient
339 1535 369 1588 et
390 1526 523 1587 occidant
543 1529 619 1605 (cap.
641 1529 691 1591 28.
715 1529 766 1590 29.
789 1527 862 1601 30.).

326 1613 419 1684 Quam
448 1611 564 1671 sincero
593 1619 691 1672 autern
718 1610 831 1684 animo,
860 1629 916 1672 nec
935 1609 1000 1670 ficta
1022 1609 1204 1682 adulatione,
1227 1627 1302 1688 quae
1324 1609 1452 1672 ethnicis
1550 1663 1551 1688 ,

240 1715 305 1757 earn
327 1695 533 1756 obiicientibus
555 1695 706 1774 prodesse
723 1703 849 1775 poterat,
873 1695 916 1756 sic
928 1694 1019 1755 Deum
1043 1693 1274 1773 omnipotentem
1290 1713 1450 1774 precaren-
1550 1695 1551 1762 ζ

240 1789 297 1854 tur,
319 1781 388 1841 inde
409 1779 457 1840 ille
479 1779 670 1852 demonstrat,
693 1781 771 1859 quod
795 1779 886 1841 sacris
909 1797 1012 1841 eorum
1033 1778 1150 1851 litteris,
1173 1797 1245 1858 quas
1267 1797 1327 1839 non
1348 1778 1451 1840 noud-

239 1865 348 1938 tabant,
371 1863 508 1924 omnibus
530 1863 716 1942 praecipitur,
739 1872 852 1924 utnon
875 1864 972 1924 solum
993 1883 1050 1943 pro
1073 1863 1198 1924 inimicis
1222 1862 1295 1934 suis,
1319 1863 1372 1924 sed
1392 1882 1452 1943 pro

239 1950 314 2029 ipsis
342 1949 430 2010 etiam
457 1948 631 2010 nominatim
659 1948 885 2027 imperatoribus
906 1948 997 2010 lleum
1025 1955 1119 2009 orent
1162 1947 1249 2009 ludit
1269 1946 1354 2010 aham
1376 1947 1454 2027 ipsis

241 2035 334 2096 luisse
355 2050 489 2107 causam,
511 2032 573 2094 sive
595 2033 693 2112 potius
715 2033 937 2104 necessitatem,
959 2051 1014 2110 pro
1036 2032 1262 2110 imperatoribus
1284 2039 1314 2093 et
1333 2031 1456 2110 imperii

135 2141 139 2149 ·
167 2145 170 2154 ·
241 2117 366 2180 Romani
388 2125 465 2178 statu
487 2117 605 2189 orandi,
627 2125 659 2180 ut
680 2117 781 2178 mundi
802 2117 957 2189 nimirum,
980 2117 1117 2194 quicum
1140 2134 1175 2194 eo
1197 2117 1295 2195 perire
1317 2116 1455 2192 debebat,
1551 2175 1552 2186 ,

241 2203 309 2264 ilnis
336 2203 541 2264 retardaretur.
586 2201 734 2274 Quocirca
756 2220 810 2280 per
838 2201 961 2263 salutern
988 2201 1198 2279 imperatorum
1225 2201 1350 2262 libenter
1370 2201 1456 2262 iura-
1551 2205 1552 2208 ’

242 2287 323 2361 bant,
345 2287 465 2348 minime
486 2305 555 2347 vero
571 2305 630 2366 per
651 2285 768 2348 illorum
788 2286 902 2366 genios,
919 2304 999 2365 nuos
1022 2285 1253 2347 adiurationibus
1264 2287 1366 2363 fugare
1377 2305 1457 2348 con-
1551 2361 1552 2366 γ

243 2379 399 2436 sueverant
420 2374 494 2450 (cap.
517 2373 567 2435 31.
591 2374 665 2447 32).

324 2457 480 2518 Praeterea
507 2463 586 2518 tanto
614 2455 724 2529 maior,
752 2455 846 2534 inquit
865 2454 974 2516 Auctor
994 2462 1113 2528 noster,
1136 2463 1200 2516 erat
1220 2453 1458 2516 Christianorum

242 2542 336 2622 pietas
358 2549 389 2601 et
408 2540 512 2619 religio
535 2559 602 2620 erga
625 2541 841 2619 imperatorem,
862 2547 972 2618 quanto
994 2539 1102 2600 certius
1124 2534 1256 2600 sciebant
1269 2539 1456 2602 illumalleo

243 2644 314 2688 vero
341 2625 464 2687 electum
492 2643 526 2686 ac
546 2625 747 2686 constitutum.
790 2623 833 2684 hb
856 2624 912 2684 hoc
933 2623 1020 2702 igitur
1039 2624 1102 2684 Deo
1124 2623 1309 2702 imperatoris
1330 2624 1458 2686 salutem

244 2729 280 2773 eo
302 2709 413 2772 facilius
434 2717 571 2789 poterant
593 2710 759 2789 impetrare,
782 2708 862 2788 qnod
884 2708 965 2770 hisce
986 2708 1123 2786 precibus
1144 2707 1226 2770 illum
1235 2707 1296 2769 Deo
1307 2708 1459 2772 minorem

244 2815 312 2858 esse
333 2794 508 2856 latabantur.
551 2794 637 2856 Nefas
666 2803 762 2856 autem
784 2793 857 2872 ipsis
878 2801 941 2854 erat
961 2793 1166 2872 imperatorem
1188 2793 1275 2854 deum
1297 2793 1458 2871 appellare,

150 2939 157 2958 ,
244 2887 347 2959 utpote
373 2878 424 2958 qui
451 2879 542 2941 homo
570 2888 632 2952 est,
660 2897 694 2940 ac
725 2879 793 2938 dum
822 2877 997 2956 triumphat,
1024 2896 1094 2938 suae
1115 2877 1289 2938 admonetur
1309 2877 1458 2940 humanae

245 2964 432 3027 conditionis.
477 2964 554 3036 Quin
583 2981 653 3024 vero
674 2963 822 3042 Augustus
849 2963 1008 3042 imperator
1035 2961 1154 3024 nolebat
1170 2981 1204 3022 se
1225 2961 1375 3042 dominum
1396 2983 1457 3024 vc·
1552 2959 1553 2964 ’

246 3049 314 3110 caii.
358 3048 395 3110 Et
415 3057 493 3110 recte
515 3049 651 3127 quidem3
674 3067 741 3109 nam
762 3065 839 3111 unus
861 3055 907 3108 est
921 3046 1051 3108 omnium
1066 3055 1153 3124 atquc
1167 3045 1254 3107 etiarn
1269 3046 1458 3126 imperatoris

245 3133 399 3204 dominus,
422 3132 535 3193 scilicet
555 3133 633 3194 Deus
655 3132 851 3210 omnipotens.
894 3131 1026 3210 Denique
1048 3130 1196 3209 quomodo
1220 3131 1378 3209 imperator
1398 3131 1459 3192 ad-

201 3249 204 3256 ·
246 3217 303 3278 huc
332 3216 413 3276 rivus
439 3223 554 3293 poterat
575 3215 628 3276 Ilei
656 3216 794 3294 appellari
815 3215 952 3288 nomine,
980 3216 1059 3294 quod
1081 3215 1189 3276 ethuici
1210 3233 1271 3276 non
1293 3223 1359 3277 aute
1379 3233 1461 3296 apo-

246 3299 363 3362 theosin
386 3295 560 3362 Caesaribus
583 3299 749 3362 tribuebant
770 3319 832 3378 cap.
856 3303 906 3366 33.
930 3298 1017 3376 aar?

331 3383 396 3455 Qua
417 3392 512 3444 autem
534 3384 669 3446 facilitate
691 3393 721 3446 et
741 3385 885 3446 evidentia
900 3383 1095 3446 Tertullianus
1118 3383 1259 3446 hactenus
1282 3384 1462 3463 probaverat

246 3467 428 3530 Christianos
450 3485 510 3528 non
533 3487 599 3530 esse
620 3487 689 3530 reos
711 3469 807 3530 laesae
830 3469 1151 3542 maiestatishumanac,
1174 3469 1276 3530 eadem
1289 3469 1460 3548 perspicui-

246 3562 305 3615 tate
327 3551 467 3626 ostendit,
489 3571 541 3614 eos
563 3561 717 3631 propterea
738 3553 775 3614 ab
797 3554 920 3615 ethnicis
941 3553 999 3616 dici
1019 3572 1081 3614 non
1101 3554 1235 3632 potuisse
1251 3553 1384 3632 publicos
1400 3555 1461 3615 ho-

247 3647 326 3712 stes,
354 3637 433 3718 quod
460 3637 593 3716 ipsorum
614 3657 699 3700 more
718 3657 779 3698 non
801 3638 983 3700 celebrarent
1003 3638 1161 3700 Caesarum
1183 3637 1337 3700 solemnia.
1382 3637 1461 3711 Quis

247 3724 326 3786 enim
354 3722 413 3784 nisi
435 3721 543 3801 impius
565 3723 655 3784 homo
677 3723 794 3802 negabit
815 3742 849 3805 ea
870 3723 980 3802 agenda
1002 3742 1069 3784 esse
1090 3741 1156 3784 curn
1177 3739 1282 3802 magna
1302 3723 1461 3798 modestia,

247 3807 436 3881 verecundia,
467 3807 627 3868 sobrietate
660 3816 689 3870 et
720 3807 883 3886 pudicitia?
941 3807 1025 3886 Atqui
1059 3806 1182 3886 gentiles
1209 3825 1244 3868 ea
1271 3806 1463 3870 celebrabant

247 3911 360 3956 summa
383 3891 586 3966 cumlasciria,
609 3891 757 3966 ebrietate,
770 3892 959 3971 impudentia,
982 3891 1131 3954 seditiosis
1146 3891 1462 3966 cursitationibus,in-

248 3978 342 4040 iuriis·
361 3985 391 4039 et
416 3977 555 4056 appensis
583 3977 676 4039 instar
702 3977 884 4056 lupanarium
912 3977 948 4038 ad
976 3976 1132 4038 domorum
1163 3985 1265 4056 postes
1293 3976 1403 4038 laureis
1425 3996 1463 4040 ac

168 4135 174 4145 x
248 4061 386 4123 lucernis.
430 4062 493 4124 lluc
520 4062 646 4136 accedit,
679 4064 758 4140 qnod
785 4063 858 4124 haec
884 4063 959 4123 lesta
987 4060 1130 4123 solemnia
1151 4069 1271 4142 agentes
1301 4079 1364 4123 non
1382 4061 1461 4140 ipsis

211 4173 217 4188 ·
248 4144 406 4224 parcebant
426 4146 662 4226 imperatoribus,
685 4146 790 4225 quibus
811 4165 877 4208 curn
898 4147 996 4225 plures
1017 4145 1093 4208 ritae
1115 4146 1292 4208 anuoslalso
1307 4145 1462 4224 optabant,

215 4253 221 4264 ¹
250 4238 312 4291 turn
334 4229 371 4290 de
393 4229 449 4292 alio
471 4250 548 4293 noro
570 4231 735 4311 cogitabant
756 4231 881 4293 creando
903 4231 1091 4309 imperatore.

331 4313 432 4393 Neque
460 4315 530 4376 sinit
549 4316 658 4379 Auctor
685 4324 787 4378 noster
816 4315 872 4380 sibi
899 4315 1080 4394 respondere
1102 4316 1174 4377 haec
1194 4314 1272 4378 caeci
1295 4321 1407 4376 tantum
1429 4321 1463 4376 et

247 4398 353 4478 ingrati
373 4398 451 4477 uulgi
473 4419 539 4462 esse
560 4411 636 4474 rota,
658 4419 719 4462 non
740 4419 810 4462 vero
831 4400 964 4472 aliorum.
1006 4399 1072 4461 Non
1095 4401 1173 4462 enim
1194 4399 1300 4479 plebeii
1320 4399 1481 4462 homines·

249 4493 332 4546 erant
353 4483 545 4546 intensissimi
567 4487 777 4566 imperatorum
798 4487 906 4547 bostes'
922 4485 1026 4558 Cassii,
1048 4485 1140 4565 Nigri,
1162 4484 1269 4553 Albini,
1291 4503 1387 4563 neque
1409 4483 1461 4546 alii

249 4567 372 4649 Sigeriis
394 4578 424 4632 et
443 4567 609 4632 Partheniis
631 4572 818 4647 audaciores,
840 4570 889 4651 qui
910 4569 987 4634 iuter
1008 4570 1081 4633 duas
1101 4571 1201 4633 lemos
1223 4569 1379 4634 Caesarem
1400 4567 1463 4632 ob-
