3132 5238
254 363 297 425 ⁴4
478 379 669 423 msssnrxt'lo
692 381 729 422 or:
752 379 944 423 repromittit
965 380 1032 423 virt
1053 381 1091 424 ET
1114 381 1245 424 scalenis

256 531 455 611 infirmitatis,
477 540 508 592 ut
529 531 568 592 ait
588 531 636 592 ille
658 535 763 612 capt.
786 551 954 605 conversus,
977 531 1013 593 ab
1029 532 1146 592 ethnico
1161 531 1349 592 matrimonio
1365 525 1476 592 coniu-

259 633 324 694 gem
347 632 428 676 suam
451 633 550 677 arcere
571 617 691 695 cogitat,
714 617 739 678 si
761 625 829 696 post
851 635 1003 678 excessum
1025 617 1080 678 riri
1102 617 1180 677 illam
1200 615 1313 695 nuptiis
1336 625 1397 676 non
1418 635 1477 677 rc-

259 701 394 761 uuntiare
421 701 576 780 contingat.
620 702 699 762 Bene
727 691 794 774 est3¹
819 702 843 763 si
867 701 995 763 Pamelio
1023 701 1186 771 credimus,
1219 700 1315 782 possit
1341 700 1478 779 quilibet,

259 784 307 862 qui
336 785 545 847 continentiam
579 785 768 864 promittente
802 787 879 848 idem
913 805 1003 847 uxore
1025 786 1147 859 noverit,
1181 805 1261 860 eam,
1295 786 1372 864 quod
1404 787 1480 847 lecit

260 865 453 930 Tertullianus
476 869 526 930 lib.
548 867 569 930 l.
593 889 655 948 cap.
679 874 707 934 7.
731 872 771 932 ita
793 870 912 950 alloqui:
940 871 1043 944 Qnare
1063 871 1240 950 [acuitatem
1262 874 1478 942 continentiae,

260 964 405 1034 nitentum
422 971 595 1033 posennus,
619 974 681 1017 nan
704 955 884 1036 diligamns?
923 957 1174 1035 Quamprimum
1196 955 1361 1028 obvenerit,
1384 957 1481 1018 imbi-

145 1047 148 1062 '
261 1040 378 1108 bamus,
407 1050 442 1100 nt
463 1041 541 1120 qnod
562 1045 594 1101 in
615 1045 808 1102 matrimonio
830 1060 892 1103 non
913 1039 1060 1111 valemus,
1092 1045 1124 1101 in
1150 1041 1294 1102 viduitate
1315 1051 1480 1104 sectnnur.

259 1121 471 1204 Amplectenda
493 1129 606 1186 occasio
630 1137 684 1197 est,
707 1144 781 1207 pnoe
803 1126 912 1187 ademit
933 1126 1011 1206 quod
1032 1129 1193 1186 necessitas
1214 1126 1390 1204 imperabat.
1412 1125 1478 1186 Ve-

258 1225 325 1268 rum
347 1208 431 1287 pauci
453 1217 538 1281 sunt,
572 1208 693 1288 opinor,
721 1209 771 1288 qui
791 1229 852 1270 non
884 1209 971 1270 alium
1003 1210 1090 1288 longe
1112 1208 1290 1270 Tertulliano
1323 1209 1353 1269 in
1384 1209 1480 1271 simili

169 1325 172 1330 ·
259 1311 348 1354 eausa
368 1293 534 1354 habendum
556 1295 647 1355 luisse
669 1311 853 1368 sennonem,
876 1295 982 1373 quique
1004 1293 1213 1373 quantumlibet
1233 1293 1391 1354 reluctante
1413 1294 1478 1356 Pa-

259 1376 358 1450 mclio,
380 1377 476 1438 virum
497 1377 747 1440 vehementissimi
769 1380 798 1440 iu
821 1379 895 1452 cuii,
918 1379 953 1439 ad
975 1379 1049 1450 voti,
1078 1379 1104 1439 si
1126 1379 1203 1456 quod
1225 1378 1330 1442 luisset
1352 1385 1412 1440 tum
1437 1379 1476 1440 ab

259 1461 308 1522 illa
330 1461 494 1534 emissum,
506 1463 687 1524 sanctitatem
704 1473 733 1525 et
747 1397 947 1526 anelontatem
963 1463 1232 1534 commendandam,
1254 1479 1314 1522 non
1331 1462 1386 1524 alia
1400 1483 1475 1525 ver-

259 1545 365 1618 borum
387 1555 436 1608 aut
458 1548 668 1609 sententiarum
690 1550 821 1627 pondera
846 1548 1034 1610 collecturum
1056 1547 1149 1609 luisse
1170 1547 1344 1608 existiment.

343 1631 472 1710 Lapsum
500 1651 567 1692 esse
587 1632 748 1694 Pamelium
770 1634 835 1712 qui,
864 1640 896 1694 ut
917 1633 1045 1706 videtur,
1073 1631 1196 1692 advertit
1216 1649 1345 1711 nuperus
1371 1641 1477 1694 auctor

258 1713 400 1788 historiae
421 1716 601 1786 Tertulliani,
623 1735 693 1777 num
718 1717 775 1779 sibi
798 1717 904 1778 caverit
925 1717 1028 1796 magis,
1051 1724 1080 1777 et
1102 1735 1223 1778 suorum
1247 1735 1349 1778 causae
1365 1716 1472 1780 melius

260 1799 454 1871 consuluerim
484 1801 541 1861 iam
563 1801 722 1862 videamus.
767 1803 828 1863 llos
852 1803 887 1862 ad
910 1801 1035 1863 Uxorem
1057 1801 1148 1861 libros
1169 1820 1184 1861 a
1208 1801 1384 1862 Tertulliano
1405 1811 1472 1862 sta-

260 1882 312 1944 tim
345 1893 414 1962 post
439 1883 614 1962 baptismum
638 1894 804 1964 susceptum
827 1886 953 1964 scriptos
976 1886 1142 1947 arbitratur.
1188 1885 1253 1958 Quo
1276 1885 1474 1964 argumento?

259 1968 304 2028 lln
327 1968 405 2046 quod
427 1969 598 2030 Tertulliani
621 1970 772 2048 coniugem
796 1981 941 2050 supponat
963 1969 1078 2031 llorenti
1101 1970 1195 2031 adhuc
1216 1977 1317 2043 aetate,
1341 1989 1374 2032 ac
1395 1971 1476 2033 libe-

259 2070 373 2127 rorum,
395 2053 502 2133 quibus
531 2055 660 2116 caruisse
688 2055 811 2128 videtur,
840 2055 1094 2132 suscipiendorum
1123 2073 1208 2116 eausa
1236 2073 1326 2117 novas
1354 2056 1475 2134 nuptias

259 2137 386 2215 cogitem
417 2147 486 2216 post
517 2138 593 2200 illius
626 2157 776 2200 excessum
804 2138 961 2219 potuisse?
1004 2140 1085 2200 llanc
1110 2139 1150 2200 illi
1177 2147 1305 2201 mentem
1333 2141 1478 2220 affingere

258 2222 346 2294 nulla,
369 2230 401 2283 ut
422 2223 538 2301 opinor,
560 2234 606 2284 est
626 2223 740 2285 iniuria.
774 2263 776 2268 -

343 2307 450 2368 Verum
478 2325 515 2368 ne
537 2308 566 2370 id
588 2309 790 2382 admittamus,
819 2309 883 2388 ipse
905 2307 1103 2369 TertuUianus
1130 2308 1361 2387 pertinacissime
1384 2319 1473 2372 vetat

258 2391 319 2451 lam
342 2391 418 2452 enim
448 2391 497 2452 lib.
519 2392 542 2454 l.
572 2411 634 2471 cap.
661 2397 687 2457 l.
718 2401 762 2454 tot
788 2401 909 2472 usurpat
936 2411 1010 2472 quae
1039 2393 1075 2453 ad
1097 2393 1244 2453 seniorem
1267 2403 1401 2472 spectant
1421 2397 1473 2474 qui

259 2477 426 2538 testamenti
446 2476 559 2539 tabulas
578 2478 715 2538 ordinare
729 2477 904 2556 aggreditur,
926 2487 958 2538 ut
972 2477 1080 2538 iamdiu
1095 2477 1297 2556 presbyterum
1315 2479 1474 2557 scripsisse

260 2559 418 2639 agnoscant
447 2562 593 2624 Pamelius
623 2571 651 2622 et
672 2562 814 2641 Rigaltius
841 2563 886 2622 vir
903 2562 1028 2623 acrioris
1051 2562 1138 2641 longe
1160 2563 1268 2624 iudicii.
1311 2563 1473 2626 Pamelium

258 2645 422 2708 audivimus
444 2663 546 2724 supra:
569 2647 613 2708 sic
633 2657 729 2708 autem
745 2656 774 2707 et
789 2646 930 2726 lligaltius
952 2647 982 2706 in
994 2645 1246 2708 observationibus
1268 2648 1303 2708 ad
1324 2648 1373 2709 lib.
1391 2649 1413 2708 l.
1438 2651 1476 2712 ad

258 2731 401 2793 Uxorem:
435 2730 640 2794 Tertullianus
663 2732 811 2794 Ecclesiae
835 2732 1089 2810 Cartbapiniensis
1109 2733 1269 2811 presbyter
1291 2743 1387 2795 aetate
1410 2739 1474 2796 iane

244 2821 481 2896 ‘ingravescente
502 2819 672 2880 admonitos
696 2817 789 2879 libros
812 2818 851 2877 ad
871 2833 1000 2893 oporam
1021 2817 1118 2877 adbuc
1140 2818 1269 2878 oioidcm
1292 2819 1365 2879 ditos
1387 2825 1481 2898 qnasi

260 2906 430 2963 testamenti
449 2901 567 2963 tabulas
593 2903 732 2964 condidit.
777 2902 851 2962 Tum
880 2919 968 2961 nemo
997 2910 1056 2973 est,
1085 2901 1133 2978 qui
1162 2901 1228 2961 licet
1254 2903 1284 2962 iu
1312 2902 1358 2963 his
1385 2901 1477 2965 libris

260 2985 346 3063 longe
374 2985 493 3047 mollius
521 2987 659 3048 adversus
682 2986 825 3048 secundas
846 2985 963 3064 nuptias
985 2994 1069 3064 atque
1092 2985 1243 3046 remissius
1265 2995 1330 3065 agat
1352 2986 1473 3047 Tertul-

259 3071 369 3144 lianus,
398 3089 484 3148 quam
515 3071 546 3131 iu
574 3071 679 3132 ceteris
708 3071 825 3149 scriptis
848 3089 921 3148 quae
943 3070 1118 3130 Montauista
1141 3072 1231 3130 lactus
1254 3073 1358 3144 edidit,
1384 3070 1472 3150 plura

258 3161 355 3214 nmen
377 3155 407 3215 in
429 3155 487 3215 illis
509 3173 647 3215 occanere
668 3173 729 3214 non
751 3155 975 3226 animadvertat,
1003 3171 1076 3232 quae
1098 3154 1155 3214 iam
1177 3155 1207 3214 in
1229 3155 1356 3217 Montani
1379 3156 1473 3216 scho-

257 3237 315 3298 lam
337 3256 371 3299 ao
392 3237 575 3317 disciplinam
597 3238 756 3316 proclivem
778 3239 849 3300 eius*
863 3239 991 3300 animum
1013 3238 1184 3316 significant.

342 3321 416 3383 Eum
437 3337 530 3401 usmis
551 3323 587 3382 ad
609 3322 736 3383 medium
759 3323 861 3384 aetatis
883 3323 1083 3402 presbytemm
1105 3323 1251 3385 Ecclesiae
1273 3320 1476 3404 permansisse

257 3406 298 3467 ait
313 3405 507 3485 Hieronymus
530 3407 560 3467 in
576 3406 726 3485 Catalogo,
754 3408 790 3467 ad
805 3407 933 3468 llontani
951 3409 1059 3486 dogma
1081 3418 1183 3488 postea
1199 3409 1347 3487 delapsum
1362 3408 1477 3471 vixisse

257 3509 351 3570 usque
378 3491 412 3552 ad
442 3491 618 3570 decrepitam
648 3499 785 3552 sentem:
814 3492 882 3570 quid
912 3492 937 3552 si
965 3495 1058 3552 an'nos
1081 3493 1263 3571 septuaginta
1285 3493 1394 3571 attigit,
1423 3505 1478 3556 aut

258 3575 295 3637 ad
328 3593 435 3637 annum
463 3576 691 3653 octuagesimum
719 3577 869 3654 pervenit,
902 3595 975 3656 quae
1001 3577 1115 3638 videtur
1142 3577 1172 3637 in
1202 3578 1301 3638 multis
1322 3577 1477 3656 decrepita

257 3659 348 3733 aetas,
371 3669 431 3722 ttrm
455 3660 587 3739 sequitur
614 3661 688 3722 circa
711 3681 819 3722 annum
842 3662 975 3734 cxctx,
998 3681 1055 3740 quo
1078 3663 1214 3723 consules
1236 3663 1473 3724 lueruntrlnuli-

256 3753 314 3808 nus
342 3746 518 3817 oteramo,
552 3745 759 3809 'Tertulliauam
782 3747 988 3807 llontaoistam
1017 3747 1141 3820 lactum,
1175 3755 1261 3825 atque
1288 3748 1361 3808 adeo
1383 3749 1477 3826 paulo

258 3840 341 3893 antea
364 3831 457 3893 libros
478 3830 513 3891 ad
534 3830 660 3891 Uxorem
684 3831 838 3910 scripsisse
859 3831 991 3892 videatur
1012 3849 1104 3891 annos
1127 3832 1242 3892 circiter
1263 3832 1476 3912 quinquaginta

256 3924 307 3977 aut
329 3917 476 3995 sexaputa
497 3923 593 3976 natus.
638 3915 669 3976 Si
691 3915 874 3977 coniecturas
895 3917 962 3977 lieet
982 3917 1012 3976 in
1034 3935 1067 3976 re
1089 3916 1197 3977 incerta
1219 3935 1373 3994 promere,
1403 3937 1474 3979 cre-

257 4001 323 4060 dam
346 4000 557 4062 Tertullianum
585 4001 660 4062 circa
688 4019 796 4062 annum
827 4000 933 4062 CXLV.
962 4009 1012 4062 aut
1033 4000 1089 4061 CL.
1112 4001 1206 4062 lucem
1234 4001 1360 4071 vidisse,
1394 4001 1473 4064 circa

257 4101 365 4144 annum
394 4084 554 4147 CLXXXV.
577 4086 613 4146 ad
642 4086 729 4145 tidem
759 4104 948 4158 conversum,
978 4085 1053 4146 circa
1083 4103 1189 4146 annum
1213 4085 1386 4147 CLXXXVI.
1410 4105 1473 4149 nu-

256 4167 354 4247 psisse
376 4169 491 4246 coniugi
514 4170 704 4242 Christianae,
727 4170 802 4230 cirea
824 4187 932 4231 annum
959 4169 1067 4230 excit.
1096 4171 1130 4231 ad
1159 4171 1320 4251 presbyteri
1347 4171 1473 4250 gradum

256 4251 435 4324 ascendisse,
457 4253 532 4314 circa
554 4274 661 4316 annum
684 4254 806 4316 CXCIX.
830 4254 865 4316 ad
887 4254 1016 4314 llonnni
1038 4254 1143 4334 dogma
1165 4256 1330 4335 delapsum,
1359 4275 1393 4317 ac
1415 4258 1474 4318 de-

256 4337 346 4415 nique
367 4336 444 4397 circa
465 4355 571 4400 annum
594 4339 702 4402 CCXX.
726 4359 742 4400 c
762 4340 821 4401 vita
842 4339 995 4418 migrasse.

158 4494 161 4500 ¹
342 4420 487 4501 Quicquid
515 4423 551 4484 de
577 4425 624 4486 his
647 4425 823 4486 coniecturis
845 4431 1002 4497 statuatur,
1034 4433 1145 4487 certum
1168 4435 1294 4486 estnon
1317 4424 1472 4488 obstitisse

256 4508 410 4586 coniugem
439 4506 510 4585 qttin
538 4510 690 4589 presbyter
710 4513 793 4570 lieret
814 4509 1018 4570 Tertullianus,
1063 4510 1099 4570 Hi
1122 4511 1241 4571 luerunt
1268 4509 1378 4570 scilicet
1405 4519 1470 4572 tum

254 4593 364 4672 recepti
386 4591 422 4654 ab
445 4593 612 4672 apostolicis
635 4613 726 4673 usque
748 4594 930 4675 temporibus
951 4611 1067 4668 mores,
1096 4595 1145 4674 qui
1167 4595 1218 4656 diu
1239 4604 1340 4674 postca
1363 4593 1469 4659 illibati
