3196 5250
326 385 389 452 ito
424 402 613 448 mssaarsrro
628 403 659 445 m
674 401 722 453 ou.
737 401 821 446 saer.
835 401 922 446 suun.
937 399 1131 446 raarumrrnr
1144 400 1364 445 rroaooaricnu
1376 399 1449 444 cnrr.

326 569 395 618 anie
416 552 525 614 Christi
547 559 645 614 ortum
666 551 860 631 contigerunt
903 551 991 631 dtqui
1013 551 1120 624 nullus,
1143 552 1194 632 qui
1215 551 1260 614 vel
1281 549 1445 630 primoribus
1463 547 1499 608 di·

326 639 394 720 giiis
416 637 554 699 historias
575 645 706 700 vetemur
726 645 892 716 temporum
914 637 1023 715 alligit,
1057 637 1193 715 ignorare
1214 643 1327 716 potest,
1357 651 1435 714 quem
1453 633 1499 694 ire·

327 732 463 804 quentem
483 721 597 783 illarum
619 721 797 783 montionem
820 721 979 800 scriptores
1001 721 1133 800 plerique
1155 739 1257 782 omues
1272 719 1396 782 iecerint
1416 717 1500 778 Parum

325 809 422 890 itaque
444 820 572 869 necesse·
585 805 736 868 videbatur
763 805 846 886 plura
868 805 1038 867 huiusmodi
1066 806 1197 884 exempla
1217 824 1235 866 a
1256 803 1425 866 Tertulliano
1443 819 1499 862 con·

326 891 397 972 geri,
420 891 479 952 nisi
501 891 536 952 ad
559 891 767 953 conterendam
788 890 937 969 gentilium
959 889 1151 971 pervicaciam
1172 889 1350 970 proferenda¹
1368 906 1428 950 esse
1446 904 1499 946 cru·

326 977 445 1038 suisset.
475 975 516 1038 Ea
538 976 635 1056 itaque
657 993 674 1036 a
695 975 782 1038 uobis
804 974 986 1038 discutienda
1008 985 1087 1048 sunt,
1110 983 1172 1036 tum
1193 983 1316 1054 propter
1329 973 1499 1034 diversasco·

325 1061 422 1124 dicum
448 1060 605 1134 lectiones,
639 1060 745 1140 quibus
771 1060 893 1140 propria
921 1059 1041 1120 nomina
1069 1060 1284 1134 deformantur,
1318 1067 1378 1120 trun
1406 1064 1501 1136 proptu

279 1171 281 1178 κ
325 1146 466 1227 quasdam
488 1145 680 1218 difficultates,
703 1163 777 1224 quae
798 1143 947 1206 nonnullis
969 1143 1117 1223 negotium
1139 1145 1286 1206 lacessere
1307 1151 1433 1224 possunt

264 1298 267 1310 ¹
407 1231 538 1292 Primum
561 1239 656 1292 auteur
678 1229 841 1309 exemplum
862 1229 909 1290 his
931 1229 960 1290 iu
975 1227 1091 1306 lligaltii
1114 1229 1243 1290 edicone
1265 1228 1361 1290 verbis
1382 1223 1501 1306 proponi·

326 1324 389 1378 tur:
417 1315 552 1394 legimur
574 1313 789 1394 Hierionopeo
810 1325 839 1376 et
859 1314 956 1376 Delon
977 1326 1007 1377 et
1029 1313 1155 1376 lllodoo
1176 1324 1205 1376 et
1228 1315 1267 1376 Co
1291 1313 1403 1375 insutos
1422 1307 1502 1372 molit

327 1419 393 1462 cem
412 1399 542 1461 millibus
566 1399 716 1461 hominum
734 1416 857 1479 pessum
877 1400 985 1464 obiisse
1006 1397 1187 1469 (Tertudian.
1201 1398 1355 1477 Apologet.
1376 1415 1433 1475 cap.
1447 1397 1503 1466 tii.

324 1483 361 1546 dt
382 1485 412 1545 in
433 1483 543 1545 uostris
571 1483 782 1564 exemplaribus
810 1483 952 1563 scriptum
974 1490 1034 1544 est:
1068 1481 1309 1562 Hierooorspecm
1337 1493 1364 1545 et
1382 1479 1503 1544 Pelori

324 1569 450 1632 liltodon
471 1579 500 1630 ct
523 1567 572 1642 Co,
595 1576 716 1648 excepto
738 1577 835 1630 umen
857 1586 915 1629 uuo
938 1567 1104 1646 exemplari,
1127 1568 1157 1630 in
1178 1586 1237 1646 quo
1259 1567 1381 1628 habeon
1400 1563 1503 1626 llirrori

321 1671 412 1735 peon,
434 1653 465 1714 iu
478 1651 678 1732 Bongarsiano
700 1653 895 1733 lberrupeoo,
918 1653 948 1714 in
970 1671 1030 1713 uno
1045 1651 1182 1712 Vaticano
1202 1651 1427 1732 Hieromcpeoai
1445 1645 1504 1708 etin

325 1738 416 1800 altero
438 1737 539 1798 itidem
553 1737 690 1800 Vaticano
705 1736 807 1818 ‘Hi'ero
829 1736 997 1817 Niepueom,
1018 1737 1047 1796 in
1070 1735 1209 1798 Puldeusi
1231 1734 1450 1799 Hiereorroodo
1465 1749 1503 1810 pe

325 1841 388 1895 ries,
410 1821 440 1883 iu
463 1821 548 1882 editis
570 1831 638 1884 aute
652 1821 807 1900 Rigaltium
822 1821 1007 1902 Hierapolis,
1030 1821 1081 1882 sed
1104 1821 1256 1883 mendose.
1287 1820 1353 1884 Non
1368 1816 1504 1882 euimhaec

324 1906 396 1969 urbs
417 1905 559 1968 cecidisse
579 1907 751 1986 perhibetur
771 1914 838 1968 ante
860 1905 1035 1968 christianae
1056 1904 1206 1984 religionis
1227 1904 1397 1985 primordia.
1425 1897 1503 1962 Cernit

325 1999 404 2053 certe
431 1997 570 2071 quantum
597 1999 627 2052 et
654 2009 741 2070 quam
769 2009 785 2052 a
812 1991 901 2070 longo
928 1999 1061 2070 tempore
1088 1990 1134 2050 hic
1155 1989 1237 2052 locus
1259 1998 1413 2069 corruptus
1432 1981 1504 2048 luerit

324 2075 359 2138 lu
384 2075 460 2136 libro
483 2083 579 2138 tarum
593 2077 643 2138 *ad
664 2075 804 2138 Nationes
831 2082 931 2154 aperte
958 2074 1063 2154 legitur
1084 2073 1276 2156 Hierenrrope
1303 2088 1332 2137 et
1353 2072 1504 2152 llelplioset

325 2160 445 2223 llbodos
466 2172 495 2223 et
507 2162 594 2223 Crete
615 2160 733 2222 insulae
754 2160 856 2222 multis
879 2179 945 2222 com
964 2160 1098 2221 mallibus
1121 2159 1271 2222 bominum
1290 2159 1505 2240 pessumierunt

325 2245 418 2320 (ldem
439 2244 488 2305 lib.
511 2244 533 2306 1.
556 2245 592 2304 ad
613 2244 729 2306 Notion.
752 2263 815 2324 cap.
838 2247 892 2320 9.).
935 2244 994 2306 Sed
1015 2245 1087 2306 haec
1108 2243 1197 2304 verba
1218 2244 1415 2306 dillicrdtatem
1434 2251 1504 2314 neque

324 2328 431 2390 tollunt
452 2347 547 2408 neque
569 2329 657 2390 etiarn
678 2329 822 2390 minuunt
851 2329 912 2390 Nec
932 2329 1024 2407 magis
1047 2345 1117 2390 sana
1140 2337 1209 2389 suut
1224 2329 1298 2392 haec
1312 2323 1504 2390 eiusdemler·

325 2412 437 2474 tulliani
459 2413 515 2474 elio
536 2413 568 2474 in
587 2412 662 2474 libro
684 2412 787 2474 verba:
821 2413 914 2475 Nullo
936 2419 995 2474 iom
1016 2413 1124 2485 Delos,
1159 2413 1275 2488 liberie,
1311 2413 1413 2476 Somou
1437 2407 1504 2482 (lica

254 2569 257 2574 ¹
325 2497 376 2559 lib.
400 2497 436 2560 de
457 2497 527 2558 Pall.
551 2515 614 2578 cap.
637 2501 691 2572 2).
735 2498 837 2560 Plures
864 2497 972 2577 quippe
993 2495 1034 2558 ibi
1062 2515 1116 2577 pro
1138 2497 1238 2560 liberie
1258 2498 1413 2578 legendum
1431 2491 1505 2553 voluat

325 2581 479 2654 Herenoe,
507 2582 625 2644 tametsi
646 2581 757 2643 Plinius
780 2582 867 2658 (Plio.
890 2581 939 2642 lib.
962 2582 1009 2644 lV.
1032 2581 1133 2644 Natur.
1155 2582 1232 2644 llist.
1256 2601 1332 2663 cop,
1348 2585 1407 2658 12.)
1427 2577 1505 2666 allidat

328 2665 428 2728 llleoe
455 2667 569 2729 insulae
590 2667 786 2728 meminerint
830 2666 987 2728 Videamus
1014 2667 1103 2744 igitur
1123 2675 1221 2728 utrum
1243 2667 1362 2730 aliunde
1383 2664 1417 2728 ad
1436 2657 1505 2752 eipl-

325 2751 449 2812 candum
470 2751 551 2813 illum
573 2752 731 2814 obsormur
754 2761 784 2814 et
804 2760 974 2831 corruptum
989 2751 1160 2813 Tertulliani
1181 2753 1280 2814 locum
1294 2752 1413 2814 luminis
1426 2737 1506 2822 dicul

324 2836 451 2899 numeri
473 2837 635 2916 possimus.
1491 2909 1495 2920 ι

408 2921 525 2984 Primus
547 2930 644 2983 autem
665 2920 753 2982 nobis
776 2922 904 2984 occurrit
924 2921 1053 2994 Plinius,
1086 2939 1155 2982 mox
1176 2922 1301 2994 citatus,
1336 2921 1385 2984 ubi
1403 2919 1438 2988 ,de
1454 2915 1506 2975 loos

325 3005 404 3068 uude
425 3005 516 3068 maria
537 3000 723 3068 recesserant
743 3014 774 3067 et
794 3007 887 3067 euabs
909 3005 1013 3068 insidis
1035 3005 1171 3067 disserit:
1203 3006 1322 3078 curae,
1351 3004 1447 3084 inquit
1466 3002 1507 3058 lt*

323 3092 443 3170 pridem
462 3091 580 3153 ieiuno
600 3091 692 3153 Delos
714 3093 744 3152 ii
764 3090 883 3153 llbodoa
904 3095 1063 3153 morice
1081 3091 1261 3170 productor
1283 3101 1398 3154 enaim.
1425 3085 1507 3148 ressa

324 3179 458 3236 minores
480 3175 567 3236 ultro
588 3174 689 3238 Melos
711 3173 848 3255 inopiam
880 3179 963 3237 iuter
984 3175 1125 3238 lemnum
1152 3188 1181 3238 er
1202 3173 1429 3256 Hellespontum
1449 3167 1505 3230 dett

325 3261 408 3318 inter
434 3259 567 3322 lebedos
592 3271 621 3320 et
646 3260 723 3322 Teos
743 3258 877 3338 Παπαῖος
910 3265 991 3322 inter
1019 3259 1162 3338 d'pclodcs
1191 3260 1369 3341 olympiadis
1398 3241 1507 3322 clxli·
1538 3303 1539 3326 ,

325 3355 407 3402 oneo
441 3356 550 3423 goario
581 3342 675 3408 Thero
706 3355 735 3406 et
764 3343 919 3416 Πισαίας
956 3347 1036 3408 inter
1062 3346 1190 3407 eosioo.
1204 3357 1276 3425 posi
1299 3363 1397 3407 orsos
1420 3329 1506 3403 elil·

326 3423 421 3486 Hiero
446 3427 602 3506 eodemque
630 3428 787 3490 Automate
815 3427 899 3502 (Plio.
923 3427 972 3488 lib.
994 3428 1030 3488 ll.
1053 3427 1124 3490 ibid.
1147 3448 1209 3508 cap,
1234 3432 1311 3506 82).
1362 3429 1423 3494 lluc
1445 3421 1507 3484 siau

326 3508 437 3570 accedit
457 3510 626 3572 Ammianus
646 3511 845 3585 Marcellinus,
877 3511 927 3573 uhi
955 3523 1088 3574 motuum
1116 3521 1213 3575 terrae
1239 3533 1346 3575 causas
1369 3507 1506 3582 teneicit

326 3593 528 3666 Brosmorice,
560 3596 613 3669 ait,
642 3599 695 3676 piri
715 3596 833 3658 bonrum
853 3595 1008 3659 mobilior
1031 3601 1209 3662 imitentes
1228 3599 1410 3680 propellunt
1429 3599 1506 3656 mot·

326 3683 466 3742 sissimus
497 3681 604 3752 moles,
634 3691 669 3743 ot
700 3685 733 3742 io
759 3682 831 3743 isio
858 3681 950 3744 Delos
980 3687 1099 3745 ocerait
1131 3693 1160 3745 et
1187 3682 1282 3744 Hiero
1316 3694 1347 3746 ct
1373 3677 1507 3760 Anapus

327 3763 464 3836 (Marcell.
487 3763 537 3827 lib.
554 3764 640 3826 llVll.
663 3783 725 3844 cap.
743 3769 772 3830 7.
795 3783 860 3844 pag.
876 3769 972 3843 lou).
1015 3766 1141 3829 Videsne
1161 3767 1193 3828 iu
1214 3767 1261 3828 his
1283 3767 1358 3828 locis
1380 3769 1504 3828 rueruttdl

326 3849 420 3911 Delon
454 3858 485 3912 et
515 3848 656 3925 Rhodon,
690 3849 935 3929 quemadmodum
965 3850 1002 3912 ah
1028 3850 1157 3930 ipsomet
1184 3851 1391 3914 Tertrdlianol
1430 3847 1505 3909 Nonne

327 3941 425 3996 autem
447 3935 609 4015 suspicioni
630 3934 712 3998 locus
734 3935 820 3997 datur
841 3954 877 3996 ex
898 3935 1011 3996 duabus
1034 3935 1097 3998 aliis
1120 3935 1224 3998 insulis
1239 3936 1338 3999 Hiero
1360 3924 1503 4008 erumpit·

327 4019 413 4081 sicuti
434 4019 546 4082 Plinius
568 4019 612 4081 vel
633 4019 727 4082 Hiero
754 4028 784 4081 et
804 4020 982 4102 doopbuoe,
1017 4028 1049 4081 ut
1069 4019 1253 4082 Marcellinus
1276 4019 1395 4094 scribit,
1427 4019 1504 4078 iacun

328 4103 420 4166 luisse
441 4104 477 4166 ab
498 4104 642 4184 imperitis
668 4103 794 4166 librariis
817 4113 988 4185 corruptum
1015 4103 1086 4167 illud
1114 4105 1286 4168 vocabulum
1309 4105 1503 4178 hereseos

328 4185 434 4248 Verum
455 4188 492 4250 iis
514 4189 596 4251 lacile
619 4188 765 4261 cedemus,
788 4189 838 4268 qui
859 4189 981 4250 meliora
1002 4189 1211 4269 suggesserint.
1487 4259 1491 4268 ,

412 4271 554 4353 Superest
573 4273 672 4336 ultima
694 4273 788 4335 insula
810 4293 825 4334 a
848 4273 1027 4335 Tertulliano
1049 4275 1198 4336 nominata
1222 4275 1261 4337 Co
1290 4274 1336 4334 vel
1354 4273 1421 4342 Clio,
1445 4273 1504 4326 ⁰1¹³

329 4355 441 4416 nostris
471 4359 619 4420 codicibus
649 4377 683 4420 ao
710 4358 765 4420 iarn
795 4357 882 4420 citato
911 4357 985 4420 lihro
1007 4359 1104 4438 primo
1127 4359 1163 4421 ad
1183 4357 1341 4430 Nationes,
1373 4364 1422 4420 aut
1442 4351 1504 4414 doit»

328 4438 416 4500 veluti
437 4439 468 4501 in
490 4443 616 4522 antiquis
639 4441 826 4516 editionibus,
849 4444 893 4505 vel
917 4444 1005 4515 Goon,
1028 4443 1103 4506 sicut
1123 4443 1154 4505 iu
1176 4444 1307 4506 editione
1328 4437 1449 4504 lleraldi.
1482 4429 1513 4488 ll*

328 4523 473 4586 Pimolius
494 4525 699 4604 corrigendum
721 4536 851 4590 autumat
865 4527 937 4601 Coo,
960 4527 1028 4608 quia
1049 4527 1079 4589 iu
1094 4525 1214 4590 Eusebii
1228 4527 1376 4590 Chronico
1393 4521 1504 4602 legimt⁵²

328 4612 361 4670 ire
387 4609 489 4671 absolu
518 4609 575 4672 Coo
605 4621 706 4676 rerem
732 4623 815 4674 moro
838 4613 975 4694 plurim
1002 4615 1196 4676 corcr'deroet
1221 4611 1344 4691 (Chrou.
1366 4591 1505 4672 lineri-²d
