3082 5238
440 403 584 448 seusun.
596 404 639 448 10.
660 403 728 448 ΔΜ.
750 401 914 448 lissfflh'l’.
1035 403 1041 416 “

612 677 619 700 .
649 637 752 700 XXIX.

144 753 180 812 nt
202 727 479 830 quod⁹serebamur
500 753 574 826 iore,
590 639 635 815 ⁵ut
657 754 742 836 quale
764 755 794 815 in
817 753 882 815 loco
905 754 942 815 dc
965 753 1121 834 scorpiace
1143 751 1280 828 diximus,

55 835 152 896 libros
182 843 283 897 contra
305 836 483 898 Marcionem
513 837 553 898 ibi
576 837 680 900 citatos
704 857 764 902 nnn
787 857 840 900 eos
864 855 941 910 esse,
964 856 1039 918 quos
1062 836 1203 899 habemus
1227 855 1281 898 su-

53 919 210 999 perstites,
233 921 285 981 sed
308 921 383 982 alios
405 921 564 1000 abrogatos
586 923 669 1000 quasi
693 931 723 984 et
745 923 854 984 dudum
877 921 1014 996 amissos,
1046 921 1103 983 tale
1125 921 1214 982 etiarn
1234 920 1282 982 his

54 1003 241 1082 argumentis
263 1003 375 1065 nostris
404 1005 516 1067 nonulli
545 1005 692 1080 obiiciant,
722 1007 750 1068 id
779 1007 841 1068 lere
863 1007 970 1068 iactum
991 1005 1126 1066 ridemus
1149 1023 1165 1066 a
1187 1003 1281 1066 Tille-

55 1088 201 1162 monti0·,
231 1089 293 1166 qui¹
309 1087 395 1150 istam
417 1107 480 1149 rem
502 1090 719 1169 pugnacissime
741 1090 881 1154 defendit.
927 1091 1053 1170 Oportet
1074 1089 1165 1170 igitur
1185 1096 1215 1149 et
1237 1107 1281 1162 ea,

56 1191 134 1250 quae
163 1190 219 1250 pro
248 1171 361 1234 nostris
390 1174 566 1254 responderi
595 1183 732 1252 possunt,
763 1175 793 1235 in
822 1174 951 1236 medium
973 1173 1102 1254 proferri
1124 1183 1153 1236 et
1174 1171 1281 1236 discuti

55 1273 104 1328 ea,
128 1274 202 1334 quae
225 1256 255 1316 in
277 1255 356 1317 illem
377 1267 491 1336 partem
515 1256 720 1320 Tillemontius
743 1258 919 1340 disputarit3
944 1257 997 1318 sed
1019 1266 1142 1337 utraque
1164 1257 1281 1320 brevis-

53 1339 133 1401 sime
157 1347 186 1400 et
208 1339 247 1400 ita
269 1341 397 1421 quidem,
421 1349 453 1402 ut
475 1359 549 1420 quae
571 1351 673 1422 aperto
695 1343 875 1404 firmavimus
898 1342 992 1423 ipsius
1008 1339 1180 1414 Tertulliani
1194 1341 1281 1402 testi-

56 1423 172 1496 monio,
206 1443 240 1484 ea
268 1443 346 1486 nunc
372 1425 459 1504 plane
482 1427 640 1487 mittamus.
685 1427 786 1506 ltaque
808 1427 866 1488 hoe
887 1443 978 1487 unum
1000 1425 1144 1506 disputari
1165 1433 1282 1506 potest:

55 1515 158 1568 utrum
181 1507 379 1570 Tertullianus
413 1509 443 1569 in
465 1509 541 1570 libro
565 1511 601 1570 de
624 1510 718 1572 Carne
740 1510 849 1572 Christi
872 1517 1007 1591 quartum
1030 1517 1132 1570 contra
1152 1507 1285 1592 Marcio-¹

55 1610 127 1651 nem
148 1589 417 1664 librumcitavcrit,
441 1612 528 1671 quem
550 1594 646 1656 adhuc
666 1594 856 1674 superstitem
870 1594 1029 1668 hebenum
1052 1594 1130 1672 quod
1158 1611 1283 1673 prorsus

58 1674 209 1747 existimo,
238 1675 387 1754 primurn,
418 1677 556 1754 quoniam
584 1678 613 1737 in
642 1677 691 1738 illo
718 1677 795 1738 libro
823 1677 979 1740 Marcionis
1007 1677 1138 1738 codicem
1166 1695 1283 1738 sacrum

57 1758 245 1832 examinavit,
274 1768 302 1820 et
318 1757 378 1821 ibi‘
402 1762 551 1839 reperitur
572 1761 693 1822 omnino
716 1763 756 1835 id,
784 1762 863 1840 quod
885 1763 916 1824 in
939 1781 974 1822 eo
997 1761 1034 1822 de
1058 1761 1152 1822 Carne
1174 1759 1283 1822 Christi
1353 1773 1365 1790 ‘⁴

57 1841 172 1919 tetigit3
200 1841 305 1904 deinde
327 1843 415 1922 quod,
445 1861 510 1906 cum
534 1845 642 1906 librum
665 1845 793 1925 primum
814 1846 910 1908 adhue
932 1845 1120 1924 superstitem
1142 1843 1284 1905 Marcioni

2 1973 3 1984 .
58 1934 236 2004 opponeret,
264 1925 371 1989 librum
400 1928 436 1988 de
464 1928 701 2009 Praescriptione
729 1930 952 1992 hoereticorum
980 1929 1111 1992 nendum
1139 1918 1282 1990 ediderat.

2 2036 4 2048 ·
57 2009 116 2070 Hic
139 2019 235 2070 tamen
258 2011 300 2072 uti
321 2011 379 2072 iam
400 2013 552 2091 prodierat
580 2013 610 2074 in
631 2013 792 2092 publicum,
821 2033 888 2075 cum
909 2013 1107 2076 Tertullianus
1129 2013 1166 2074 de
1188 2011 1285 2074 Carne

1 2124 3 2158 r
58 2093 171 2155 Christi
193 2103 449 2165 commentaretur,
477 2097 556 2176 quod
578 2099 667 2159 modo
689 2098 897 2177 probavimus,
926 2098 965 2159 ite
987 2115 1111 2158 necesse
1132 2104 1179 2158 est
1199 2114 1282 2168 saue,

58 2186 93 2238 ut
114 2185 176 2238 tum
199 2196 317 2256 quoque
338 2179 453 2258 primus
476 2181 553 2242 inter
575 2182 751 2260 superstites
767 2191 868 2243 contra
884 2181 1063 2243 Marcionem
1085 2180 1200 2242 libellus
1223 2178 1284 2240 iam

2 2291 3 2308 .
58 2262 156 2324 editus
185 2261 281 2324 luerit.
325 2262 482 2325 Enimvero
511 2284 577 2326 cum
605 2267 685 2327 hunc
706 2265 859 2338 scriberet,
888 2265 947 2326 duo
969 2265 1017 2326 illa
1040 2264 1191 2344 opuscula,
1214 2263 1282 2342 qui-
1339 2289 1343 2298 ’

57 2345 115 2406 hus
139 2345 209 2406 olim
231 2345 410 2408 Marcionem
431 2348 621 2427 impugnaris,
649 2349 813 2412 resciderat
841 2349 1037 2429 emiserntque
1066 2347 1282 2421 Tertullianus;

58 2428 196 2507 quocirca
227 2439 359 2509 apparet,
390 2451 459 2494 eum
491 2433 522 2493 in
554 2433 630 2494 libro
661 2434 698 2494 de
727 2435 821 2496 Carne
851 2433 962 2494 Christi
990 2433 1026 2494 ad
1054 2432 1102 2494 illa
1131 2431 1283 2493 remittere

2 2581 3 2584 Ἴ
58 2513 185 2574 lectores
216 2531 275 2574 non
303 2516 448 2592 potuisse.
493 2516 551 2577 Sed
580 2517 799 2578 Tillemontium
828 2525 925 2578 tamen
954 2525 1057 2578 contra
1084 2515 1285 2594 disputantem

2 2635 3 2654 i
57 2597 223 2658 audiemus.
266 2598 297 2658 is
324 2599 420 2678 primo
448 2601 505 2662 hos
528 2601 715 2662 Tertulliani:
745 2601 944 2680 Scorpiacen,
974 2601 1011 2660 de
1039 2599 1133 2660 Cerne
1162 2597 1284 2671 Christi,

59 2681 221 2744 dedeima
249 2677 343 2744 'etde
366 2683 594 2746 Resurrectioue
623 2685 715 2746 libros
735 2685 777 2744 eit
798 2683 971 2762 superiores
993 2682 1051 2744 dici
1073 2701 1165 2761 posse
1185 2681 1282 2753 libris,

2 2807 3 2818 .
61 2765 110 2844 qui
143 2775 305 2844 supersunt
336 2767 479 2828 adversus
507 2767 696 2837 Marcionem,
729 2766 877 2845 huiusque
904 2765 1035 2826 nominis
1064 2767 1094 2826 in
1117 2766 1154 2824 iis
1177 2764 1282 2826 citatos

59 2868 128 2910 esse
150 2867 214 2923 eos,
237 2850 286 2928 qui
308 2851 419 2912 dudum
440 2850 567 2928 periere.
610 2851 652 2912 hc
673 2851 709 2911 de
732 2850 889 2928 Scorpione
909 2869 965 2928 ego
987 2867 1047 2910 non
1069 2866 1213 2928 repugno,
1236 2855 1285 2910 est
1342 2873 1350 2884 ·

60 2933 139 2992 enirn
162 2933 218 2994 ista
241 2934 376 3011 quaestio
398 2953 487 3012 supra
510 2935 584 2994 satis
606 2942 744 3007 tractata;
772 2933 825 2994 sed
854 2933 891 2994 de
913 2933 1019 2994 ceteris
1041 2950 1103 2992 non
1124 2931 1284 2993 assentior.

58 3017 132 3078 Nam
161 3017 197 3078 de
219 3016 306 3090 libro,
335 3017 384 3094 qui
408 3018 445 3079 de
467 3017 561 3079 Carne
582 3017 691 3079 Christi
713 3017 893 3088 inscribitur,
926 3015 1016 3077 modo
1039 3015 1177 3088 diximus,
1211 3014 1283 3093 quid

59 3101 101 3164 sit
122 3100 318 3171 sentiendum,
341 3100 387 3160 eui
412 3100 438 3161 si
460 3101 527 3178 quis
550 3100 691 3162 resistere
713 3101 792 3170 velit,
816 3119 884 3162 eum
906 3099 1070 3160 audiemus.
1099 3101 1194 3177 Atque
1216 3115 1284 3159 eum
1337 3112 1341 3120 ·

59 3184 120 3244 hoc
141 3184 337 3256 ostendimus,
361 3184 450 3246 simul
471 3184 543 3246 illud
565 3185 760 3264 aperiebatur,
783 3183 896 3246 alibro
919 3184 955 3244 de
969 3183 1198 3244 Resurrectiene
1220 3182 1285 3261 (qui

60 3288 97 3332 eo
121 3276 168 3330 est
188 3269 265 3330 haud
289 3267 377 3330 dubie
398 3269 568 3345 recentior),
590 3269 669 3346 quod
684 3268 886 3330 Tillemontius
909 3277 1011 3329 contre
1032 3267 1158 3339 volebat,
1181 3285 1284 3327 remo-

60 3352 210 3414 tissimum
241 3371 318 3414 esse.
363 3351 495 3432 Denique
524 3353 604 3432 qnod
632 3353 749 3414 animus
771 3352 901 3413 hominis
924 3369 985 3413 uon
1007 3352 1123 3414 eliunde
1145 3351 1281 3429 agitetur,

60 3437 92 3496 in
114 3435 189 3498 libro
211 3437 249 3498 de
269 3435 373 3498 huima
396 3439 434 3506 tc.
458 3440 508 3502 21.
531 3455 561 3516 p.
585 3440 647 3502 234
660 3438 705 3513 C.)
727 3437 769 3498 ait
789 3456 824 3498 se
843 3435 1021 3500 Marcionem
1044 3436 1191 3498 docuisse.
1227 3436 1282 3496 nt-

2 3571 3 3584 .
59 3539 117 3599 que
149 3519 207 3581 ista
237 3520 275 3582 de
302 3539 335 3582 re
366 3539 432 3582 cum
459 3521 549 3582 multa
572 3522 679 3584 dixerit
698 3521 729 3582 in
751 3521 854 3594 altero,
888 3520 938 3600 qui
961 3529 1107 3600 superest,
1142 3520 1283 3582 adversus

60 3623 127 3666 eum
155 3603 233 3666 libro
261 3607 299 3680 (c.
323 3607 342 3668 6
366 3609 442 3684 sp),
474 3623 535 3666 non
563 3601 724 3667 &seudum
751 3614 798 3666 est
825 3605 934 3676 dicere,
967 3606 1046 3684 quod
1075 3605 1154 3665 huno
1179 3603 1213 3664 in
1232 3601 1282 3662 illo

58 3688 242 3768 respexerit3
273 3707 329 3750 neu
361 3697 460 3750 umen
492 3689 642 3751 mordicus
674 3689 712 3750 id.
727 3691 845 3768 quidem
875 3688 1051 3760 tenebimus,
1082 3687 1132 3764 qui
1153 3685 1200 3746 usi
1221 3701 1283 3744 uon

2 3835 3 3842 ,
58 3791 163 3838 sumus
184 3771 272 3834 istius
293 3772 360 3836 libri
382 3772 565 3834 testimonio.
609 3771 705 3834 Altera
729 3772 871 3834 dubitatio
894 3773 981 3832 etiam
1004 3769 1126 3850 puerilis
1150 3777 1206 3828 est.
1250 3765 1285 3826 ln

2 3913 3 3920 ,
57 3857 126 3917 loco
158 3874 206 3928 eo,
238 3875 323 3933 quem
358 3875 374 3918 e
405 3855 480 3917 libro
512 3856 549 3916 de
572 3854 665 3916 Carne
688 3855 797 3916 Christi
825 3853 861 3916 ad
889 3855 1092 3917 testimouium
1120 3850 1283 3923 murinus,

2 3995 3 4010 ἶ
59 3938 260 4000 Tertullianus
282 3939 363 4002 illum
385 3939 492 4002 librum
516 3946 620 4002 eoutm
640 3939 828 4012 Marcionem,
852 3957 940 4017 quem
962 3935 1126 4016 appellavit,
1149 3931 1287 3995 illenim

2 4087 3 4106 ,
59 4022 134 4083 dixit
142 4042 153 4094 ς·
172 4022 271 4100 itaque
286 4033 423 4102 quartum
437 4024 514 4084 inter
528 4022 704 4102 superstites
721 4040 781 4083 non
796 4021 890 4084 uoluit
902 4021 1033 4094 laudare,
1054 4017 1105 4097 qui
1119 4035 1181 4077 non
1195 4015 1284 4078 libel-

2 4113 3 4180 ,
60 4107 108 4168 lus
139 4106 189 4178 sit,
219 4105 271 4167 sed
292 4125 431 4186 magnum
454 4108 601 4168 volumen.
644 4106 747 4186 Inepta
768 4095 948 4166 coudusiol,
964 4102 1047 4184 quasi
1069 4119 1140 4161 rem
1162 4098 1285 4162 Tertul-

2 4197 3 4202 ’
58 4191 157 4251 lianus
191 4207 278 4250 omne
311 4210 387 4270 opus
416 4200 519 4252 contre
540 4191 698 4251 Marcinem
726 4207 786 4250 non
816 4188 995 4268 opusculum
1017 4185 1142 4246 dixisset
1173 4183 1235 4264 (lib.
1259 4181 1282 4244 1.

58 4293 86 4335 e.
113 4278 126 4336 1
154 4281 184 4334 et
206 4275 256 4336 31.
279 4266 328 4335 hb.
353 4273 388 4335 ll.
412 4293 437 4336 e.
464 4279 477 4337 1
504 4279 592 4354 sqq.)‚
621 4283 671 4336 aut
697 4273 782 4354 quasi
809 4270 834 4333 is
862 4271 919 4335 dici
947 4268 1062 4330 libellus
1091 4271 1151 4328 non
1168 4273 1283 4346 posset,

58 4358 110 4438 qui
140 4365 255 4436 partem
287 4358 409 4419 maioris
443 4359 544 4438 operis
577 4357 741 4420 constituit.
784 4355 821 4416 nt
853 4373 889 4414 co
923 4353 1013 4418 modo
1042 4351 1197 4414 dicendum
1226 4359 1283 4426 est,

2 4489 3 4496 ἵ
71 4540 116 4585 ‚e
139 4523 269 4576 Memoires
287 4543 351 4593 pour
367 4528 443 4578 samir
461 4530 474 4578 i
493 4527 566 4578 l'hist.
583 4527 647 4578 Ecel.
733 4527 751 4576 t.
772 4525 827 4576 tu.
843 4524 880 4574 ll.
899 4537 920 4575 o.
939 4523 978 4573 te.

57 4591 127 4642 'lom
147 4592 189 4644 lli.
208 4607 234 4660 p.
252 4594 311 4646 666.
333 4602 384 4646 not.
403 4595 442 4646 19.
