3036 5230
279 355 342 418 tta
494 369 686 413 nrsssarsrra
710 367 748 411 ne
770 347 976 415 rmrnaututo
1000 367 1038 410 er
1060 367 1125 412 usas
1149 367 1289 413 scarrrrs

278 539 366 602 qnam
388 517 586 580 Tertullianus
607 517 779 581 Montanum
799 517 907 580 sectari
929 517 1097 597 coepisset,
1125 516 1267 598 plerique
1287 527 1444 580 munaum

277 623 343 667 rum
364 604 564 665 consentiunt.

361 688 501 751 Ernsmm
523 707 560 748 aa
580 687 656 749 liber
678 687 715 748 de
729 684 914 748 Paenitentia
936 685 1082 762 genuinus
1105 693 1186 746 esset
1209 685 1366 756 dubitabat.
1383 687 1445 764 pan'u

276 779 400 854 propter
428 772 571 834 arebonis
599 771 760 832 bonitatem
788 769 935 832 confessis
964 768 1137 832 Tertulliani
1170 769 1319 849 operibus
1347 772 1445 830 mauu

276 857 382 938 partim
415 856 484 934 quin
507 855 665 936 opiniones
688 855 821 917 continet
842 853 878 916 ab
900 853 938 915 iis
960 871 1034 932 quas
1063 853 1094 914 in
1117 852 1194 915 libre
1220 853 1263 914 de
1284 853 1446 938 deidiaa·

274 940 388 1022 pressit
408 940 620 1021 discrepantes.
664 940 697 1000 ln
719 939 819 1018 priore
841 937 940 1000 enim!
962 937 1073 999 diserte
1094 938 1144 1011 nit,
1167 935 1275 999 omnia
1297 938 1463 1016 manaae

276 1024 455 1104 baptismum
477 1024 636 1087 commissa
657 1023 739 1085 nullo
762 1030 883 1102 excepto
907 1021 1017 1094 semel,
1045 1021 1099 1082 sed
1121 1021 1217 1083 semel
1242 1029 1369 1093 mutum,
1385 1025 1445 1101 poen·

276 1109 349 1170 tenti
370 1107 407 1169 ab
429 1108 552 1170 saresta
573 1107 686 1187 ignosci
708 1125 816 1186 posse:
840 1106 871 1167 in
886 1106 997 1167 altero¹
1018 1113 1106 1183 negat
1120 1105 1280 1167 adulteros
1295 1105 1398 1168 item'ut
1412 1106 1446 1165 ib

273 1192 364 1254 latras
387 1199 417 1252 et
438 1192 602 1254 homicidas
626 1209 754 1272 unquam
776 1197 842 1252 cunr
864 1189 988 1252 nodosis
1010 1187 1193 1252 reconciliari
1217 1209 1325 1268 posse.
1358 1190 1404 1249 Sed
1417 1191 1446 1248 iri

275 1275 318 1337 tio
340 1275 407 1337 libri
430 1277 467 1338 de
481 1276 643 1338 Pudicitia·
665 1276 731 1354 ipsa
753 1273 898 1354 significat
918 1274 995 1336 hane
1015 1273 1235 1335 sententiarum
1259 1292 1375 1334 suarum
1393 1283 1463 1336 naal

274 1359 398 1430 tionem,
421 1379 496 1439 quae
518 1360 606 1423 etiam
628 1359 664 1420 ab
686 1358 887 1439 Hieronymoh
910 1365 1175 1430 commemoratum
1198 1367 1232 1419 et
1253 1359 1463 1438 ecomparaias‘

189 1491 195 1498 .
274 1443 391 1506 illorum
412 1443 545 1506 locorum
565 1445 624 1506 boc
650 1443 819 1505 necessario
847 1441 996 1521 sequitur.
1028 1441 1138 1503 librum
1166 1442 1203 1502 de
1231 1441 1445 1518 Paeniteatiap

272 1528 395 1590 nuinum
417 1547 485 1590 esse
507 1537 537 1590 et
558 1547 625 1590 enm
641 1527 839 1608 compositum
854 1541 921 1588 cum
936 1525 1136 1587 Tertullianus
1158 1526 1301 1588 nondum
1322 1527 1356 1588 ab
1375 1527 1447 1586 eadee

272 1613 457 1675 secessisset.
555 1671 562 1680 ,

357 1698 391 1758 ln
413 1695 515 1758 llilarii
538 1703 696 1757 comment.
719 1694 755 1756 ad
779 1694 823 1755 St.
838 1694 1017 1756 Matthaenm
1038 1694 1133 1772 capite
1154 1694 1287 1772 quinta·
1307 1693 1383 1756 loma
1398 1703 1463 1766 erut

273 1799 309 1843 er
330 1799 389 1859 quo
412 1780 566 1859 colligitur,
590 1779 804 1841 Termllianum
824 1778 933 1840 librum
954 1779 992 1839 de
1014 1777 1155 1840 Oratione
1178 1780 1386 1858 composuisse
1401 1788 1463 1836 antr-¹

274 1883 361 1944 quam
384 1865 526 1926 ecclesiae
548 1863 788 1925 communionem
810 1863 990 1942 reliquisset
1020 1862 1085 1923 Hoc
1106 1869 1222 1924 eertum
1247 1873 1306 1936 est,
1331 1882 1389 1924 eun
1404 1863 1446 1922 lle·

272 1966 338 2010 mse
357 1949 513 2010 Pastorem
550 1949 591 2010 ita
619 1945 879 2009 commemorare‘¹
914 1954 946 2008 ut
967 1944 1040 2007 nibil
1061 1945 1187 2007 istorum
1211 1945 1463 2026 opprobrioruu'ul

273 2051 341 2094 eum
363 2032 514 2106 conliniet,
543 2031 651 2112 quibus
675 2031 766 2093 utitur
786 2031 818 2093 in
839 2031 914 2092 libro
937 2030 975 2092 de
997 2029 1166 2100 Pudicitia·,
1198 2033 1318 2110 scripto
1345 2027 1463 2110 posterni

272 2116 449 2179 blontanista
471 2119 565 2178 lactus
588 2124 644 2178 est.

356 2201 390 2260 ln
411 2201 487 2262 libro
510 2202 548 2262 de
562 2199 713 2278 Baptisme
727 2197 850 2260 Allixius
874 2197 932 2259 sibi
953 2198 1085 2260 invenire
1106 2197 1224 2259 videtur
1249 2199 1373 2278 vestigia
1389 2196 1446 2258 arias

272 2283 339 2344 darn
354 2283 390 2344 ed
404 2285 632 2345 lllentanismum
647 2283 868 2362 propensionis,
899 2282 994 2354 Quam
1017 2281 1220 2360 suspicionem
1244 2293 1278 2344 et
1300 2303 1336 2344 eu
1356 2281 1446 2342 allasias

272 2367 309 2428 ad
330 2384 439 2428 nomen
458 2367 602 2447 pisciculi
607 2366 624 2439 ¹,
648 2368 727 2446 quod
750 2365 949 2428 Tertullianus
972 2365 1003 2426 in
1025 2365 1210 2428 Christianos
1234 2369 1447 2436 transientes

272 2450 501 2512 charismatum⁸
522 2452 674 2514 mentione
695 2451 830 2530 repesir.·
856 2449 915 2512 Sed
937 2449 1013 2512 bane
1038 2450 1156 2529 quidem
1184 2469 1295 2514 vocem
1324 2451 1392 2512 nula
1408 2449 1439 2508 rai

208 2559 212 2568 ¹
271 2543 394 2615 apparet
415 2554 468 2597 cur
489 2536 526 2596 ad
547 2535 676 2597 Montani
699 2533 893 2596 revelationes
916 2534 1148 2612 restringamusi
1168 2534 1244 2596 illnd
1268 2545 1366 2597 autem
1384 2547 1448 2592 nour:

267 2619 487 2700 pisciculorum
508 2620 565 2681 etsi
585 2619 707 2698 billaine
731 2627 811 2680 recte
832 2617 977 2696 suspicari
1000 2618 1115 2679 videtur
1130 2618 1349 2682 Termllinnum
1363 2615 1448 2679 erbe

271 2703 419 2783 Sibyllinis
441 2711 604 2766 mutuatum
626 2721 709 2776 asse,
742 2701 884 2764 conlectis
912 2701 981 2773 illis,
1009 2710 1043 2763 ut
1063 2702 1231 2782 opinatur‚·
1246 2713 1300 2765 aut
1321 2723 1338 2766 a
1357 2703 1448 2764 boma

272 2797 321 2848 aut
341 2807 358 2848 a
379 2789 555 2850 Montsnista
578 2787 685 2866 aliquo,
714 2795 812 2848 tamen
833 2785 967 2865 plerique
989 2786 1145 2848 domorum
1167 2788 1209 2848 ita
1231 2795 1368 2862 censent,
1385 2797 1448 2844 amu

270 2871 428 2950 Sibyllinos
450 2879 518 2934 ante
539 2871 670 2934 Montuni
691 2870 829 2932 haeresin
850 2879 983 2931 exortam
1004 2888 1151 2949 procusos
1173 2890 1256 2934 esse.
1289 2873 1354 2933 blaa
1374 2867 1448 2948 qui*

269 2954 379 3017 iudicio
401 2955 484 3017 locus
507 2955 599 3018 multo
623 2955 818 3033 suspiciosior
840 2961 919 3016 extat
939 2953 971 3014 in
990 2955 1051 3015 boe
1078 2953 1183 3028 libani,
1221 2955 1274 3018 ubi
1298 2953 1447 3018 Tannus

270 3039 325 3113 ait,
353 3048 414 3102 tres
437 3058 582 3119 personas
605 3039 722 3101 efficere
744 3038 911 3112 ecelesiam,
941 3057 1016 3118 quae
1038 3039 1158 3118 quidem
1180 3041 1334 3102 sententie
1355 3041 1448 3114 tranum

302 3239 323 3287 y.
341 3225 400 3274 vids
416 3240 437 3274 c
455 3225 480 3276 t.
498 3224 522 3276 8.
540 3225 565 3275 ll.
905 3229 1009 3274 marran
1025 3224 1100 3274 lesum
1111 3224 1226 3274 Girisbssn
1244 3226 1272 3274 isa
1290 3241 1352 3288 apsa
1366 3221 1445 3270 sesdfl'

303 3305 323 3339 a.
342 3291 398 3340 Vide
416 3307 437 3340 c.
455 3291 480 3341 b.
906 3306 926 3340 c.
950 3291 971 3340 l.
1008 3291 1092 3341 Cicera
1128 3295 1160 3340 ait
1191 3291 1233 3350 (de
1272 3293 1370 3342 llirinst
1387 3283 1445 3344 llil

303 3372 326 3406 s.
344 3372 365 3405 c.
386 3357 408 3407 l.
426 3359 477 3408 Erit
495 3362 566 3422 initas
583 3365 603 3410 et
622 3353 658 3408 bic
676 3361 786 3408 adversas
798 3357 854 3419 rsa-
904 3373 975 3407 seroa
992 3372 1075 3408 sersus
1093 3358 1224 3422 Sibyllinos
1249 3359 1329 3408 luisse
1346 3352 1448 3406 acrostich:

269 3425 346 3474 abices
362 3422 452 3484 titulus,
472 3427 624 3475 adversos
639 3440 720 3474 meae
737 3439 855 3488 quaqua
906 3425 928 3474 in
948 3431 1030 3474 octauo
1049 3434 1127 3474 auteur
1147 3425 1208 3474 libro
1228 3439 1343 3476 uersuum
1355 3424 1448 3486 spamus

269 3491 446 3540 sententiaa
471 3499 557 3541 retra
582 3507 674 3555 penes
705 3491 784 3541 illos
807 3507 854 3541 sa·
905 3500 961 3540 sunt
979 3492 1095 3556 quasdam
1114 3493 1266 3552 sesentiens,
1293 3507 1355 3557 quae
1376 3487 1449 3548 inepti

270 3559 420 3609 rietatem
438 3564 482 3607 etc.
905 3560 992 3608 litteris
1011 3559 1143 3609 initialibus
1161 3560 1295 3610 sarbaram
1310 3551 1449 3620 {inssisti

302 3625 325 3674 b.
344 3623 452 3688 Epistola
475 3625 505 3674 ad
530 3624 658 3675 bamsaurn
683 3623 712 3674 de
735 3625 851 3688 parabola
904 3619 977 3682 acie,
998 3623 1069 3676 Θεοῦ
1082 3619 1154 3680 Υἱὸς,
1173 3619 1287 3694 Σωτήρ,
1308 3627 1389 3691 quibas
1402 3624 1448 3690 sal*

267 3691 310 3742 lllii
321 3693 429 3755 prodigi:
450 3693 512 3742 liade
529 3694 670 3743 submersior
686 3693 788 3742 admiror
800 3692 853 3741 Ter-
903 3694 963 3743 teris
988 3685 1068 3758 ἴχθὺς
1091 3709 1132 3743 ror
1151 3697 1289 3760 composita
1309 3703 1353 3744 est.
1384 3689 1448 3739 selu

266 3760 390 3809 tullianam
412 3761 436 3809 in
461 3775 486 3810 eo
510 3760 578 3822 libro,
605 3775 670 3824 parm
694 3761 723 3808 dc
739 3759 854 3808 Pudicitia
904 3761 956 3810 dice
980 3761 1102 3810 Lardnero
1127 3775 1175 3810 nou
1198 3761 1257 3810 satis
1283 3775 1369 3812 musae
1390 3763 1447 3804 aare

267 3825 387 3875 adeersum
402 3829 699 3890 poenitenticmscsipsrtet
718 3827 854 3876 sementiam
904 3827 1078 3878 Tertullianum
1097 3829 1156 3878 brec
1174 3829 1313 3879 acrosticba
1332 3830 1449 3880 nasama

264 3899 363 3943 aetnam
378 3895 681 3958 nocaopinionedissalsit,
700 3893 854 3943 Mescinius
904 3902 990 3944 mmus·
1026 3895 1165 3958 Credibilis!
1182 3896 1210 3944 oi
1222 3897 1263 3944 tbs
1282 3891 1447 3959 Gospelllisttb

267 3962 360 4010 sentire.
903 3977 925 4012 c.
943 3961 985 4012 29.

300 4043 320 4076 c
338 4028 372 4077 lle
389 4029 502 4082 arationis
520 4032 596 4076 uatem
613 4033 753 4076 sacramenta
772 4041 852 4077 neces·
937 4043 959 4090 n.
977 4030 1047 4080 Petite
1059 4031 1188 4080 dedomino
1201 4031 1304 4093 peculia,
1325 4027 1408 4091 matins,
1421 4021 1449 4066 ii'

264 4096 394 4144 atalenos
412 4096 578 4145 commentandi
602 4093 728 4158 Cyprianus
745 4095 780 4142 nir
797 4109 853 4143 san·
903 4097 1040 4146 tributiones
1057 4098 1220 4148 cbarismatsnt
1237 4098 1385 4153 subiiciente,
1400 4083 1446 4136 ²2¹³*

267 4164 455 4212 ctae‘memorios
471 4162 585 4211 liberarit.
615 4163 750 4224 Quanquam
767 4161 852 4209 etTer·
904 4163 949 4212 aab
967 4163 983 4211 t.
1234 4163 1236 4168 ’

265 4226 377 4276 tollimus
401 4230 454 4277 binc
471 4229 575 4277 uelamen
593 4229 735 4291 aptissimam
753 4228 854 4290 seripse-
938 4230 961 4277 b.
988 4229 1062 4285 Ouum
1083 4236 1159 4279 mtem
1184 4232 1227 4280 sab
1252 4231 1329 4280 tribas
1345 4225 1370 4275 'et
1390 4227 1448 4296 tesbi

265 4293 313 4352 τίη·
336 4295 378 4342 aad
395 4309 593 4359 consequens
611 4309 675 4344 error
692 4295 791 4344 bominis
810 4295 851 4343 ds·
901 4297 957 4360 fidei
981 4303 1003 4344 et
1020 4299 1118 4360 mansio
1132 4297 1215 4346 salotis
1230 4299 1383 4360 plaudentes,
1399 4297 1445 4336 ma

263 4360 338 4408 lenuit
354 4363 447 4422 scriptis
462 4363 623 4424 probabilibus
640 4363 806 4412 arroteritatem.
900 4365 963 4412 sosio
987 4363 1099 4412 adiicitur
1114 4363 1231 4414 Ecclesiae
1253 4365 1354 4421 meatim·
1376 4365 1446 4426 mauu!

299 4424 324 4473 tl·
344 4423 370 4474 C·
392 4423 430 4472 12·
805 4483 807 4488 ,
899 4431 941 4478 ubi
964 4435 1025 4488 tres,
1049 4431 1075 4478 id
1100 4435 1133 4478 est
1154 4436 1233 4492 pater,
1259 4433 1324 4492 filias
1346 4433 1365 4476 rt
1385 4424 1446 4486 spissi

298 4505 322 4541 a.
340 4491 367 4540 C·
388 4491 427 4540 to.
900 4501 1002 4555 sanctiss,
1021 4497 1056 4547 ibi
1073 4497 1170 4548 eeclesia
1188 4511 1247 4561 quas
1264 4500 1334 4546 trians
1350 4489 1445 4554 aarputd

298 4557 315 4609 l.
334 4558 381 4609 Sed
397 4573 440 4610 nos
455 4560 540 4622 pisci
548 4561 613 4611 asli
630 4561 754 4612 secandum
767 4553 850 4627 ἰχθὺν
901 4575 922 4612 c
941 4561 965 4612 6.
