3166 5250
520 395 655 440 socrons
676 395 735 440 uic.
759 397 796 440 cs
818 397 945 442 norma.
1107 429 1112 438 .
1279 385 1342 448 465

208 545 345 608 ceterum
367 543 524 607 Turnebus
547 545 689 622 (Tumeb.
711 545 763 607 lib.
785 545 873 608 XVll.
894 545 1015 608 Advers.
1040 565 1103 626 cap.
1118 549 1182 623 24.)
1205 549 1341 630 suspica-

113 641 171 696 tur
191 631 353 694 lusorium
380 647 445 692 eam
473 649 540 692 esse
566 631 651 692 deam
679 629 764 692 cuius
793 632 894 693 lurore
922 631 1051 711 correpti
1077 633 1214 695 homiues
1236 635 1343 698 mearii

112 716 309 786 vocabantur,
331 715 420 794 idque
442 713 572 776 stabilire
593 715 697 777 nititur
718 715 764 776 bis
787 715 903 779 duobus
925 734 942 778 a
963 715 1060 778 Nonio
1082 717 1177 780 citatis
1200 718 1287 794 (Non.
1306 719 1342 782 ad

110 821 147 864 v.
170 801 330 877 Quiritare)
351 799 456 860 Lucilii
478 799 669 862 carminibus:

273 917 354 980 llaec
376 919 475 980 eodem
496 920 587 981 rudet
608 937 624 979 e
645 919 761 980 nostris
783 928 871 1000 otgue
894 917 1050 991 oiulitodit,

276 1001 470 1065 Concursum
492 1003 574 1066 uelut
595 1007 750 1098 oncum'us,
774 1002 912 1084 clareque
933 1006 1094 1086 quiritans.
1130 1015 1134 1022 '

107 1139 152 1200 In
174 1147 279 1200 nostra
301 1139 420 1218 quidem
441 1140 549 1201 borum
571 1139 733 1200 carminum
756 1137 884 1200 editione
906 1138 1048 1218 legimus:
1070 1139 1127 1202 llic
1148 1143 1269 1220 inquom

108 1223 217 1286 veluti
242 1227 417 1286 armarius.
463 1223 522 1285 Sed
555 1232 693 1302 corrupte
719 1223 915 1302 proculdubio
945 1243 980 1286 ac
1006 1232 1109 1286 contra
1135 1223 1221 1285 metri
1248 1224 1341 1304 leges.

107 1308 327 1370 Verumtamen
349 1327 431 1370 mera
452 1308 526 1369 baec
548 1316 594 1370 est
616 1307 746 1370 Tumebi
769 1308 947 1380 coniectura,
979 1327 1054 1388 quae
1076 1308 1131 1370 alia
1153 1309 1248 1370 adbuc
1268 1328 1342 1388 pro-

107 1392 240 1455 batione
260 1392 381 1472 indiget.
410 1393 444 1453 ln
466 1392 541 1454 libro
564 1401 662 1454 autem
683 1392 719 1453 ad
741 1391 882 1454 Nationes
905 1411 1014 1454 nomen
1036 1394 1198 1468 lusoriam
1218 1393 1344 1457 babetur

112 1489 150 1541 et
170 1482 446 1560 puomprucucraist,
479 1478 560 1557 quod
586 1477 773 1556 depravatum
802 1476 1003 1540 existimantes
1031 1478 1136 1557 reponi
1164 1478 1285 1539 voluere
1315 1489 1344 1543 et

111 1566 397 1645 quamproeuerim:
427 1561 480 1622 sed
502 1561 580 1623 nulla
602 1561 715 1622 reddita
737 1561 852 1622 ratione
874 1562 1100 1636 emendationis,
1130 1581 1204 1642 quae
1225 1563 1342 1626 adulte-

108 1653 182 1708 rato
211 1653 292 1708 textu
320 1646 427 1707 melior
452 1663 513 1706 uon
542 1645 667 1706 videtur.
713 1645 900 1726 Quapropter
922 1646 1067 1710 malumus
1089 1646 1210 1710 alterius
1233 1647 1343 1710 codicis

114 1749 208 1812 opem
230 1739 395 1811 expectare,
418 1749 505 1809 quam
526 1730 613 1792 uariis
636 1730 787 1810 indulgere
809 1731 999 1794 coniecturis.

205 1847 329 1909 Facilius
352 1848 449 1928 itaque
471 1841 540 1910 illud
562 1847 746 1929 probabitur,
768 1850 849 1930 quod
870 1849 976 1913 adiecit
998 1849 1212 1912 Tertullianus:
1243 1849 1342 1912 Volsi-

114 1937 269 1996 niensium
289 1931 407 1996 Nursio
428 1931 611 2010 (Tertullian.
634 1934 787 2015 Apologct.
802 1954 873 2015 cap.
896 1938 980 2013 24.);
1012 1934 1042 1995 in
1075 1933 1151 1996 libro
1184 1943 1251 1996 aute
1305 1933 1342 1996 ad

114 2017 261 2080 Nationes
284 2017 344 2093 (lib.
367 2017 404 2079 ll.
427 2019 464 2079 ad
484 2017 602 2080 Nation.
625 2037 688 2098 cap.
713 2021 755 2096 8.)
778 2026 808 2080 et
829 2019 912 2080 libris
935 2017 1048 2080 nostris
1080 2018 1200 2080 ineditis
1257 2022 1342 2081 urcio

115 2111 149 2164 et
170 2101 290 2173 Nortia,
314 2101 376 2163 sive
398 2103 483 2164 utin
506 2102 639 2166 Tacitum
661 2123 731 2164 mox
753 2103 900 2166 citandum
922 2113 1006 2166 notat
1026 2103 1158 2183 Lipsius,
1181 2101 1340 2165 Neurseio.

1 2195 2 2226 ³
110 2187 153 2250 At
174 2186 276 2248 Livius
299 2187 391 2248 semel
413 2187 578 2267 iterumque
599 2187 732 2250 meminit
753 2188 973 2250 Volsinensium
996 2188 1072 2266 (Liv.
1094 2188 1128 2248 V.
1152 2205 1214 2267 cap.
1238 2190 1289 2251 31.
1313 2195 1343 2250 et

111 2271 167 2333 lib.
189 2271 240 2333 lX.
264 2289 327 2350 cap.
351 2274 425 2348 21.),
455 2272 503 2352 qui
533 2273 620 2334 ctiam
650 2273 679 2334 in
707 2273 832 2352 quadam
859 2273 1053 2353 inscriptione
1074 2291 1091 2334 a
1114 2271 1240 2334 Grutero
1264 2271 1342 2334 edita

112 2357 160 2419 sic
182 2355 367 2436 appellantur
388 2357 518 2431 (Gruter.
540 2357 672 2438 inscript
696 2359 719 2419 l.
741 2376 771 2437 p.
795 2359 889 2436 385.).
934 2358 1041 2420 Verum
1071 2357 1199 2436 ipsemet
1220 2355 1341 2418 Tertul-

111 2441 211 2503 lianus
234 2440 303 2502 alibi
325 2440 403 2514 illos,
426 2441 672 2521 quemadmodum
696 2442 918 2504 observavimus
941 2443 1049 2522 (Supra
1071 2461 1134 2522 cap.
1146 2443 1197 2506 23.
1208 2439 1271 2501 Art.
1284 2443 1340 2518 3.),

112 2525 267 2588 Volsinios
289 2533 385 2600 vocat,
408 2526 495 2588 sicuti
515 2527 689 2606 Propertius
713 2528 860 2606 (Propert.
883 2527 934 2589 lib.
956 2527 1003 2588 lV.
1026 2525 1106 2605 Eleg.
1129 2526 1166 2586 ll.
1189 2542 1216 2586 ι.
1239 2528 1282 2602 2.)
1312 2533 1343 2586 et

113 2609 229 2672 Plinius
267 2609 354 2685 (Plio.
378 2609 428 2672 lib.
450 2611 488 2672 ll.
517 2611 618 2674 Natur.
641 2611 717 2673 llist.
749 2631 812 2691 cap.
835 2614 886 2675 52.
916 2618 947 2672 et
967 2609 1017 2671 lib.
1040 2610 1090 2671 lll.
1113 2627 1176 2689 cap.
1199 2613 1255 2686 4.),
1288 2609 1340 2688 qui

113 2695 310 2758 testificantur
337 2695 441 2758 urbam
467 2697 544 2758 banc
565 2695 820 2776 opulentissimam
843 2696 1010 2757 Tuscorum
1032 2694 1135 2768 luisse,
1164 2711 1238 2772 quae
1261 2711 1341 2756 nuno

114 2779 173 2843 sub
195 2798 380 2842 summorum
402 2781 576 2860 pontificum
599 2780 709 2841 ditione
733 2789 788 2842 est

200 2898 338 2960 Noreiam
364 2917 435 2960 uero
465 2917 569 2960 eorum
596 2899 682 2960 dcam
709 2899 803 2960 luisse
830 2917 866 2958 ex
894 2896 941 2958 bis
963 2895 1022 2956 iam
1044 2895 1123 2958 citati
1143 2894 1219 2958 Livii
1239 2895 1337 2958 verbis

115 2983 273 3046 discimus:
314 2983 453 3046 Volsiniis
477 2984 589 3058 clauos,
611 2985 723 3046 indicos
744 2986 866 3044 caunum·
885 2997 1047 3050 annorum,
1069 2980 1150 3060 fisos
1172 2983 1205 3040 in
1227 2981 1338 3060 templo
1400 2984 1404 2992 '
1465 3017 1468 3030 ·

114 3067 244 3131 Nortiae
279 3067 426 3130 Etruscos
456 3069 526 3130 deoc
558 3087 733 3149 comparere
765 3068 890 3145 diligens
934 3065 1044 3128 tob'um
1074 3074 1339 3127 monumentorum

115 3153 532 3298 pfisgtplgect'ipggalppilofflmot
553 3151 629 3228 (Liv.
651 3152 703 3214 lib.
726 3149 785 3213 Vll.
809 3168 872 3229 cap.
895 3151 949 3227 3.).
991 3147 1140 3212 luvenalis
1162 3167 1280 3229 quoque
1303 3149 1339 3212 de

267 3405 309 3416 —-
332 3403 372 3416 ·-
395 3371 477 3434 ldcm
494 3371 640 3452 populus,
664 3375 693 3432 si
713 3369 828 3432 Norcio
852 3367 945 3432 Tusco

268 3457 414 3528 Foor'ssct,
438 3461 467 3518 si
487 3473 633 3537 oppresso
653 3456 738 3534 foret
759 3473 868 3517 securo
890 3464 1027 3517 senectus

266 3541 427 3622 Prinu'pis,
451 3542 506 3602 lonc
527 3545 593 3621 ipso
612 3539 754 3602 Seianum
775 3541 885 3602 diceret
907 3539 985 3602 loro

269 3627 444 3706 Augustum.
689 3669 697 3688 .

268 3715 273 3721 '
640 3721 642 3728 ⁴
752 3707 893 3782 (luvenal.
918 3706 1006 3770 Satir.
1028 3705 1064 3768 Χ.
1091 3725 1118 3768 ι.
1142 3709 1182 3770 70
1204 3709 1272 3780 etc.)

114 3847 273 3910 Praeterea
297 3843 552 3907 Ocriculanorum
576 3841 719 3912 Valentio,
743 3841 783 3903 ait
804 3839 1003 3904 Tertullianus
1027 3838 1208 3914 (Tertulliau.
1223 3834 1338 3916 Apolo·

115 3941 174 4014 get.
197 3933 272 4000 24.)
315 3928 482 3991 Ocriculum
505 3935 602 3990 autem
624 3943 678 3988 seu
701 3925 838 3998 Ocriculi,
872 3925 1009 3988 Straboni
1032 3919 1198 4007 ’Όκρικλοι
1225 3920 1335 3994 (Strab.

114 4016 166 4078 lib.
188 4013 222 4075 V.
246 4012 352 4093 Geogr.
374 4033 404 4094 p.
426 4016 523 4090 227),
557 4010 629 4072 urbs
651 4017 698 4072 est
719 4011 748 4072 iu
771 4010 879 4072 tinibus
901 4009 1048 4082 Umbriae,
1078 4025 1152 4086 quae
1174 4023 1235 4066 oon
1257 4005 1335 4065 mul-

116 4109 179 4162 tum
201 4099 294 4160 Roma
322 4097 412 4160 distat
438 4115 574 4178 nuncque
599 4095 732 4158 Otricoli
750 4101 881 4156 vocatur.
924 4093 1103 4157 Mentiouem
1126 4089 1203 4152 illius
1226 4087 1336 4152 iaciunt

113 4183 228 4248 Plinius
262 4181 348 4257 (Plio.
371 4183 421 4244 lib.
445 4183 494 4244 lll.
523 4181 624 4243 Natur.
647 4179 724 4242 llist.
748 4198 810 4259 cap.
833 4183 863 4243 4.
887 4187 916 4240 et
938 4197 999 4257 cap.
1025 4181 1098 4254 14.),
1126 4173 1226 4236 Livius
1260 4173 1334 4250 (biv.

112 4270 164 4333 lib.
188 4267 239 4331 lll.
262 4285 324 4348 cap.
346 4271 424 4346 41.),
458 4267 563 4346 aliique
596 4283 630 4326 ac
662 4263 851 4344 potissimum
880 4261 1049 4343 geographi.
1093 4257 1334 4322 Ocriculanorum

112 4373 206 4436 porro
235 4352 320 4415 deam
349 4371 450 4414 revera
482 4351 575 4412 luisse
596 4349 758 4412 Valentiam
787 4366 931 4428 agnosces
953 4347 1008 4408 hac
1028 4345 1120 4407 reteri
1141 4343 1335 4424 inscriptione

114 4440 192 4522 apud
215 4438 372 4501 Gruterum
395 4437 526 4512 (Gruter.
548 4455 578 4516 p.
589 4439 620 4500 2.
643 4434 776 4515 inscript
788 4436 865 4511 12.):
888 4451 945 4494 rao
970 4449 1079 4493 socors
1101 4447 1167 4491 urus
1188 4449 1223 4491 ac
1247 4446 1332 4490 neor-

113 4543 179 4586 rus.
209 4543 239 4586 o.
267 4543 297 4585 u.
328 4539 512 4586 sauciussuu
546 4563 650 4582 ....
679 4539 720 4582 rr.
747 4537 814 4580 sue.
843 4533 1015 4580 laureum.
1044 4533 1171 4578 concurr
1202 4531 1333 4588 unocurt,

115 4625 292 4679 emmona
313 4617 433 4671 aum'n.
456 4625 494 4668 cx
515 4619 580 4668 usu
601 4621 676 4666 uuae
698 4621 859 4668 sensurus
881 4621 908 4665 s.
931 4621 959 4665 r.
980 4621 1010 4665 s.
1032 4620 1059 4664 c.

150 4713 311 4761 Turonorum
324 4725 376 4760 ore.
391 4725 429 4758 uo.
445 4723 543 4758 οιιιιι.
568 4710 632 4756 Tem.
650 4709 688 4755 111.
1100 4701 1132 4754 30
