3126 5250
300 362 365 430 276
392 381 585 425 nrssnnrsrro
601 381 632 452 m
648 381 696 433 aa.
712 381 796 426 surr.
812 379 899 426 reon.
915 381 1110 426 rnnrnnnmm
1124 381 1343 425 monocsrmuu
1354 379 1430 424 corr.

300 532 378 612 apud
399 531 454 594 bas
476 532 611 594 nationes
634 532 888 594 existimabantur:
910 531 988 594 Nam
1010 532 1263 604 biumoreseuaa,
1283 532 1481 612 inquitatatem

302 623 604 692 communicaverunt,
628 637 701 698 puae
723 622 756 679 a'u
776 621 1002 681 matrimonium
1025 620 1177 680 duuerunt
1193 617 1352 680 liberorum
1367 627 1481 679 mutuet

301 702 384 774 anot,
407 702 436 762 id
458 709 505 763 est
524 702 616 764 citerc
639 702 692 763 sed
714 701 800 782 piane
814 701 915 764 illicito
929 701 1087 781 infamique
1102 702 1300 775 matrimonio,
1313 703 1481 764 creandorum
1529 721 1530 774 a

302 785 484 861 (Tertullian.
506 785 660 866 Apologct
683 805 748 867 cop.
770 789 845 864 39.).
875 786 1048 849 Plutarchus
1071 794 1168 850 autem
1189 786 1220 847 in
1241 787 1298 848 rite
1318 785 1423 848 Catonis
1437 784 1480 846 ut-
1529 793 1530 834 t

299 871 383 932 noris
405 879 505 932 narrat
527 889 560 931 sc
582 890 598 932 c
621 871 753 932 Thrasea
774 880 804 934 et
823 871 903 934 bunc
923 871 1096 945 aHunatio,
1118 870 1252 933 eiusdem
1266 871 1378 933 Catonis
1397 877 1480 932 contu-

297 955 421 1037 bemali‚
444 955 593 1034 accepisse
614 956 817 1030 Hortensium,
839 955 964 1018 amicitia
984 974 1055 1036 prae
1076 955 1183 1018 ceteris
1199 955 1301 1017 Catoni
1315 955 1480 1024 coniunctum,

300 1041 395 1111 abeo
416 1039 569 1121 petivisse,
596 1049 630 1103 ut
658 1059 745 1120 quum
766 1041 887 1103 duxerat
907 1059 1031 1102 uxorem
1051 1041 1184 1103 Martiam
1205 1041 1330 1120 Philippi
1350 1039 1434 1111 biam,
1455 1055 1480 1098 cr
1529 1049 1530 1074 ί

300 1141 356 1204 qua
384 1133 468 1187 enter
493 1124 594 1204 plures
621 1125 699 1186 tilios
722 1133 895 1206 susceperat
915 1133 945 1186 et
966 1132 1027 1186 tum
1050 1125 1144 1187 adbuc
1165 1125 1280 1204 grurida
1303 1133 1370 1197 eret,
1390 1124 1415 1185 in
1431 1141 1479 1182 me·

298 1210 472 1272 trimonium
494 1209 552 1270 sibi
575 1210 658 1271 daret
679 1209 835 1284 (Plutarch.
857 1210 888 1271 in
910 1210 974 1272 ties
996 1210 1098 1271 Coton.
1113 1210 1220 1271 Minor.
1242 1228 1273 1289 p.
1289 1213 1347 1274 tto
1362 1213 1480 1286 strepa).

241 1309 247 1334 ¹
298 1295 393 1357 Amici
415 1313 485 1356 vero
507 1293 645 1375 precibus
667 1294 750 1357 tacite
771 1295 866 1357 victus
888 1294 960 1357 Cato
982 1295 1062 1356 illam
1083 1295 1111 1356 ei
1131 1303 1289 1374 praesente
1313 1313 1345 1356 ee
1367 1292 1479 1372 probante
1529 1355 1530 1374 ρ

299 1378 435 1459 Philippo
465 1379 544 1440 iilius
572 1390 654 1459 petre
682 1379 838 1442 concessit.
883 1378 942 1440 Sed
968 1387 1086 1441 mortuo
1119 1388 1223 1458 postea
1244 1377 1405 1450 Hortensio,
1428 1375 1479 1436 doto
1529 1381 1530 1388 ’

297 1463 432 1525 Martiam
454 1482 537 1525 suem
559 1463 665 1524 iterum
687 1465 808 1543 accepit,
830 1481 917 1543 quam
937 1463 1114 1525 Hortensius
1136 1464 1285 1526 bonorum
1305 1461 1479 1525 sucrumhse-

299 1549 401 1611 rodem
427 1548 594 1626 reliquerat
640 1547 839 1622 Quamobrem
869 1548 985 1623 Caesar,
1017 1549 1061 1611 uti
1093 1549 1225 1627 loquitur
1257 1543 1480 1618 mammonin

300 1631 542 1718 φιλοπλουτίαν
564 1635 749 1717 προσφέρει
769 1632 823 1696 καί
844 1635 1048 1715 μισθαρνίαν
1070 1629 1125 1697 ἐπὶ
1141 1633 1188 1717 τῷ
1203 1629 1312 1717 γάμῳτ
1334 1621 1480 1711 depromo·

299 1722 344 1779 eit
365 1721 526 1780 auaritiam
550 1727 578 1779 et
599 1723 631 1778 in
654 1723 789 1798 conrupta
811 1719 954 1780 mercedis
975 1723 1174 1798 acceptionem
1197 1718 1283 1791 (ibid.
1304 1738 1333 1799 p.
1355 1719 1434 1789 784.)-
1529 1755 1530 1762 .

383 1801 506 1864 Brevius
528 1801 645 1880 quidem
667 1802 773 1882 hisque
793 1801 892 1864 verbis
915 1802 1063 1883 Appianas
1085 1802 1116 1863 id
1137 1803 1254 1865 retulit:
1277 1801 1409 1865 Martium
1425 1796 1478 1859 tn·

301 1885 377 1967 ia'ppi
400 1886 496 1967 filiam
523 1906 589 1949 cum
616 1891 762 1966 otrpa'nem
791 1887 864 1950 Cato
893 1889 1036 1959 ductaret,
1065 1887 1151 1949 ualde
1173 1888 1312 1951 dilectam
1332 1900 1359 1951 et
1379 1899 1478 1946 coutu-

298 1975 384 2033 m'um
410 1970 576 2033 liberorum
603 1977 664 2032 ium
690 1983 826 2043 matrem,
856 1971 1020 2034 Hortensio
1050 1977 1139 2034 cessit
1166 1976 1273 2049 amieo,
1302 1973 1476 2035 otteramno
1529 1941 1530 2036 i

298 2056 444 2136 secundae
476 2059 596 2126 amorio,
627 2056 733 2136 quibus
767 2069 890 2132 eotenus
924 2068 1077 2132 caruerat,
1112 2059 1236 2137 cupido,
1269 2059 1358 2120 donec
1384 2071 1413 2115 eo
1435 2047 1474 2108 tiit
1529 2063 1530 2120 i

299 2140 1076 2305 nocentem,
1092 2136 1254 2304 ntem
1275 2129 1472 2291 ‘m
1529 2121 1530 2156 ί

298 2327 365 2372 mus
389 2308 452 2388 lege
474 2309 550 2387 apud
572 2308 703 2388 Tcpyros
725 2317 886 2389 receptum,
909 2319 943 2372 ut
963 2309 1018 2378 riri
1039 2329 1148 2372 uxores
1165 2329 1247 2386 sues,
1270 2319 1404 2391 postqum
1414 2301 1467 2362 (1⁰⁰⁵

299 2403 350 2455 aut
375 2401 436 2455 tres
464 2394 575 2456 liberos
604 2403 803 2473 susceperant,
831 2395 895 2456 aliis
916 2395 1047 2456 locarent
1067 2395 1098 2456 in
1120 2397 1326 2458 matrimonio:
1358 2383 1471 2462 καθάπερ

298 2477 352 2541 καὶ
368 2473 501 2580 ὶΚάτων
515 2471 684 2582 (Ὁρτησίῳ
712 2475 865 2586 deprimet
893 2475 1042 2581 ἐξέδωκαΙ
1061 2475 1120 2564 τὴν
1148 2483 1308 2564 Μαρκίαν
1336 2468 1385 2580 ἐφ’
1409 2465 1478 2565 ἡμῶν,

298 2561 976 2720 ottrtttttittttuitndttt
1000 2563 1478 2713 tontttttt‘ttttttt

299 2733 542 2795 consuetudinem
564 2731 673 2806 (Strab.
695 2731 745 2795 lib.
768 2733 817 2794 xt.
840 2733 946 2812 Geogr.
969 2752 998 2812 p.
1011 2736 1108 2810 tuno.
1121 2734 1199 2796 ·Nec
1222 2736 1373 2797 defuerunt
1390 2731 1479 2822 poetro,

298 2817 348 2895 qui
371 2818 429 2879 hoc
450 2816 569 2878 Catonis
591 2817 698 2879 sactum
720 2816 782 2880 suis
804 2818 973 2880 cecinerunt
994 2817 1172 2880 carminibus
1194 2820 1301 2900 bisque
1325 2815 1479 2898 potissmuc

298 2901 448 2964 Lucanus:
989 2925 992 2938 ·

447 3000 572 3065 Interea
593 3001 709 3065 Pbocdo
731 3001 844 3082 pelidae
861 3003 993 3083 pellente
1016 3003 1153 3065 tenebras

449 3085 592 3149 Pulsatae
614 3106 744 3150 sonuere
764 3089 860 3167 soros,
884 3106 957 3170 puae
981 3099 1086 3150 sancta
1108 3085 1215 3151 relicto

450 3169 599 3233 Hortensi
617 3191 753 3234 moerens
775 3176 892 3252 irrupit
913 3172 1026 3234 Martia
1048 3173 1145 3248 basto,

453 3255 612 3328 Quondam
633 3260 720 3334 oirpo
743 3261 821 3319 toris
841 3256 975 3319 melioris
997 3261 1101 3318 iuncta
1122 3261 1236 3320 mariti.

451 3338 525 3400 Mon
545 3341 599 3402 uda·
619 3341 761 3402 connubii
776 3346 910 3421 pren'um
930 3359 1099 3423 mercesque
1121 3342 1225 3404 solerte
1247 3351 1302 3419 est,

452 3423 552 3485 Tertia
573 3428 633 3485 tam
655 3423 771 3486 soboles
793 3425 870 3487 altos
892 3427 1043 3506 faecamdu
1061 3438 1185 3506 penates

449 3505 621 3588 impletura
643 3510 748 3581 datur,
770 3515 901 3588 pominus
924 3531 943 3572 a
965 3515 1109 3590 sanquine
1131 3516 1240 3573 matris

449 3591 645 3654 Pemniatura
668 3593 779 3655 domos.
983 3595 1104 3666 (Lucan.
1116 3595 1166 3657 lib.
1178 3596 1215 3656 H.
1226 3616 1254 3657 ν.
1266 3597 1327 3660 326
1337 3601 1365 3654 ct
1375 3585 1462 3666 seutd-
1529 3673 1530 3678 γ

382 3709 457 3770 Tum
483 3710 589 3772 deinde
611 3711 753 3774 describit
773 3711 922 3792 mornado
944 3731 1049 3776 rursus
1072 3715 1143 3777 Cato
1165 3724 1236 3797 post
1258 3708 1403 3776 Hortensii
1421 3717 1484 3766 nor·

296 3803 357 3858 tem
378 3795 457 3856 illam
480 3796 609 3858 seeundo
632 3797 818 3858 matrimonio
840 3797 990 3859 habuerit:
1529 3813 1530 3818 ’

449 3896 520 3959 Non
542 3898 628 3960 solite·
647 3898 746 3960 lusere
768 3899 857 3972 soter,
880 3917 934 3962 nec
954 3919 1039 3964 more
1062 3899 1172 3964 Sotmo

448 3981 575 4064 Hoccepo't
596 3987 694 4045 tristis
719 3987 837 4046 comitio
856 3985 938 4064 sesto
958 3989 1098 4047 tumuitus.

449 4067 585 4148 Po‘pnoro
606 4067 693 4130 nullu
714 4069 827 4139 damus,
850 4068 931 4131 uuiti
949 4074 1046 4132 coiere
1064 4074 1248 4151 propinqui:

447 4151 623 4233 Iaapuatur
645 4156 730 4216 tacita⁴
750 4157 935 4234 contentique
957 4153 1077 4236 auspice
1098 4155 1214 4218 Bruto:

449 4235 507 4300 ttte
529 4257 582 4300 nee
604 4237 780 4318 horrificam
801 4251 906 4302 sonato
929 4239 1052 4300 diruooit
1073 4241 1109 4302 od
1133 4258 1185 4304 ore
1285 4312 1288 4320 .

450 4320 620 4386 Caesonem
641 4323 776 4404 duroque
797 4324 929 4387 otnooo
948 4325 1058 4403 pouda‘o
1079 4324 1178 4387 vultu.
1521 4375 1524 4389 .

1064 4407 1149 4484 (ibid.
1171 4427 1197 4469 r.
1222 4409 1282 4472 367
1299 4412 1329 4467 et
1341 4399 1435 4481 seqq.)-

382 4500 515 4583 uanique
535 4514 568 4567 ut
587 4508 780 4588 Aummdnum
802 4510 933 4590 aliosque
947 4509 1058 4572 missos
1073 4511 1224 4583 sumemus,
1246 4509 1429 4585 Hieronymus
1441 4490 1483 4594 td*

296 4603 401 4650 '0³⁰⁸
422 4587 603 4662 latinianum
624 4594 668 4656 sic
688 4594 832 4674 disputet:
854 4595 952 4659 Hunit
972 4615 1101 4660 acorem
1123 4596 1265 4660 Martiam
1282 4593 1351 4658 caeo
1364 4593 1484 4652 acutos·
