3092 5234
409 429 554 508 ¹tucronn
577 431 618 473 ro,
641 429 707 472 sna.
729 429 890 474 nonssstr.
1202 414 1262 476 611

33 575 128 654 paulo
152 583 220 654 post
243 593 298 636 eos
323 576 437 638 Oceani
455 581 507 639 sui
525 579 636 640 ambitu
665 578 833 641 coreolusos.
878 577 960 651 Quae
988 595 1038 639 res
1066 579 1183 658 quidem
1205 576 1263 640 Ba-

35 660 187 731 ronium',
221 658 357 721 Allixium
380 660 511 738 aliosque
539 661 659 722 deduxit
687 662 716 722 in
746 682 809 723 eam
839 662 1018 742 opinionem,
1052 670 1085 722 ut
1113 663 1265 724 crederent

32 750 109 820 post
130 743 269 804 victorias
291 743 393 805 Severi
415 744 594 806 aBrilannis
616 754 782 824 reportatas
804 745 945 824 scriptum
967 746 1046 806 hunc
1063 745 1171 806 librum
1187 765 1263 819 esse,

34 827 130 885 etita
154 827 454 901 annolereCClX.;
486 828 565 906 quod
595 847 650 906 ego
675 847 736 888 non
758 829 899 902 dixerim;
932 847 998 889 nam
1030 829 1179 906 quomodo
1201 838 1265 890 tum

34 909 158 968 tandem
180 909 246 970 lor-o
268 910 476 972 Britannorum
508 911 565 972 dici
587 911 737 973 inaccessa
760 914 939 992 potuissent,
973 929 1097 991 quorum
1120 911 1177 972 sibi
1199 913 1263 972 adiu

33 1003 99 1052 tum
123 993 251 1054 llomani
273 995 419 1066 fecerant,
443 995 544 1073 etqui
567 996 716 1074 potuisset
730 996 928 1058 Tertullianus
944 995 1060 1056 dicere:
1084 1001 1264 1059 transistus

32 1086 141 1153 pentes
164 1077 316 1139 liomouos
338 1083 497 1158 porriqere
518 1084 607 1158 repul
627 1083 679 1141 sui
697 1085 778 1141 uires
800 1100 862 1141 non
881 1099 980 1160 posse,
1003 1099 1069 1140 cum
1082 1079 1151 1139 illud
1167 1079 1264 1158 ipsum

33 1160 115 1219 inter
137 1159 296 1221 Britannos
318 1160 480 1223 iecissent?
512 1161 606 1222 Nimis
629 1164 762 1241 prolecto
784 1163 861 1224 clare
883 1163 1263 1235 confirmatHerodlanus‘t,

35 1243 185 1304 Severum
212 1262 272 1304 non
299 1246 388 1305 modo
417 1245 519 1306 Getam
549 1246 579 1304 in
611 1244 647 1305 iis
666 1246 874 1308 Britannorum
904 1245 1074 1323 regionibus
1097 1247 1263 1325 reliquisse,

34 1345 114 1404 quae
137 1327 262 1405 imperio
285 1328 486 1390 Romanorum
509 1329 656 1390 subiectae
679 1338 771 1402 erant,
804 1332 857 1392 sed
879 1330 1019 1390 Severum
1041 1349 1169 1409 quoque,
1192 1348 1263 1409 per-

34 1410 90 1486 git,
113 1410 200 1471 latius
224 1429 257 1471 se
278 1413 455 1490 proludisse.
511 1412 613 1490 Neque
643 1431 712 1473 vero
742 1433 844 1475 murus
875 1433 891 1474 a
924 1414 1033 1473 Severo
1062 1414 1091 1473 in
1113 1413 1263 1474 Britannia

36 1501 202 1568 extructus,
236 1495 286 1574 qui
307 1495 465 1556 Baronium
488 1505 662 1573 ceterosque
691 1497 815 1576 decepit,
846 1497 871 1557 is
900 1507 954 1570 est,
984 1515 1042 1574 qno
1064 1497 1263 1558 Tertullianus

35 1576 186 1653 significat
209 1579 365 1640 conclusos
393 1579 502 1640 linibus
531 1579 595 1640 suis
617 1579 774 1640 Britannos
802 1581 906 1652 inisse,
942 1599 1038 1658 neque
1071 1581 1147 1641 enim
1176 1577 1263 1640 mdro

35 1660 93 1718 sed
114 1665 200 1721 intro
224 1663 337 1723 Oceani
355 1665 498 1725 omditum
521 1663 679 1724 conclusos
701 1664 867 1726 Britannos
889 1663 1060 1742 planissime
1082 1663 1160 1724 dicit
1205 1664 1263 1724 Sed

36 1743 96 1802 ista
120 1743 248 1816 demum,
272 1763 346 1823 quae
368 1746 404 1808 de
425 1745 573 1806 Britannis
602 1747 690 1807 ceteri
720 1747 880 1826 scriptores
910 1747 1107 1818 tradiderunt,
1137 1755 1206 1808 sunt
1232 1747 1263 1807 in

38 1827 229 1904 expeditione
266 1827 366 1889 Severi
402 1829 543 1890 adversus
577 1847 629 1891 eos
667 1831 749 1902 lacta,
787 1850 873 1908 qnam
910 1839 1024 1891 constat
1059 1831 1150 1890 luisse
1183 1849 1261 1890 anno

37 1909 161 1970 CCVlll.
201 1921 378 1991 susceptam.
445 1913 533 1974 Prior
571 1913 659 1992 igitur
698 1913 746 1973 hic
787 1913 958 1974 Tertulliani
991 1914 1066 1973 liber
1096 1913 1200 1986 extitit,
1234 1921 1264 1974 et

38 1992 133 2053 multo
160 1995 243 2072 prior
265 1995 392 2073 quidem,
430 1997 456 2056 si
484 1997 554 2075 quid
583 1997 679 2069 video,
716 2005 854 2075 recteque
882 1997 1078 2058 Tertullianus
1110 1997 1202 2057 altero
1232 1997 1262 2056 in

37 2077 106 2136 loco
136 2077 304 2155 disputarit,
333 2080 381 2157 qni
410 2088 456 2140 est
478 2099 503 2140 c.
529 2081 578 2144 13.
634 2079 734 2158 Neque
772 2081 849 2140 enim
879 2089 1012 2158 tempore
1039 2080 1140 2158 scripti
1174 2081 1262 2141 huius

37 2159 105 2220 libri
135 2162 269 2240 cuiquam
297 2163 471 2223 ludaeorum
498 2163 664 2242 permissus
695 2172 758 2223 erat
785 2165 881 2224 aditus
911 2164 946 2224 ad
968 2163 1190 2223 Bethlehemum
1213 2171 1263 2223 aut

37 2262 142 2320 agrum
165 2246 417 2307 circumiacentem
440 2253 491 2306 aut
509 2246 722 2326 Hierosolyma.
778 2247 936 2307 Enimvero
963 2255 1096 2316 constat,
1121 2248 1261 2307 Severum

38 2327 146 2388 mrdtas
167 2347 289 2406 rogasse
311 2329 427 2391 ludaeis
449 2330 556 2390 amicas
578 2331 669 2408 leges,
692 2349 764 2408 quas
786 2331 816 2391 in
829 2331 1014 2409 'compendio
1036 2329 1261 2390 recitaritlaco-

37 2411 92 2470 has
114 2413 302 2490 Basnagius·,
325 2433 358 2473 ao
381 2414 437 2474 ista
469 2414 534 2474 iura
556 2413 745 2492 Spartianus*
774 2414 814 2473 ait
841 2414 959 2474 tundata
992 2413 1066 2491 ipsis
1096 2432 1161 2474 esse
1190 2421 1261 2486 tum,

37 2513 105 2554 cum
129 2495 269 2566 Severus,
291 2506 373 2575 capta
395 2497 596 2577 Ctesiphonte,
619 2498 832 2576 inaegyptum
855 2498 1101 2575 proficisceretur,
1131 2496 1161 2556 h.
1185 2515 1210 2556 e.
1234 2516 1260 2557 a.

37 2579 101 2638 lere
124 2578 205 2638 CCll.
250 2579 349 2658 ltaque
372 2598 432 2641 non
455 2587 501 2640 est
523 2580 671 2651 credibile,
694 2599 760 2640 cnm
784 2579 872 2639 multa
895 2579 967 2658 ipsis
989 2579 1053 2640 iura
1069 2581 1261 2653 concesserit,

37 2661 164 2738 amplius
201 2681 378 2742 quemquam
411 2663 603 2742 prohibuisse
639 2662 675 2722 ab
712 2663 791 2722 aditu
829 2663 873 2722 vel
910 2663 1181 2740 Hierosolymorum
1216 2663 1261 2722 vol
1338 2713 1340 2720 ,

36 2745 210 2822 cuiusquam
233 2747 307 2806 alius
330 2748 359 2806 in
381 2745 547 2807 Palaestina
569 2747 644 2818 loci,
672 2763 727 2805 nec
748 2746 803 2806 dici
827 2755 925 2822 potest
946 2745 1063 2805 exilium
1086 2745 1260 2806 ludaeorum

34 2829 84 2887 vel
106 2828 276 2889 Tertulliani
299 2831 441 2890 adversus
463 2829 588 2888 ludaeos
610 2828 716 2888 librum
739 2829 856 2888 demum
878 2835 948 2905 post
969 2829 1048 2888 illum
1074 2845 1183 2887 annum
1207 2847 1259 2888 ex-

37 2912 145 2984 titisse,
180 2913 232 2972 sed
269 2920 353 2973 antea
384 2911 489 2990 magis.
549 2911 581 2970 ln
609 2930 663 2989 qua
696 2913 840 2971 sententia
868 2911 1036 2971 confirmari
1065 2909 1167 2971 videor
1194 2911 1260 2972 loco

35 2995 135 3072 aliquo
158 2995 329 3056 Tertulliani
366 3015 400 3056 ex
433 2994 623 3078 Apologetico
646 2999 683 3066 (o.
707 2997 757 3056 tt.
781 3013 810 3072 p.
834 2996 885 3057 20.
909 2993 956 3068 D.)
985 2993 1034 3053 ubi
1060 3001 1177 3072 praeter
1206 2995 1261 3055 alia

34 3078 154 3140 ludaeis
182 3087 281 3139 narrat
303 3097 340 3138 ne
362 3079 538 3138 advenarum
560 3077 677 3155 quidem
701 3078 764 3137 inre
787 3075 919 3148 concedi,
953 3085 985 3136 ut
1008 3086 1115 3136 terram
1137 3077 1261 3155 patriam

34 3163 140 3222 saltem
164 3163 289 3240 vestigio
310 3162 479 3223 salutarent.
525 3161 612 3232 Quod
640 3161 757 3230 etiamsi
786 3161 891 3220 laisum
920 3160 960 3220 sit
981 3159 1017 3220 de
1039 3160 1178 3220 universo
1201 3161 1259 3222 Pa-

34 3245 176 3306 laestinae
199 3254 302 3317 tractu,
325 3264 361 3305 ex
383 3264 442 3324 quo
465 3262 525 3304 non
547 3244 685 3306 videntur
705 3243 804 3304 ludaei
819 3261 857 3303 ne
878 3262 933 3322 per
943 3242 1121 3304 Hadrianum
1142 3244 1260 3321 quidem

34 3329 133 3400 eiecti,
177 3329 256 3408 qnod
289 3329 389 3389 multis
421 3328 495 3389 locis
528 3329 705 3406 scriptorum
738 3335 870 3388 veterum
907 3327 1041 3404 inprimis
1084 3327 1183 3388 docuit
1216 3329 1259 3389 lo.

35 3414 232 3486 dlassonust,
256 3421 353 3474 tamen
369 3411 581 3472 Tertullianum
597 3411 636 3472 ita
660 3411 792 3491 oportuit
813 3409 998 3471 existimasse
1013 3410 1043 3470 in
1058 3410 1259 3490 apologetico,

35 3495 117 3556 unde
138 3496 254 3568 ceteris,
278 3515 352 3575 quae
373 3495 512 3568 diximus,
533 3495 683 3567 assumtis,
707 3495 840 3556 eiusdem
863 3496 924 3555 iero
945 3493 1048 3555 aetatis
1070 3513 1137 3556 esse
1152 3495 1260 3564 librum

35 3579 177 3640 adeamus
200 3580 325 3641 ludaeos
347 3579 443 3658 colligi
466 3579 594 3658 quodam
616 3579 706 3640 modo
728 3588 836 3658 potest.
876 3579 935 3638 Sed
958 3595 1024 3638 cum
1047 3595 1142 3655 neque
1164 3596 1259 3637 annus

36 3663 126 3726 huius
148 3663 214 3724 libri
236 3672 369 3724 accurate
397 3663 495 3741 possit
522 3663 637 3722 deliniri
666 3681 763 3740 neque
791 3662 981 3740 perspicuum
1009 3661 1065 3732 sit,
1095 3659 1261 3719 senseritne

37 3751 96 3809 iam
117 3755 178 3806 tum
200 3745 398 3806 Tertullianus
430 3763 496 3805 cum
519 3744 719 3816 llontanistis,
748 3745 857 3822 placuit
882 3743 969 3804 etiam
998 3744 1077 3803 hunc
1096 3741 1201 3800 librum
1224 3741 1261 3802 iis

39 3829 208 3906 adiungere,
231 3845 358 3906 quorum
380 3845 435 3886 nec
456 3835 537 3886 aetas
566 3844 621 3886 neo
651 3827 785 3888 doctrina
812 3835 946 3904 apparet,
984 3833 1014 3884 et
1039 3822 1169 3883 collectis
1192 3841 1259 3882 om·

40 3912 127 3973 nibus
155 3911 201 3982 iis,
234 3928 309 3987 quae
336 3909 478 3969 hactenus
506 3909 661 3987 proposita
690 3917 769 3982 sunt,
802 3910 842 3969 ita
871 3909 932 3969 lere
961 3907 1096 3966 ordinem
1117 3905 1260 3966 librorum

38 3993 208 4055 Tertulliani
229 3991 424 4052 constituere:

76 4227 98 4274 q.
117 4210 199 4260 sonet.
217 4209 356 4260 Ecclesiast.
374 4210 404 4260 sd
423 4225 446 4260 a.
465 4207 552 4258 ccxu.
667 4221 675 4236 ‘
713 4215 729 4256 t.
748 4207 774 4256 lo
793 4207 842 4256 llita
860 4205 949 4256 Severi.
969 4219 989 4254 o
1010 4203 1049 4252 16.

76 4294 95 4326 r.
115 4277 201 4326 ilistor.
222 4277 261 4326 lib.
283 4275 322 4324 111.
342 4293 362 4324 c.
383 4277 422 4325 14.
441 4291 465 4340 p.
485 4290 515 4324 m.
537 4274 594 4324 tto.
711 4289 733 4322 u.
760 4274 785 4321 ln
811 4271 971 4322 collectaneis
994 4269 1119 4319 ilistoricis
1146 4269 1174 4318 ad
1194 4271 1260 4334 Ope·

75 4361 94 4392 s.
124 4344 226 4393 llistoire
251 4344 295 4392 des
328 4343 385 4392 luils
420 4343 489 4391 Tum.
514 4341 571 4390 Vlll.
599 4356 623 4404 p.
676 4355 702 4389 ra
728 4339 837 4388 Aristidis
861 4338 917 4387 edit.
942 4353 955 4386 a
981 4337 1044 4386 Sam.
1070 4336 1151 4386 lebbio
1176 4333 1202 4400 ἦ.
1221 4337 1256 4386 11.

39 4413 73 4464 49
91 4427 127 4474 sq.
676 4421 698 4454 ¹¹·
718 4405 742 4454 8-
790 4407 797 4422 “
