3144 5236
504 409 639 456 sacroue
660 409 720 456 mc.
742 411 780 455 us
802 409 929 458 ronnas.
1265 399 1329 466 stt

118 565 180 620 mne
199 560 361 638 perfectam
383 559 479 622 uisae
499 559 563 623 Filii
585 560 639 624 llei
659 561 850 636 nativitatem,
880 579 947 625 oum
968 561 1049 626 [leus
1072 583 1107 627 cx
1128 566 1221 628 nihilo
1243 585 1328 632 ores-

117 645 151 705 vit
175 643 283 706 omnia.
326 645 420 706 lutea
446 645 534 724 igitur
561 663 617 708 nec
645 653 730 708 ortus
757 665 815 709 nec
835 663 966 727 persona
986 665 1044 712 nee
1064 649 1230 714 subsanna
1251 661 1329 716 erat:

116 747 145 791 ac
168 729 295 808 proinde
324 747 380 791 nce
408 728 459 790 Dei
488 730 579 791 Filius
608 729 718 806 (Petav.
741 725 815 793 tom.
837 731 874 793 ss.
904 732 1048 813 Theolog.
1070 733 1203 814 Dogmat.
1231 737 1290 798 lib..
1304 738 1328 800 1.

116 831 169 893 top.
191 817 220 877 5.
244 833 275 893 p.
298 815 375 891 25).
419 813 492 875 Nam
515 833 550 876 ea
571 823 642 876 sunt
662 815 729 876 loco
751 815 849 890 citato,
879 833 955 896 quoae
976 814 1035 879 iam
1056 819 1221 895 retulimus,
1248 821 1328 884 illius

115 897 193 958 rerba
221 897 359 972 (Tertadl.
382 897 433 958 lib.
456 898 519 960 adv.
543 898 629 960 Pras.
653 917 716 979 cap.
741 904 799 976 7.):
834 899 917 964 Hocc
944 915 990 965 est
1017 906 1164 966 cotior'tcs
1189 908 1329 986 perfeeto

115 981 261 1044 Sermonis
285 983 356 1044 dom
378 1001 417 1046 en
438 983 501 1046 Deo
521 985 667 1064 procedit,
692 985 829 1048 conditus
851 985 887 1047 cd
910 1005 944 1048 eo
964 991 1098 1066 prinum
1112 990 1151 1049 od
1166 993 1329 1068 copltotunt

113 1071 141 1128 n
166 1071 287 1148 somnos
315 1066 463 1146 Soploioe:
500 1067 647 1129 Dominus
677 1070 808 1130 condidit
833 1085 880 1132 me
906 1074 1025 1134 ninom
1046 1076 1167 1133 ntorum
1189 1091 1327 1137 anunm.

113 1149 217 1213 deiciam
245 1162 411 1231 panaretos
444 1152 483 1214 od
515 1152 668 1233 effectum:
706 1153 780 1214 Cum
807 1164 939 1233 pororet
971 1154 1093 1226 eodum,
1125 1158 1251 1219 oderem
1280 1157 1332 1222 iili

113 1233 255 1306 (hovem.
278 1233 354 1296 vul.
377 1237 429 1299 22.
445 1237 523 1312 27.»
564 1235 642 1315 Ergo
665 1235 728 1298 Filii
751 1236 805 1299 Dei
826 1237 962 1300 nativitas
984 1245 1063 1300 tunc
1076 1247 1198 1314 tantum,
1232 1241 1328 1321 inquit

113 1318 250 1392 Petavius,
279 1320 411 1398 perlecta
432 1337 448 1380 a
470 1319 652 1382 Tertulliano
675 1320 790 1396 dicitnr,
821 1321 939 1401 mando
960 1320 1040 1386 Deus
1062 1323 1246 1404 peripsum,
1274 1325 1325 1406 ‹pn

115 1403 209 1464 Sermo
232 1404 299 1464 eius
322 1412 379 1478 est,
403 1404 595 1466 otmundum
618 1413 648 1466 et
670 1405 768 1467 omnia
789 1407 906 1468 creavit

187 1489 296 1550 venam
320 1487 512 1550 doctissimus
534 1489 584 1550 ille
604 1490 650 1550 vir
670 1490 901 1552 animadvertere
923 1491 1021 1570 potnit
1042 1491 1189 1572 duplicem
1210 1494 1248 1554 ab
1262 1493 1325 1556 Au·

114 1579 185 1634 ctorc
205 1579 314 1633 nostro
337 1572 476 1652 distingui
497 1572 550 1634 Dei
564 1573 661 1635 Patris
684 1567 864 1636 sermonem.
908 1575 1027 1636 Primus
1048 1595 1177 1656 namque
1196 1577 1255 1657 ipsi
1277 1585 1325 1640 cst

114 1656 232 1728 iromus,
256 1675 346 1736 quem
369 1657 472 1718 Graeci
495 1653 697 1736 ἐνδιάθετον,
730 1659 805 1720 alter
825 1665 965 1720 exiemus
987 1667 1018 1722 et
1037 1661 1214 1740 prolatitius,
1238 1677 1326 1741 mern

115 1736 481 1887 ttttttt’stll‘ltt‘
501 1742 766 1889 lllllllit·
789 1743 1327 1893 stultntlttitlltt

116 1911 289 1974 mirtontios
328 1908 362 1972 ιε’
387 1916 497 1990 open'es
533 1911 610 1972 intra
642 1930 676 1973 se
708 1912 807 1992 ipsum
843 1911 1034 1992 disposuerat
1069 1931 1103 1974 ae
1124 1915 1325 1994 cogitaverat.

116 1993 181 2054 Tum
209 1994 318 2056 deiude
347 1994 523 2056 Sermonem
550 1994 629 2058 hunc
657 2014 744 2056 suum
775 2005 856 2060 extra
883 2015 918 2058 se
945 2006 976 2059 et
1005 1998 1134 2060 emerim
1163 1998 1325 2060 emittendo

115 2078 238 2140 universa
267 2079 388 2140 meavit.
431 2079 519 2158 Atqui
548 2077 605 2140 iam
633 2080 760 2142 vidimus
789 2081 1010 2144 aTcrtulliano
1038 2081 1144 2156 asseri,
1172 2082 1266 2162 repeti
1295 2089 1326 2143 et

115 2161 239 2224 uoueri
267 2162 353 2224 illum
380 2163 552 2226 interiorem
582 2183 751 2226 sermonem
779 2165 816 2226 ab
844 2165 925 2226 onmi
955 2167 1127 2228 aeternitate
1156 2165 1326 2246 genituma

115 2245 189 2308 Patre
214 2265 281 2320 suo,
313 2247 362 2326 qui
391 2247 501 2310 idcirco
524 2248 560 2309 ab
583 2267 619 2310 eo
642 2249 733 2328 gradu
755 2257 785 2310 et
808 2249 912 2311 ordine
926 2247 930 2255 '
944 2250 1100 2312 distinctus
1128 2251 1257 2312 secunda
1279 2257 1327 2312 est

115 2332 306 2393 amatissimae
328 2330 480 2394 Trinitatis
501 2350 641 2412 persona.

187 2416 244 2477 Cur
265 2433 350 2495 ergo,
373 2415 501 2496 inquies,
525 2425 584 2478 tam
606 2425 707 2497 aperte
728 2417 857 2479 declarat
870 2435 932 2479 non
947 2418 983 2479 ab
998 2427 1130 2491 aeterno,
1154 2419 1207 2480 sed
1222 2417 1324 2480 mundi

115 2497 186 2560 ilitio
206 2501 368 2580 perfectam
390 2500 485 2562 luisse
507 2501 571 2561 eins
593 2501 773 2563 nativitatem
795 2510 825 2564 et
839 2511 910 2563 tunc
924 2519 1008 2564 suam
1023 2503 1172 2582 accepisse
1183 2503 1324 2582 speeiem,

115 2592 248 2659 ornatum,
273 2601 382 2645 sonum
405 2593 435 2646 et
456 2583 583 2646 vocem?
627 2585 686 2646 Sed
709 2586 851 2666 numquid
867 2585 1066 2648 Tertullianus
1089 2605 1125 2648 eo
1148 2587 1323 2661 dementiae,

114 2665 279 2746 inpsiemus,
304 2669 393 2742 venit,
421 2677 454 2730 ut
476 2669 676 2748 imperfectam
698 2670 853 2750 aliqnando
875 2670 921 2730 vel
941 2678 1055 2732 tantum
1076 2670 1243 2731 inchoatam
1263 2689 1322 2749 pu-

115 2753 205 2814 taverit
224 2753 292 2814 Filii
314 2752 368 2814 Dei
396 2754 628 2832 generationem,
657 2773 691 2814 ac
713 2762 818 2833 postea
841 2755 1007 2834 sumpsisse
1028 2753 1156 2832 speciem
1179 2761 1209 2814 et
1231 2771 1321 2813 orna·

114 2842 174 2910 tum
205 2846 293 2916 atque
327 2835 366 2898 ita
396 2838 556 2917 perlectam
591 2847 621 2898 et
652 2845 886 2900 consummatam
915 2835 1037 2913 (inidn
1080 2836 1147 2896 Non
1175 2855 1211 2898 eo
1234 2836 1323 2914 igitaar

115 2931 279 2984 seusu'eam
302 2921 503 3002 imperfectam
526 2921 690 3002 appellavit,
713 2922 766 2983 sed
789 2939 848 3000 quo
870 2921 936 3000 ipse
949 2921 1040 2982 modo
1056 2918 1165 2981 ibidem
1180 2919 1322 2999 explicut;

115 3003 171 3081 quia
197 3007 251 3066 etsi
282 3005 319 3066 ab
349 3013 470 3066 aeterno
498 3008 628 3085 perlecta
657 3005 754 3078 luerit,
782 3005 858 3066 intra
880 3005 933 3065 Dei
962 3013 1061 3065 nmen
1094 3003 1192 3065 sinum
1215 3003 1323 3065 latebat

114 3087 228 3169 nullique
248 3089 310 3151 nisi
333 3090 452 3169 ipsimet
473 3090 530 3151 soli
553 3090 615 3150 ileo
637 3097 700 3150 erat
721 3089 846 3167 cogssita.
875 3088 994 3150 Astubi
1009 3088 1151 3150 mundum
1165 3087 1321 3150 condendo

113 3169 181 3234 huuc
193 3174 367 3236 Sermonem
390 3193 478 3235 suum
501 3182 582 3235 extra
604 3192 638 3235 se
659 3173 792 3253 protulit,
815 3191 849 3234 ue
870 3173 959 3235 veluti
981 3189 1021 3236 eor
1042 3174 1143 3235 cordia
1166 3177 1217 3236 saci
1229 3172 1323 3235 volsa

115 3267 138 3316 et
155 3265 284 3336 nutrice,
312 3259 355 3320 nti
382 3258 464 3338 loqui
487 3267 573 3332 amat,
603 3269 693 3321 retro
715 3277 747 3319 sc
770 3261 875 3330 emisit,
898 3265 969 3320 tunc
990 3257 1038 3318 ille
1061 3264 1199 3318 aeternus
1221 3273 1322 3319 semo
1432 3257 1440 3264 '

114 3347 649 3489 tlt‘lttltttttatllt
664 3341 1322 3505 ⁵llll?litttsttt‘ttttttttt

115 3515 208 3586 specim
230 3512 308 3593 apud
330 3511 428 3572 bonos
452 3519 589 3572 auctores
611 3446 690 3572 iderln
713 3445 913 3590 siguifimfflc
933 3509 977 3572 rei
993 3510 1116 3572 adonius
1132 3509 1321 3571 demonstra·

116 3591 158 3654 lio.
196 3595 231 3657 Et
251 3613 324 3657 vero
346 3600 469 3676 species,
491 3596 586 3676 inquit
600 3595 724 3670 Nonius,
747 3595 784 3658 cd
807 3597 949 3677 adspectu
971 3596 1092 3657 dieitur.
1137 3593 1211 3654 Cum
1233 3591 1323 3670 igitur

116 3674 204 3739 Seruio
226 3681 280 3742 liei
304 3681 366 3742 sive
388 3688 527 3742 aeternus
549 3680 602 3742 Ilei
617 3680 712 3740 Patris
727 3679 820 3742 Filius
844 3688 926 3742 extra
950 3679 1034 3742 illum
1058 3675 1204 3758 principio
1219 3673 1322 3737 muudi

116 3761 228 3824 omasus
250 3772 307 3838 est,
330 3772 393 3825 tum
416 3765 545 3845 speciem
568 3773 597 3826 et
619 3775 754 3826 omatum
777 3763 839 3824 sive
861 3781 970 3826 sonum
992 3770 1022 3824 et
1042 3779 1144 3822 vocem
1159 3758 1271 3838 accepit
1292 3765 1323 3820 et

116 3848 227 3920 perlecta
249 3849 305 3910 tuit
324 3849 390 3910 eius
412 3849 559 3925 natimtas,
581 3865 642 3909 non
664 3847 783 3928 quidem
797 3848 895 3928 quoad
911 3866 954 3920 se,
978 3846 1031 3908 sed
1047 3842 1145 3924 quoad
1160 3849 1321 3915 creaturas,

116 3943 177 4004 quse
197 3951 258 3994 earn
280 3941 473 4012 agnoverunt.
863 3975 866 3982 .
1231 4009 1238 4022 ι

187 4015 250 4078 Non
279 4017 407 4097 amplius
436 4034 507 4096 ergo
535 4017 556 4078 ii
585 4015 723 4080 audiendi
745 4023 825 4089 sunt,
848 4015 899 4096 qui
920 4031 1027 4076 rursus
1049 4009 1190 4072 obiiciant
1209 4008 1322 4072 drotum

116 4094 255 4163 neodem
271 4101 469 4162 Tertulliano:
491 4103 575 4164 Deus
594 4119 657 4164 non
677 4099 857 4162 remeantis
880 4100 1064 4180 oprincipio
1088 4093 1173 4169 (ibid.
1190 4112 1253 4173 cap.
1266 4097 1320 4170 5.).

116 4175 175 4243 Nam
201 4185 385 4247 continenter
409 4185 535 4248 addidit:
564 4187 617 4248 scd
638 4183 802 4247 redeuntis
825 4183 907 4246 Deua
928 4187 1018 4246 enom
1038 4188 1108 4242 onte
1125 4181 1321 4261 preceptora,
1413 4249 1415 4254 ,

116 4273 139 4323 et
156 4274 219 4346 puio
238 4276 304 4350 ipae
325 4287 440 4350 puopue
462 4270 565 4332 Serroo
588 4273 709 4334 actione
732 4272 899 4331 conusens
918 4270 1058 4346 priorem
1079 4281 1144 4325 eom
1165 4263 1323 4358 dationem

114 4357 143 4407 tt
166 4355 362 4416 substantiam
391 4373 477 4416 soom
506 4356 653 4418 ostendat.
699 4351 732 4414 Si
761 4358 859 4413 autem
880 4351 960 4412 Deus
988 4347 1142 4411 mnonslis
1171 4347 1227 4408 taut
1252 4353 1320 4407 ante

116 4433 275 4516 principium
302 4423 368 4498 'sive
394 4437 430 4499 ab
459 4445 591 4511 sommo,
620 4437 669 4499 ilie
697 4437 785 4497 etiam
808 4434 845 4496 ab
866 4443 988 4496 aeterno
1010 4432 1134 4514 protulit
1154 4430 1320 4504 Rationem,

116 4529 187 4592 illae,
206 4531 240 4583 ut
259 4523 381 4602 saepius
403 4521 523 4595 dictum,
546 4522 653 4584 Sermo
676 4529 706 4583 et
726 4519 817 4582 Filius
839 4518 904 4582 eius
926 4525 976 4581 est
996 4517 1083 4592 (ibid.
1093 4535 1157 4598 cap.
1168 4517 1221 4592 8.).
1244 4513 1321 4575 Tum

117 4595 216 4682 Mile,
248 4607 296 4671 llic
323 4605 439 4682 Sermo,
471 4606 577 4689 iuquit,
609 4611 726 4690 spons
753 4613 891 4672 νηπίω
920 4613 966 4670 cst
991 4613 1030 4683 et,
1059 4613 1096 4666 ct
1116 4606 1161 4667 ito
1182 4601 1320 4674 dicerem

1062 4700 1117 4756 14*
