3122 5250
520 375 655 420 sacrans
674 375 733 422 mc.
755 375 793 422 aa
815 375 941 422 sonant.
1280 361 1340 430 881

118 525 252 606 Scythis,
281 525 331 606 qui
359 507 475 590 illenim
503 545 607 588 carnes
635 525 813 590 mandebant
842 545 876 590 ao
902 527 1075 608 poculorum
1096 527 1162 592 loco
1184 528 1343 592 utebantur

119 627 229 673 eorum
257 610 388 674 calvariis
417 611 527 686 (Strab.
549 611 601 674 lib.
624 611 684 674 llll.
707 612 814 691 Geogr.
835 629 901 691 pag.
924 615 1019 687 298.)
1064 613 1139 675 Tum
1164 614 1344 696 paulopost
1450 613 1455 622 ’

115 695 157 758 de
187 695 372 775 Massagetis,
404 696 578 776 &purarum
609 703 660 759 aut
696 696 813 777 populis
846 704 896 758 aut
930 696 1050 772 ricinis,
1083 697 1156 760 baec
1182 709 1341 763 memorat:

117 777 275 864 Θάνατος
296 778 333 845 db
354 778 521 882 νομίζεται
541 774 626 864 παρ’
650 773 765 858 αὐτοῖς
785 775 929 865 ἄριστος,
963 775 1042 846 ὅταν
1124 779 1262 860 άσαντες
1281 805 1341 848 κα-

114 865 294 930 ausencius
325 887 410 947 pesa
440 865 507 930 τῶν
539 869 747 950 προβατείων
778 866 881 948 κρεῶν
914 865 969 931 καὶ
1003 803 1125 949 drap}
1156 868 1338 950 βρωθῶσιε

116 951 231 1014 Hortis
253 969 346 1030 penos
370 956 514 1031 optem
536 963 666 1022 cessent,
691 957 721 1014 si
740 957 823 1016 senio
845 953 975 1030 consecti
995 973 1061 1015 cum
1083 954 1338 1018 caraibssccillis

115 1037 321 1102 cosdduntur
353 1055 473 1118 asopaa
494 1038 680 1100 decorentur
701 1037 786 1106 (lbid.
808 1054 837 1115 p.
856 1039 952 1114 513.)
995 1037 1172 1100 Strabonem
1193 1057 1263 1102 vero
1285 1057 1337 1102 se-

115 1121 220 1201 qnitur
234 1120 393 1195 Eusebius,
415 1121 466 1200 qui
479 1121 652 1201 Massagetis
675 1121 806 1184 adiunxit
829 1121 969 1186 Derbices
991 1121 1166 1202 tradiditque
1186 1122 1224 1185 ah
1245 1125 1338 1186 utris-

115 1223 184 1286 que.
206 1205 384 1280 immolatas,
412 1225 488 1286 quos
510 1205 641 1268 cariores
662 1206 819 1279 habebant,
846 1214 941 1269 aetate
960 1207 1018 1269 iam
1041 1208 1166 1270 elloetos
1186 1217 1337 1288 parentes,

115 1309 281 1371 eorumque
307 1309 380 1352 usos
409 1290 547 1352 cunibus
579 1299 716 1370 tanquam
750 1291 845 1372 opulis
867 1290 1039 1354 lautissimis
1070 1291 1190 1367 (Euseb.
1212 1293 1263 1356 lib.
1284 1294 1336 1356 lll.

113 1374 256 1455 Praepar.
277 1374 387 1454 Erang.
411 1395 473 1456 cap.
496 1379 527 1439 4.
548 1393 578 1455 p.
600 1379 671 1453 11.).
716 1375 839 1455 Siquid
861 1395 932 1438 vero
954 1376 1060 1439 clarius
1083 1395 1258 1458 expressum
1280 1378 1336 1440 de-

114 1460 244 1533 sideres,
268 1459 314 1521 adi
335 1459 461 1522 Plinium
489 1460 576 1532 (Plia.
598 1459 649 1523 lib.
671 1460 718 1523 Vl.
740 1460 842 1524 llatae.
864 1460 942 1524 llist.
965 1479 1029 1542 cap.
1053 1465 1115 1538 17.)
1145 1462 1245 1542 etqui
1268 1481 1337 1526 enm

112 1545 251 1626 sequeitur
278 1543 411 1607 Solinum
440 1545 547 1622 (Solia.
570 1563 635 1625 cap.
659 1548 708 1610 15.
730 1565 761 1625 p.
783 1547 859 1623 31),
891 1546 941 1626 qui
972 1546 1083 1610 diserte
1113 1548 1260 1610 affirmant
1280 1566 1335 1610 aa·

113 1629 339 1710 thropopbagos
363 1649 432 1692 esse
453 1630 586 1709 Scythas,
609 1631 748 1693 hamanis
771 1631 951 1710 corporibus
972 1643 1133 1695 assantes.
1176 1633 1221 1694 ab
1235 1632 1334 1694 llere-

114 1714 188 1776 doto
218 1733 335 1794 quoque
362 1714 460 1776 disces
482 1714 718 1787 blelaucbaenos,
746 1734 763 1776 a
783 1715 867 1794 nigra
890 1724 971 1777 veste
992 1715 1036 1777 sic
1056 1715 1163 1787 dictos,
1192 1716 1334 1798 Scythicis

112 1799 225 1862 vixisse
245 1798 388 1862 institutis
410 1799 575 1878 subtusque
596 1817 685 1861 earne
705 1799 783 1861 vesei
804 1799 933 1862 bumana
954 1799 1107 1876 (Herodot
1133 1800 1184 1862 bb.
1199 1801 1246 1862 lv.
1269 1819 1333 1882 cap.

117 1887 213 1960 107.)
242 1883 307 1946 Ηοο
327 1883 439 1946 accedit
458 1883 541 1957 llela,
564 1901 651 1963 quem
674 1884 773 1946 audire
795 1885 908 1963 poteris
930 1884 1003 1948 baec
1017 1893 1200 1948 mmntem:
1220 1884 1335 1949 Pocula

112 1980 150 2032 rat
163 1968 332 2032 Essedones
353 1981 523 2050 parentam,
545 1973 589 2031 ita
602 1972 878 2032 inimicissimorum
893 1970 1039 2049 capitibus
1055 1969 1224 2051 apellant.
1247 1971 1335 2052 Apud

113 2053 361 2135 amopopbopos
392 2058 478 2134 ipsae
508 2057 598 2116 atiani
630 2053 737 2136 spelm
768 2055 934 2117 uisceribus
968 2054 1106 2118 humanis
1141 2067 1336 2137 apparantur

112 2138 192 2214 (idel.
215 2137 266 2198 lib.
290 2138 326 2199 ll.
349 2138 386 2200 de
408 2137 473 2201 Situ
496 2137 569 2200 Orb.
591 2156 654 2217 cap.
678 2141 706 2201 1.
729 2157 758 2218 p.
781 2141 858 2216 27.)

198 2221 346 2286 Eusebius
373 2241 476 2308 porro,
503 2223 560 2285 iam
581 2242 600 2286 a
620 2222 707 2284 nobis
727 2223 872 2294 laudatus,
900 2221 1009 2285 ibidem
1031 2223 1161 2286 assernit
1180 2221 1332 2304 Massage-

113 2315 159 2370 tas
181 2325 217 2368 ac
236 2306 387 2381 Derbices,
411 2308 462 2370 nbi
482 2308 610 2388 primum
632 2308 808 2370 christianae
829 2307 965 2386 religioni
988 2325 1096 2370 nomen
1118 2308 1273 2382 dederunt,
1295 2310 1332 2372 ab

111 2393 161 2455 his
184 2391 362 2454 discessisse
382 2393 454 2455 laris
475 2392 700 2471 inhumanisque
721 2392 854 2454 moribus
877 2391 997 2463 (Euseb.
1011 2391 1078 2454 loco
1094 2393 1165 2470 eit).
1195 2393 1332 2456 Ceterum

112 2477 144 2539 in
171 2487 276 2538 nostm
304 2477 340 2538 de
367 2477 487 2539 Minucii
515 2477 619 2539 Felicis
646 2476 723 2538 libro
752 2476 958 2538 dissertatione
983 2477 1148 2549 (Dissertat.
1172 2477 1202 2539 ia
1223 2478 1331 2540 Minue.

113 2563 215 2625 orus.
239 2580 302 2641 asp.
318 2563 348 2625 9.
371 2563 430 2623 Art
447 2565 491 2639 2.)
524 2570 555 2623 et
575 2561 639 2624 aliis
661 2561 736 2623 locis
757 2561 798 2624 ibi
820 2561 916 2624 citatis
939 2562 1124 2624 ostendimus
1146 2562 1330 2625 Christianos

113 2665 264 2726 nunquam
296 2645 384 2709 buius
416 2646 675 2738 antpopopbagiae,
709 2646 768 2708 soa
794 2645 892 2732 solos
910 2645 1032 2726 gentiles
1065 2647 1163 2727 reipsa
1196 2647 1332 2712 conscios

112 2731 208 2796 lnmsc
230 2738 260 2792 et
281 2749 361 2792 reos.

611 2949 777 3000 luticulas
796 2949 832 2999 lll.

111 3057 183 3108 Quam
207 3055 326 3110 perspicus
345 3053 495 3097 Tartullianua
519 3051 620 3096 ostendat
641 3051 772 3096 christanus
795 3053 876 3096 secreti
899 3053 921 3096 in
945 3053 1016 3095 sacris
1040 3052 1086 3096 auis
1111 3053 1228 3110 synaxibus
1251 3051 1331 3102 incesti

158 3123 216 3166 lalsc
234 3121 313 3165 falsius
332 3121 442 3172 accusari,
460 3131 504 3175 quo
522 3119 616 3174 gentiles
633 3119 692 3164 loris
710 3119 809 3176 exemplo
827 3121 900 3176 palam
919 3132 945 3164 aa
963 3119 1053 3176 saepius
1072 3121 1282 3166 contaminabantur.

197 3236 384 3298 ldanilestum
412 3236 571 3316 unicuique
592 3235 650 3298 iam
672 3237 795 3299 laamas
817 3236 924 3317 quibus
946 3255 980 3298 ac
1002 3253 1089 3316 quam
1110 3236 1213 3300 validis
1235 3237 1328 3300 ratio·

110 3339 182 3386 num
210 3321 368 3382 momentis
391 3321 589 3384 Tertullianus
617 3329 721 3384 noster
747 3322 864 3400 penitus
892 3321 1046 3384 obtriverit
1072 3322 1215 3384 insulsam
1243 3323 1329 3403 plane

112 3405 297 3470 ethnicorum
320 3404 504 3476 calumniam,
532 3424 587 3485 qua
610 3406 718 3469 ethnici
741 3405 925 3469 Christianos
947 3405 1048 3468 inlami
1070 3407 1134 3470 suis
1156 3407 1187 3468 in
1210 3407 1328 3488 synari-

108 3490 166 3552 bus
190 3491 306 3553 incestu
330 3490 521 3552 contaminari
543 3491 796 3571 impudentissime
811 3490 1037 3554 mentiebantur.
1068 3492 1134 3564 Quo
1151 3493 1229 3554 enim
1243 3499 1328 3572 paeto

109 3575 149 3638 illi
179 3593 265 3636 saara
293 3592 347 3636 sua
368 3575 507 3655 mysteria
528 3574 641 3638 incestu
665 3584 723 3638 tam
745 3595 834 3656 saepe
854 3578 981 3656 repetito
1003 3577 1193 3656 coinquinare
1214 3576 1328 3638 voluis·

110 3668 186 3734 sent,
216 3661 267 3738 qia
294 3667 481 3740 praeceptam
508 3659 566 3722 sibi
587 3679 604 3722 a
626 3659 744 3722 Christo
767 3661 924 3741 coniugum
957 3661 1120 3723 castitatem
1147 3669 1197 3723 aut
1217 3678 1327 3740 perpe-

109 3755 189 3806 tuam
211 3743 417 3823 virginitatem,
445 3744 562 3806 tametsi
583 3763 643 3805 non
666 3745 846 3824 imperatam,
870 3763 997 3818 summo,
1027 3746 1104 3808 sicut
1123 3745 1192 3806 alibi
1212 3745 1327 3823 patela-

110 3829 214 3902 cimus,
237 3828 335 3891 studio
358 3828 536 3891 servabant?
565 3827 672 3890 Varum
694 3847 728 3890 ea
750 3838 847 3892 tamen
868 3829 924 3891 luit
938 3829 1122 3892 ethnicorum
1137 3827 1327 3906 impudentia,

110 3924 142 3976 ut
169 3913 215 3977 cis
243 3913 402 3976 salsissime
432 3913 613 3976 obiectsrent
634 3913 741 3976 secreti
762 3913 894 3976 incestus
917 3914 1038 3988 onmem
1067 3911 1148 3992 quod
1170 3911 1269 3992 reipsa
1291 3913 1327 3974 ab

109 3999 167 4062 illis
195 3998 272 4078 ipsis
301 4016 362 4060 non
391 3998 488 4060 solum
510 3996 631 4070 ocearlte,
662 3998 715 4060 sed
738 3998 804 4060 lues
826 4004 915 4070 omui,
944 4008 978 4060 ut
999 3997 1039 4060 ait
1061 3995 1269 4070 Tertullianus,
1299 4009 1329 4061 st

109 4094 196 4148 nocte
221 4087 304 4146 omna·
323 4103 358 4146 ac
380 4093 444 4147 toto
465 4087 585 4147 coasu'o
608 4083 690 4146 caelo
723 4082 906 4156 (Tertaallian
927 4083 979 4144 lib.
1001 4082 1024 4144 l.
1047 4081 1083 4143 ad
1105 4080 1169 4144 Nat
1192 4085 1326 4161 capiti.)

109 4175 167 4232 tam
190 4168 311 4248 impune
333 4185 421 4248 quam
442 4168 579 4231 audacter
599 4167 832 4248 perpetrabatur.
876 4167 985 4240 Quidni
1007 4183 1077 4228 vero
1100 4173 1213 4228 snum
1229 4166 1327 4230 scelus

110 4259 344 4333 perpetrassent,
377 4270 461 4334 quos,
493 4260 527 4317 ut
554 4251 603 4314 ille
630 4253 694 4314 iure
721 4269 847 4333 prorsus
873 4251 980 4314 merito
1002 4257 1095 4330 urget,
1125 4250 1244 4332 lupitcr
1264 4257 1329 4332 ipss

109 4339 212 4400 domii
234 4337 328 4410 (idem
344 4336 498 4417 apologet.
509 4355 572 4418 cap.
583 4339 638 4414 9.),
661 4335 874 4400 suo-videlicet
893 4335 1038 4414 exemplo,
1061 4335 1191 4398 incestus
1206 4335 1327 4399 lacere?

110 4421 183 4495 Quis
206 4421 285 4484 enim
307 4422 405 4484 nescit
424 4441 513 4502 quam
532 4439 601 4484 vere
614 4422 815 4502 Athenagoras
837 4420 990 4499 (Athenag.
1001 4419 1072 4499 Lag.
1086 4438 1141 4502 pro
1157 4420 1327 4500 Christian.)

110 4507 216 4587 aliique
237 4505 388 4570 Ecclesiae
413 4507 516 4570 Patres
548 4505 654 4570 iisdem
681 4505 807 4570 ethnicis
836 4503 1007 4579 obiecerint,
1042 4505 1121 4586 quod
1147 4505 1182 4568 ab
1209 4506 1326 4568 illerum

112 4591 306 4674 scriptoribus
332 4591 430 4672 palam
448 4590 679 4674 praedicabatur,
708 4591 787 4658 bunc
804 4589 906 4672 ipsum
927 4589 1027 4655 loram
1049 4609 1084 4656 cx
1105 4599 1199 4656 nahe
1220 4609 1275 4654 sua
1297 4597 1326 4652 et
