3132 5238
451 397 584 442 suenone
604 397 701 442 serso
722 397 819 442 uon.
838 399 865 442 r.
888 401 916 442 o.
939 399 969 442 rr.
1279 385 1317 448 ll

103 547 131 608 ll.
153 566 219 627 esp.
235 549 268 611 2.
290 547 356 610 Non
379 548 451 610 elias
474 547 593 610 exbibet
613 549 741 630 Hilarius
762 549 954 612 Pietarieusis
976 569 1058 612 suom
1074 551 1109 611 ad
1126 549 1321 616 Christianam

101 633 181 693 idem
205 633 434 694 conversionem
456 635 588 694 reserens
611 634 695 696 initio
716 633 858 696 librorum
881 653 1003 697 suorum
1026 636 1061 696 de
1084 635 1235 697 Trinitate.

180 717 246 778 Sed
276 717 332 778 iam
361 717 398 778 ad
426 727 558 798 tempus,
581 737 639 796 quo
663 718 779 780 Christo
802 738 910 780 nomen
932 720 1014 782 dedit
1036 720 1211 799 Septimius,
1239 721 1321 783 desi-

98 803 248 880 gnandum
277 803 374 863 venio.
418 803 543 865 Putabat
567 803 715 865 Pamelius
744 803 954 866 Tertullianum
984 805 1100 866 Christo
1129 823 1238 867 nornen
1265 808 1321 867 de-

97 888 174 948 disse
206 887 381 948 oonsulibus
404 887 535 950 Tertullo
568 897 598 950 et
624 888 790 961 Clemente,
818 889 867 968 qui
890 898 935 951 est
956 907 1050 951 annus
1072 890 1189 952 Domini
1212 890 1318 953 CXCV.

95 975 127 1032 lt
148 989 217 1032 non
240 972 366 1034 lelieiori
388 973 564 1034 coniectura.
608 972 663 1034 Hic
684 991 768 1034 error
789 973 830 1035 illi
853 993 887 1036 ex
910 975 983 1048 alio,
1006 974 1037 1035 iu
1059 993 1145 1053 quem
1167 975 1319 1051 inciderat,

95 1059 188 1118 buras
225 1065 281 1118 est.
326 1057 444 1119 Scilicet
464 1065 575 1119 temera
597 1057 755 1119 arbitratus
776 1065 839 1120 tum
861 1059 969 1122 librum
991 1060 1028 1120 de
1042 1059 1141 1136 ,Pallio
1164 1079 1180 1120 a
1203 1060 1321 1123 Tertul-

95 1143 171 1204 liano
211 1142 310 1204 stetim
343 1161 359 1202 a
391 1142 537 1222 baptismo
559 1151 698 1222 suscepto
720 1143 862 1222 scripturn
883 1145 990 1216 luisse,
1019 1154 1079 1206 tum
1102 1163 1156 1224 per
1176 1145 1321 1224 triplicem

94 1227 237 1288 uirtutem
261 1228 342 1300 eius,
365 1228 434 1288 dum
456 1227 666 1306 imperatorum
688 1229 837 1302 meminit,
860 1229 890 1291 iu
914 1247 950 1290 eo
971 1227 1047 1290 libro
1069 1229 1250 1290 mentionem
1272 1231 1321 1290 in·
1378 1255 1383 1271 ¹

94 1313 152 1374 iicit
177 1311 398 1385 Tertullianus,
426 1312 548 1390 intelligi
572 1312 729 1385 Severum,
762 1313 884 1391 Nigrum
906 1322 936 1374 ct
956 1313 1108 1386 Albinum,
1136 1331 1201 1374 curn
1223 1323 1322 1376 tamen
1382 1323 1385 1336 '

93 1417 126 1457 ex
147 1396 220 1457 aliis
242 1395 320 1458 clare
343 1397 509 1476 colligatur,
532 1397 680 1476 designari
702 1398 857 1470 Severum,
880 1398 1059 1460 Antoninum
1083 1407 1111 1459 et
1134 1398 1251 1471 Getam,
1274 1407 1320 1460 at-

93 1501 148 1561 ‹yue
173 1482 252 1542 adeo
275 1482 356 1543 hunc
376 1482 485 1544 librom
507 1482 582 1543 cirea
605 1501 714 1542 anuum
730 1481 849 1543 ccviii.
873 1483 966 1544 luisse
982 1491 1141 1553 exaratum,
1163 1484 1241 1561 quod
1258 1484 1323 1562 ipsc

93 1567 157 1628 loco
182 1566 304 1628 laudato
327 1567 438 1646 optime
450 1567 584 1645 probavit
594 1566 750 1639 baronius,
773 1575 802 1628 et
823 1567 881 1628 iam
903 1567 1042 1629 omnibus
1064 1568 1187 1629 eruditis
1208 1568 1324 1630 videtur

92 1659 259 1729 receptum.
348 1681 354 1695 ·

180 1735 344 1798 Dissolutis
372 1754 420 1808 sc,
450 1744 604 1814 autequam
636 1735 672 1796 ad
704 1736 791 1796 iidem
814 1736 958 1809 uenisset,
988 1735 1079 1797 luisse
1100 1735 1233 1798 moribus
1254 1756 1322 1799 me-

93 1832 195 1883 moret
222 1822 287 1900 ipse
310 1820 524 1882 Tertullianus:
553 1820 622 1881 bine
648 1820 727 1881 enim
750 1821 921 1898 spectandis
944 1837 1069 1900 quorum
1093 1829 1154 1882 tum
1177 1822 1321 1884 solemnis

97 1907 220 1967 saevitia
239 1906 294 1966 luit
316 1924 351 1967 ac
372 1905 536 1983 impuritas,
558 1906 684 1966 maxime
706 1905 852 1966 addietum
874 1923 907 1966 se
929 1913 1015 1966 antea
1036 1907 1126 1967 relert
1147 1907 1183 1967 de
1198 1907 1321 1986 Specta·
1427 1899 1430 1906 '

98 1990 175 2052 culis
203 1990 267 2051 libri
296 2007 361 2069 esp.
386 1993 437 2053 19.
480 1990 562 2051 lilino
590 1989 741 2052 adulteriis
769 1989 960 2068 semetipsum
981 1990 1125 2070 pollutum
1147 1993 1238 2052 luisse
1259 2011 1321 2054 uon

95 2076 225 2136 obscure
245 2077 363 2146 luteum,
386 2075 512 2154 indeque
534 2075 730 2136 continentiae
752 2074 849 2136 studio
872 2094 938 2136 sese
953 2076 1078 2136 dedendi
1093 2093 1152 2136 non
1168 2075 1321 2138 minimum

94 2167 302 2240 argsrmentum
336 2159 446 2220 habere
478 2179 510 2220 se
540 2159 581 2220 ait
612 2160 648 2220 de
675 2159 902 2221 Resurrectione
930 2159 1032 2220 Carnis
1062 2179 1123 2239 cap.
1147 2163 1198 2224 59.
1243 2161 1321 2235 Quid

96 2247 173 2324 quod
198 2250 341 2306 suumin
364 2243 480 2306 delictis
499 2249 722 2324 praestantium
742 2245 905 2324 profitetur,
928 2263 961 2306 se
982 2254 1166 2324 peccatorum
1190 2245 1321 2308 omnium

95 2341 252 2401 notarum,
280 2333 407 2391 nonnisi
430 2333 632 2408 poenitentioe
665 2341 771 2392 notum
800 2347 861 2408 cap.
885 2333 915 2391 4.
939 2337 969 2388 et
992 2333 1041 2392 12.
1064 2329 1130 2390 libri
1154 2331 1189 2390 de
1212 2329 1320 2391 l'oeni-

96 2417 186 2476 tentis
210 2415 331 2476 clamat:
354 2413 426 2492 quin
449 2414 480 2473 in
502 2413 637 2474 omnibus
660 2431 693 2474 se
714 2414 989 2492 reprehendendum
1018 2414 1152 2492 agnoseit
1179 2415 1255 2475 libro
1284 2415 1323 2476 de

99 2501 181 2561 unu
205 2499 427 2560 Foemioarum.
783 2497 786 2504 “
882 2507 886 2517 ’

180 2585 291 2646 Vemun
314 2583 367 2644 has
390 2582 519 2644 maculas
542 2581 623 2654 eluit,
645 2601 732 2660 quam
755 2581 812 2643 sibi
832 2583 1035 2662 praescripsit,
1057 2591 1213 2662 postquam
1228 2585 1322 2646 semel

102 2668 131 2728 in
150 2669 313 2731 Ecclesiam
335 2667 484 2730 admissus
513 2675 560 2728 est
580 2667 695 2728 vivendi
716 2667 801 2728 ratio.
845 2667 972 2728 Eiuratis
995 2668 1072 2728 enim
1096 2669 1187 2729 seculi
1210 2669 1320 2730 errori-

100 2754 170 2824 bus,
199 2755 279 2815 illius
306 2753 403 2826 vitiis,
433 2751 648 2831 voluptatibus,
678 2751 985 2829 obscoenitatibusque
1006 2751 1046 2812 ita
1067 2752 1260 2826 renuntiavit,
1289 2763 1324 2814 ut

100 2841 216 2900 tandem
240 2857 275 2900 ex
297 2839 442 2900 laieorum
465 2837 568 2898 ordine
599 2837 635 2898 ad
656 2835 819 2914 presbyteri
843 2835 964 2913 gradum
986 2835 1075 2896 luerit
1097 2843 1223 2908 erectus,
1238 2837 1321 2898 ⁴vitae

101 2925 281 3003 integritate,
312 2925 376 2986 zelo
406 2941 443 2984 ao
468 2922 592 3000 pietate,
620 2939 657 2980 ne
680 2920 750 2998 quid
772 2921 809 2980 de
831 2919 972 2996 singulari
994 2917 1159 2980 eruditione
1181 2920 1211 2979 in
1234 2919 1321 2982 Chri-

101 3010 209 3070 stianae
230 3009 383 3088 religionis
407 3007 558 3085 mysteriis
580 3005 692 3082 loquar,
716 3003 836 3064 omnino
859 3001 1095 3082 suifragantibus.

549 3227 552 3238 ·
623 3205 744 3270 CAPUT
765 3205 802 3268 ll.

136 3333 183 3390 Quo
198 3333 224 3382 de
243 3332 384 3383 Tertulliani
406 3331 518 3394 coniugio
536 3337 560 3380 et
578 3329 643 3407 illius
661 3331 684 3380 iu
696 3329 864 3446 presbylternm
884 3327 1087 3390 Curtlrsginioosis
1104 3327 1226 3378 Ecclesiae
1244 3329 1295 3379 ela-

593 3407 671 3447 cnone
713 3412 781 3448 resen
794 3412 830 3446 nr.

183 3517 397 3581 Tertullianum
428 3516 580 3594 coniugem
608 3517 700 3578 luisse
728 3516 853 3578 clamant
879 3513 928 3594 qui
950 3514 1044 3576 adbuc
1065 3521 1223 3592 supersunt
1244 3515 1336 3594 illius

101 3603 163 3664 libri
186 3603 247 3664 duo
275 3604 310 3664 ad
330 3604 473 3664 Uxorem.
515 3602 591 3662 Num
614 3602 701 3662 etiam
722 3600 942 3680 presbyteratus
964 3599 1068 3660 ordine
1089 3598 1177 3660 luerit
1196 3599 1322 3678 insignis

101 3687 216 3750 ridetur
238 3687 442 3750 dubitandum.
487 3686 572 3748 Certe
594 3704 685 3746 unmn
708 3685 777 3764 quid
799 3703 834 3746 ex
856 3685 936 3745 illius
960 3683 1100 3762 operibus
1122 3683 1245 3762 petitum
1267 3683 1321 3743 ad-

102 3793 202 3835 sersus
231 3774 376 3852 vulgatam
406 3771 444 3832 de
469 3771 642 3832 Tertulliani
669 3769 872 3849 presbyteratu
901 3768 1069 3848 opinionem
1097 3775 1197 3845 potest
1223 3749 1322 3827 obiici.

104 3859 219 3944 Scilicet
234 3857 300 3919 libri
323 3858 361 3918 de
376 3855 588 3918 Exhortatione
604 3854 750 3916 Cestitatis
761 3872 823 3933 cap.
841 3857 869 3916 7.
892 3854 965 3914 baec
986 3852 1074 3914 habet
1089 3849 1209 3910 omnino
1225 3849 1321 3911 enim·

104 3943 274 4004 adversione
296 3943 399 4020 digna:
423 3940 481 4002 Sed
503 3942 586 4015 dicis,
610 3957 681 4020 erpo
705 3943 811 4000 ceteris
834 3938 903 4000 iicet
924 3955 998 4020 qnos
1020 3938 1139 4014 rumpit.
1172 3933 1246 3996 Vani
1258 3940 1323 3998 eri-

106 4047 177 4099 sun,
198 4033 229 4089 si
239 4031 463 4107 putaverimus,
477 4027 556 4107 quod
571 4025 775 4086 sacerdotibus
789 4041 854 4086 non
869 4023 965 4093 licent,
989 4021 1076 4081 luteis
1092 4018 1205 4083 licere·
1215 4019 1324 4084 Nonne

110 4124 136 4173 et
156 4113 225 4175 latei
244 4114 419 4176 secutores
442 4108 570 4172 sumus?
601 4109 753 4190 Scriptum
776 4118 837 4169 est:
860 4125 984 4186 repnum
1005 4111 1120 4185 guoque
1141 4123 1197 4166 nos
1221 4116 1249 4166 et
1270 4125 1323 4181 sp-

110 4199 235 4262 cerdotes
249 4199 316 4260 lico
332 4209 363 4258 et
378 4193 468 4256 Petri
481 4213 536 4257 suo
552 4195 634 4273 fecit
658 4193 737 4255 'Cum
759 4192 836 4254 enim
859 4193 939 4252 hune
951 4189 1064 4250 librum
1086 4189 1122 4250 ad
1144 4189 1231 4250 tinem
1246 4189 1324 4251 vitae

106 4281 207 4346 trodio
230 4281 414 4344 llontanista
432 4279 584 4358 scripserit
605 4277 819 4350 Tertullianus,
848 4295 883 4338 ex
912 4283 971 4335 tota
1000 4274 1147 4334 sermonis
1169 4273 1244 4347 idea,
1267 4293 1322 4353 qua

107 4385 138 4428 se
163 4369 244 4430 lalcis
273 4373 485 4437 connumerat,
514 4381 662 4443 nunqnam
689 4361 892 4442 presbyterum
914 4359 994 4420 illum
1018 4358 1109 4419 luisse
1131 4357 1246 4420 videtur
1266 4377 1321 4420 ne-

105 4455 229 4515 cessario
251 4450 362 4530 colligi.
1034 4488 1043 4502 .
1296 4527 1303 4538 ο

182 4541 292 4602 i'emm
321 4541 450 4615 propter
476 4533 551 4596 bane
577 4551 664 4594 unam
692 4531 836 4593 rationem
858 4529 948 4590 nolim
971 4547 985 4589 a
1009 4527 1156 4590 communi
1178 4535 1322 4588 sentence

107 4623 213 4689 abduci.
256 4621 395 4685 Primum
425 4618 503 4680 enim
524 4619 601 4698 quod
624 4617 712 4697 agitat
738 4622 956 4696 argumentum,
976 4622 1009 4676 ut
1035 4633 1069 4675 ea
1096 4611 1226 4685 ratione,
1255 4611 1325 4673 licet
