3126 5250
497 407 632 454 racione
652 407 712 453 mc.
735 407 773 454 us
794 409 926 456 reuma..
988 413 990 416 ·
1161 414 1165 422 ·
1257 396 1323 463 aba

103 557 139 617 dt
164 555 202 618 de
223 555 331 638 llippie
356 565 492 620 nostmm
518 560 675 622 Auctorem
702 577 804 623 revera
824 561 1043 643 intelligendum
1066 581 1133 626 esse
1155 564 1323 628 confirmari

104 660 173 704 aare
195 649 297 721 potest
323 643 371 706 bia
392 643 543 706 Ciceronis
564 645 678 708 verbis:
715 645 862 726 Notarius
884 648 1021 730 Hippiae,
1049 648 1208 714 Pisistrati
1225 651 1321 731 filiae,

103 733 153 810 qai
180 731 216 788 in
238 725 433 792 Marathonio
457 747 563 810 paena
583 732 695 802 cecidit,
723 749 811 794 arata
834 743 942 796 contro
959 739 1094 816 patrium
1114 735 1217 814 ferma
1249 735 1322 809 (Cic.

105 811 151 873 hb.
173 811 226 873 lx.
249 812 286 874 ad
306 814 392 876 dttic.
414 813 508 892 Epist.
533 817 583 878 12.
604 833 634 894 p.
657 811 759 892 306.)..
783 815 869 879 Plura
891 825 989 880 autem
1010 819 1047 881 de
1067 817 1118 880 illo
1141 818 1322 897 llerodotus,

102 896 276 971 Pausanias,
297 898 404 961 suidas
427 907 457 959 et
477 897 525 960 alii
547 899 763 973 (Herodotlib.
775 901 798 962 l.
810 919 874 981 cap.
886 905 938 968 til.
950 903 1000 964 lib.
1012 904 1045 965 v.
1057 921 1120 983 cap.
1135 905 1177 968 93
1193 911 1224 964 et
1237 922 1321 984 seqq.

101 982 227 1043 Pausan
249 981 300 1043 lib
323 983 347 1045 l.
367 1001 397 1062 p.
420 985 471 1048 20.
494 983 577 1046 Suid.
600 983 635 1046 ad
663 1004 691 1047 r.
717 977 871 1062 Ἱππίας).
915 987 975 1050 Sed
1007 1007 1069 1050 non
1101 987 1176 1049 adeo
1207 997 1321 1051 certem

98 1076 143 1129 est
170 1067 250 1129 bunc
271 1067 368 1148 ipsum
390 1085 468 1142 esse,
490 1068 527 1130 de
549 1087 607 1149 quo
622 1077 760 1150 tanquam
775 1071 954 1152 philosopho
969 1072 1166 1135 Tertullianus
1181 1073 1320 1152 loquitur,
1399 1101 1404 1108 ·

98 1153 151 1214 nisi
181 1170 250 1214 eum
271 1151 476 1232 philosophiae
498 1171 619 1233 operam
641 1154 756 1216 dedisse
778 1155 962 1234 probaveris.

185 1236 267 1299 Alius
289 1238 325 1298 ab
348 1237 451 1298 eodem
466 1237 556 1300 Suida
577 1247 760 1306 memorabar
773 1240 897 1321 llippias
918 1241 1052 1321 sophista
1068 1251 1098 1303 et
1112 1241 1320 1322 philosophus,

96 1321 289 1385 Aenesidemi
312 1322 483 1403 discipulus,
506 1323 555 1402 qui
578 1323 707 1385 animum
730 1343 782 1386 sua
806 1333 888 1386 sorte
910 1333 1079 1388 contentum
1103 1345 1169 1388 esse
1185 1325 1319 1388 docebat.

95 1407 206 1470 Nonne
229 1414 326 1468 autem
348 1406 374 1469 is
396 1415 444 1469 est
475 1407 525 1486 qui
547 1426 565 1469 a
586 1407 737 1484 Cicerone,
765 1417 799 1472 ut
819 1409 887 1472 alibi
910 1409 1036 1473 diximus
1069 1414 1153 1484 (tom.
1174 1411 1196 1471 l.
1219 1411 1319 1491 dppa·

97 1503 148 1554 ret.
177 1511 208 1572 p.
234 1494 349 1568 1222),
376 1492 534 1571 plurimum
562 1492 706 1566 laudatus,
735 1494 914 1573 gloriabatur
941 1495 1014 1558 nihil
1037 1514 1105 1557 esse
1126 1496 1183 1557 ulla
1205 1495 1234 1556 in
1257 1503 1320 1556 arte

98 1577 180 1658 quod
208 1577 273 1656 ipse
304 1575 456 1640 nesciret?
499 1576 558 1638 Sed
585 1578 610 1638 si
633 1578 680 1638 hie
701 1577 897 1658 philosophus
919 1579 982 1653 luit,
1011 1580 1100 1641 nobis
1124 1587 1202 1640 certe
1224 1597 1321 1658 neque

96 1664 203 1725 Cicero
227 1679 324 1740 nequc
346 1659 463 1733 Suidas,
497 1680 553 1740 qua
575 1668 671 1723 morto
694 1661 810 1737 obierit,
839 1663 1013 1726 indicarunt.
1056 1665 1133 1725 llero
1155 1665 1252 1743 itaque
1274 1664 1318 1726 si·

97 1747 198 1809 milius
228 1745 362 1826 pluribus
388 1746 465 1808 haud
494 1746 582 1808 dubie
608 1745 755 1808 ridebitur
783 1748 891 1809 lactum
919 1748 1138 1810 a'lertrdliano
1161 1749 1198 1810 de
1219 1747 1319 1828 priore

97 1832 207 1912 Hippia
230 1848 408 1910 sermonem,
431 1831 489 1891 nisi
510 1830 598 1892 bidus
619 1831 789 1912 philosophi
811 1849 919 1895 nomen
941 1833 972 1894 in
995 1833 1059 1896 eius
1081 1841 1162 1896 textu
1184 1831 1220 1894 ab
1236 1833 1317 1894 osci-

99 1915 229 1978 tantibus
251 1914 378 1977 librariis
400 1913 488 1977 luerit
507 1924 687 1996 corruptum.
857 1925 863 1938 '

184 2003 222 2062 dt
250 2009 331 2061 certo
359 1999 466 2061 certius
496 2009 542 2061 est
568 2000 648 2078 quod
677 1999 725 2061 ille
754 1999 865 2062 addidit
892 2001 966 2063 nibil
986 2019 1113 2080 unqum
1138 2007 1241 2062 contra
1262 2018 1318 2080 pa·

98 2086 184 2148 triam
213 2101 297 2147 snam
325 2091 497 2146 attentatum
524 2103 540 2146 a
563 2085 745 2158 Christianis,
773 2083 891 2147 tametsi
920 2091 1002 2149 omni
1022 2091 1181 2149 atrocitate
1203 2084 1316 2165 suppli·

99 2171 213 2233 ciorum
242 2169 299 2232 sibi
327 2169 366 2230 ob
387 2169 560 2247 religionem
593 2187 676 2232 suam
709 2169 888 2232 inflictorum
916 2172 1070 2252 dissipatio
1099 2189 1152 2233 seu
1183 2169 1319 2232 laceratis

99 2265 126 2317 et
145 2255 281 2317 enecatis
303 2253 486 2329 (Tertullian.
508 2253 661 2334 dpologet.
684 2271 747 2334 cap.
770 2258 845 2330 lo).
885 2256 909 2316 d
932 2255 1049 2317 Christo
1071 2273 1198 2334 namque
1220 2254 1318 2316 edocti

102 2340 302 2403 columbarum
314 2337 527 2418 simplicitatem
540 2339 729 2402 imitabantur
743 2339 949 2418 neminemque
963 2340 1113 2402 laedentes
1127 2340 1165 2402 de
1180 2338 1317 2402 omnibus

105 2425 258 2487 audebant
270 2424 345 2484 bene
360 2423 479 2498 mereri,
494 2423 571 2484 eliis
590 2423 676 2484 etiam
699 2425 748 2503 qui
764 2424 830 2485 illos
845 2432 924 2485 tanta
940 2424 1110 2486 crudelitate
1122 2423 1318 2487 trucidabant.

179 2509 258 2584 Quis
281 2517 378 2569 autem
400 2508 457 2569 iam
480 2507 563 2570 iacile
590 2526 651 2568 nou
673 2508 767 2569 cernit
788 2527 874 2587 quam
895 2515 975 2570 recte
997 2507 1193 2572 'lertidlianus
1216 2507 1316 2586 (ibid.)

109 2603 167 2670 post
183 2593 338 2656 institutas
360 2593 438 2654 inter
458 2592 654 2672 philosophos
677 2592 799 2672 gentiles
822 2601 851 2655 et
872 2591 1058 2655 Christianos
1080 2593 1316 2673 comparationes

107 2675 148 2738 bis
166 2679 267 2740 verbis
283 2677 450 2738 concludat:
473 2678 552 2739 ideo
567 2679 638 2759 qaid
652 2677 806 2756 (quaedam
821 2677 983 2739 editiones:
1010 2679 1091 2752 Quid
1106 2675 1192 2756 odeo)
1210 2677 1316 2748 crinita

102 2765 198 2843 supple
224 2763 341 2834 habeat,
360 2761 560 2842 philosophas
583 2772 611 2823 et
627 2759 842 2824 Christianae?
885 2761 1035 2832 Graeciae,
1057 2762 1108 2823 ubi
1128 2761 1317 2841 potissimum

102 2848 269 2928 philosophi
296 2849 467 2919 floruerunt,
495 2857 524 2907 et
553 2846 633 2918 coeli,
657 2846 685 2906 id
708 2855 754 2907 est
774 2845 836 2906 veri
857 2845 910 2906 Dei
933 2854 962 2908 et
984 2845 1103 2919 Christi,
1126 2841 1317 2924 discipulus?

100 2931 172 3004 Quid
195 2931 392 3013 philosophus
414 2933 515 3012 samoe
535 2933 707 3011 aeqotiator
728 2930 789 2990 sive
810 2930 927 3008 qloriae
948 2931 1070 3001 onriual,
1093 2938 1126 2990 ut
1145 2929 1232 3008 paulo
1248 2934 1317 2989 ante

98 3017 205 3080 dictum
229 3025 284 3090 est,
309 3024 338 3077 et
360 3015 543 3076 Christianus
566 3020 644 3076 vitae
666 3012 768 3084 (editio
784 3013 899 3094 Rigaltii
922 3021 952 3074 et
972 3014 1045 3076 aliae
1066 3013 1207 3091 deinceps
1230 3011 1317 3073 sola·-

98 3105 148 3182 tis)
179 3099 376 3181 nepotiatori’
419 3099 497 3172 Quid
525 3097 719 3178 philosophus
747 3099 910 3161 verboram
937 3105 1050 3159 mutum
1080 3105 1110 3160 et
1132 3090 1317 3158 Christianus

96 3187 252 3264 [octonem
275 3183 444 3267 operator?
466 3183 543 3257 Quid
566 3183 748 3244 Christianus
762 3183 1057 3263 reramacdifieotor
1070 3190 1100 3243 et
1120 3181 1315 3262 philosophus

97 3269 297 3334 aestimor?
341 3269 416 3343 Quid
445 3268 643 3350 philosophus
671 3273 795 3339 amicas,
830 3267 1013 3328 Christianus
1035 3271 1174 3330 inimicas
1196 3269 1316 3329 erroris

98 3375 254 3418 commune
284 3353 417 3416 habenti
459 3354 497 3414 dt
525 3352 666 3432 Rigaltius
693 3352 813 3432 propria
841 3352 1012 3414 auctoritate
1044 3353 1118 3414 haec
1149 3350 1316 3430 posteriora

97 3443 183 3504 rerba
212 3441 366 3502 resecavit.
411 3439 486 3500 Tum
515 3437 620 3500 deinde
648 3438 679 3499 in
707 3437 858 3499 codicibus
887 3437 999 3498 nosuis
1028 3436 1147 3498 ineditis
1176 3443 1206 3497 et
1228 3434 1315 3498 editis

95 3525 324 3588 vetustioribus:
362 3523 440 3596 Quid
468 3527 605 3587 veritati
633 3522 838 3603 r'aterpolator
860 3533 888 3584 et
909 3527 1079 3601 inthrotor
1101 3533 1129 3583 et
1150 3535 1316 3601 repressor

92 3614 276 3690 reserator
298 3613 362 3672 eiua
385 3618 413 3670 et
435 3621 547 3670 coetos.
591 3607 732 3687 Rigaltius
755 3626 826 3668 vero
855 3606 928 3668 haec
947 3607 988 3668 ita
1009 3603 1185 3668 immutavit:
1216 3609 1315 3667 iater-

95 3695 220 3775 polator
242 3699 363 3757 erraris
386 3703 415 3754 et
435 3697 606 3772 iateqrotor
626 3697 774 3765 ueritatis,
797 3693 925 3772 serator
947 3696 1011 3752 cras
1035 3699 1064 3752 et
1084 3685 1212 3752 mator?
1255 3687 1315 3747 Sed
1448 3702 1450 3708 ¹
1553 3781 1554 3788 ἵ

98 3780 165 3858 quia
186 3777 354 3841 emendatio
377 3776 424 3838 illa
445 3777 553 3838 nullius
571 3776 685 3844 codicis
708 3775 764 3837 nde
786 3776 899 3847 nititur,
923 3775 958 3836 ab
980 3775 1030 3835 illo
1045 3774 1122 3835 baud
1138 3771 1225 3834 dubie
1240 3771 1315 3830 lacta

97 3875 160 3934 est,
192 3863 332 3944 quoniam
365 3862 413 3923 illa
446 3861 535 3923 verba
567 3860 740 3922 obscuriora
771 3879 827 3921 nec
860 3860 931 3920 satis
960 3858 1102 3939 elegantia
1131 3854 1313 3950 videbantur.

99 3949 177 4020 Quid
205 3957 303 4010 tamen
331 3946 468 4026 prohibet
495 3945 652 4025 quominus
680 3943 775 4023 qualia
802 3945 833 4004 in
862 3943 1012 4006 codicibus
1034 3941 1146 4002 nostris
1169 3939 1315 4017 descripta

97 4041 176 4104 aunt,
198 4033 325 4112 genuina
348 4051 414 4094 asse
437 4029 570 4092 dieantur
590 4029 696 4108 hicque
718 4029 758 4090 sit
779 4045 882 4090 eorum
908 4045 1030 4090 sensus:
1051 4023 1252 4102 Philosophus
1267 4029 1315 4083 est

97 4117 227 4180 veritatis
256 4118 287 4179 in
311 4117 400 4178 Sacra
420 4123 521 4177 nostra
544 4115 693 4194 Scriptura
715 4113 840 4174 haditac
861 4113 1074 4194 interpolator,
1106 4107 1172 4188 quia
1194 4125 1313 4169 errores

99 4220 173 4263 suos
194 4201 408 4282 interponendo
430 4217 535 4261 novam
558 4199 585 4260 ei
607 4202 730 4260 lormam
756 4197 852 4259 dedit:
875 4205 922 4258 cst
947 4196 1035 4259 etiam
1058 4195 1194 4274 furator,
1218 4209 1312 4271 quam

98 4287 267 4366 doquidem,
299 4295 332 4349 ut
362 4285 480 4365 saepius
513 4285 650 4358 diximus,
684 4283 769 4363 plura
802 4301 837 4344 ex
865 4281 913 4343 illa
941 4279 1090 4359 decerpsit
1117 4297 1151 4338 ac
1171 4276 1312 4356 corrupit.

98 4370 284 4434 Christianus
318 4379 415 4432 autem
448 4375 586 4432 veritatis
620 4378 666 4430 est
698 4373 867 4447 iateqrator
895 4377 923 4428 et
950 4381 1114 4444 repressor
1143 4376 1171 4426 et
1200 4372 1312 4432 custos,

100 4455 169 4533 (quia
188 4457 263 4518 illam
285 4457 428 4535 integram
450 4454 575 4524 exhibet,
599 4451 735 4534 exprimit
755 4461 784 4513 ct
806 4450 942 4512 custodit.
978 4449 1077 4527 Neque
1099 4465 1190 4526 porro
1212 4445 1312 4524 Rigal-

102 4539 164 4600 tius
189 4541 228 4602 ibi
254 4560 360 4604 manus
389 4557 457 4602 suas
487 4539 639 4612 continuit,
669 4537 721 4598 sed
749 4535 869 4597 abstulit
896 4533 991 4596 adhuc
1012 4534 1083 4594 haec
1104 4530 1314 4610 subsequentia

102 4623 202 4688 rerba:
228 4628 388 4708 datiqrdor
416 4625 551 4689 omnibus
577 4629 701 4700 verdae,
730 4626 766 4686 tri
789 4619 898 4702 fallor.
943 4618 1009 4691 Quo
1038 4625 1135 4680 autem
1155 4617 1219 4680 iure
1241 4615 1314 4676 haec
1403 4697 1407 4704 ἡ
