3114 5240
258 239 309 303 94
345 218 536 297 olssanrarto
552 253 582 295 ΙΝ
597 254 645 304 ob.
661 252 745 296 SEP'l'.
760 252 846 294 FLOR·
863 250 1056 294 humburnan!
1070 249 1297 292 APOLOGETICUH
1310 249 1396 291 curn.

268 404 355 465 edaci
376 421 446 465 vero
469 404 579 466 idcirco
600 411 775 482 torquentur
795 411 824 464 et
836 398 1073 470 interficiuntur?
1116 399 1263 478 Numquid
1274 400 1422 472 Socrates,
1434 400 1486 478 qui

267 488 420 550 daemonis
452 489 508 550 sibi
540 506 657 567 semper
677 487 845 549 adsistentis
866 505 956 565 opera
976 504 1050 548 usus
1072 494 1118 546 cst
1138 493 1168 546 et
1191 484 1365 563 Aesculapio
1387 484 1483 545 sacri-

267 573 372 645 ficavit,
394 573 500 635 mehor
521 574 576 636 luit
590 572 774 645 Christianis,
796 571 846 650 qui
862 570 1014 632 daemonia
1029 571 1130 648 sugant
1143 578 1173 631 et
1186 566 1355 648 expehenti
1386 567 1483 630 Num-

267 657 337 736 quid
359 657 505 731 Thaletis,
534 658 583 736 qui
611 656 729 719 debeo
756 657 953 734 iuterrogatus
975 654 1049 715 nihil
1069 654 1240 733 respoudit,
1268 663 1319 715 aut
1337 652 1481 727 Platonis,

266 743 317 821 qui
340 741 412 803 dixit
432 741 525 806 Deum
547 761 615 804 esse
636 742 756 802 inventu
779 748 809 801 et
830 748 968 802 enarratu
989 739 1153 814 difficilem,
1186 738 1280 799 maior
1306 747 1358 798 aut
1377 738 1485 799 melior

268 835 316 886 est
337 826 475 894 scientia,
503 845 590 905 quarn
611 825 767 888 cuiuslibet
787 824 939 886 christiani
961 823 1169 903 opificis,.qui
1190 823 1284 885 Deum
1315 823 1426 884 invenit
1454 832 1486 885 et

267 911 333 989 quis
365 910 413 972 ille
440 912 481 973 sit
508 911 664 973 confestim
685 907 831 988 explicet?
866 908 1026 987 Numquid
1040 907 1289 981 Chrish'anorum,
1313 907 1363 987 qui
1385 907 1483 968 couti-

267 996 397 1056 nentiam
426 1004 558 1070 serrant,
586 1004 636 1056 aut
666 995 775 1056 nullam
801 1003 918 1073 praeter
939 1011 1060 1055 uxorem
1083 992 1239 1053 foeminam
1262 992 1483 1070 concupiscunt,

267 1080 365 1141 minor
386 1089 436 1141 aut
457 1081 541 1159 peior
563 1089 609 1141 est
628 1079 776 1158 pudicitia,
799 1097 884 1158 quarn
895 1077 1026 1140 Platonis
1048 1077 1277 1139 adolescentium
1289 1077 1483 1155 corruptoris,

267 1164 314 1224 rel
344 1164 483 1243 Diogenis
504 1164 639 1244 Phrynen
666 1163 852 1225 meretricem
878 1162 1162 1242 perdite¹amantis‚
1189 1162 1236 1222 vel
1264 1161 1423 1240 Speusippi
1452 1162 1485 1223 iu

268 1249 411 1310 adulterio
434 1249 602 1322 morientis,
636 1249 681 1309 vel
702 1249 861 1309 Democriti
883 1267 966 1320 sese,
1000 1266 1038 1307 ne
1060 1247 1199 1308 mulieres
1221 1246 1368 1324 corruptis
1391 1246 1484 1308 oculis

267 1333 390 1408 rideret,
414 1332 622 1395 obcaecantis‘l
666 1333 748 1406 Quae
768 1351 839 1394 xero
861 1333 915 1393 luit
929 1340 978 1394 aut
988 1331 1127 1410 Diogenis
1143 1331 1298 1404 modestia,
1313 1330 1484 1410 superbiam

266 1417 397 1479 Platonis
420 1419 475 1479 alia
496 1418 634 1497 superbia
656 1417 802 1491 calcantis,
824 1425 874 1478 aut
894 1417 1073 1496 Pythagorae
1096 1424 1125 1477 et
1141 1416 1279 1490 Zenonis,
1301 1415 1483 1495 tyrannidem

206 1502 207 1505 ’
269 1501 489 1564 affectantium?
533 1504 616 1575 Quae
637 1503 762 1581 Lycurgi
790 1502 938 1580 aequitas,
973 1501 1023 1580 qui
1052 1501 1090 1561 ob
1119 1501 1287 1562 emendatas
1310 1500 1389 1579 leges
1411 1520 1481 1562 suas

268 1597 395 1647 mortem
417 1587 474 1648 sibi
497 1585 661 1648 conscivit?
706 1587 784 1659 Quid
809 1585 917 1664 plura?
959 1585 1063 1646 Nonne
1084 1585 1256 1647 Aristoteles
1277 1585 1482 1662 tam'ttupiter

268 1670 418 1732 llermiam
439 1672 505 1732 loco
528 1691 582 1732 suo
606 1670 724 1748 expulit,
748 1689 835 1749 quam
849 1671 1012 1731 Alexandro
1035 1670 1168 1732 adulatus
1183 1668 1253 1731 esti
1282 1669 1386 1730 Nonne
1399 1669 1480 1730 Plato

102 1807 104 1816 .
210 1809 211 1813 ,
268 1755 379 1815 ventris
403 1755 494 1838 gratia
516 1755 697 1827 venditatus,
726 1755 895 1833 Aristippus
917 1762 1088 1833 nepotatus‚
1117 1754 1238 1834 {lippias
1260 1754 1291 1815 in
1312 1754 1444 1824 insidiis,
1467 1773 1482 1815 a

269 1857 302 1899 se
324 1839 406 1901 alteri
427 1839 547 1919 paratis,
571 1838 685 1900 occisus
707 1838 930 1900 memoranmr?
972 1839 1010 1900 ht
1024 1838 1207 1901 Christianus
1228 1840 1266 1901 ab
1287 1838 1324 1900 iis
1347 1838 1483 1901 omuibus

269 1923 465 1985 alienissimus
491 1924 565 1985 nihil
593 1942 721 2002 unquam
752 1924 799 1985 his
826 1923 922 1984 simile
944 1923 1074 1985 tentavit.
1118 1923 1237 2002 Siquis
1259 1922 1338 1985 enim
1360 1923 1485 1985 excessit

269 2009 406 2087 aregula
428 2008 609 2087 discipHnae,
631 2016 692 2069 turn
715 2007 804 2069 desiit
825 2026 892 2069 esse
913 2007 1105 2069 Christianus.

354 2093 468 2154 Ethnici
490 2112 559 2172 ergo
581 2095 688 2153 frustra
709 2091 897 2154 venditabant
910 2092 1104 2171 philosophos
1115 2110 1186 2153 suos
1199 2091 1372 2154 Christianis
1383 2093 1483 2153 scien-

270 2177 311 2238 tia
332 2178 523 2257 aequiparari.
566 2177 639 2239 Nam
660 2177 691 2238 hi
712 2177 770 2255 ipsi
791 2177 970 2257 philosophi,
993 2177 1240 2256 quemadmodum
1260 2183 1367 2255 poetae
1382 2195 1417 2239 ac
1432 2196 1484 2238 so-

269 2262 395 2341 phistae,
417 2263 500 2341 plura
521 2262 639 2341 quidem
659 2262 764 2341 placita
786 2281 822 2322 ex
844 2262 935 2323 sacris
957 2262 1072 2324 divinae
1093 2260 1392 2340 nostraeScripturae
1415 2265 1483 2322 lon-

270 2346 348 2407 tibus
376 2349 549 2419 hauserant,
581 2347 633 2407 sed
666 2347 729 2407 eius
751 2345 967 2425 simplicitatem
990 2365 1024 2408 ac
1043 2365 1212 2407 sermonem
1232 2356 1304 2407 tunc
1324 2346 1484 2409 obscurum

270 2432 482 2510 despicientes,
505 2450 545 2492 -ea
573 2430 669 2510 pravis
691 2439 886 2509 corruperunt
907 2431 971 2492 suis
992 2431 1192 2509 opinionibus.
1236 2431 1278 2491 Ex
1299 2431 1355 2492 bac
1375 2431 1485 2510 quippe

270 2534 352 2576 sacra
365 2516 514 2594 Scriptura
537 2523 718 2595 agnoverunt
738 2533 830 2576 unum
852 2515 1001 2577 dumtaxat
1022 2535 1087 2576 esse
1109 2515 1217 2576 Deum:
1240 2516 1293 2576 sed
1313 2515 1394 2577 hune
1415 2517 1483 2577 Pla-

269 2601 359 2661 tonici
382 2601 598 2680 inoorporeum,
620 2601 712 2662 Stoici
734 2617 919 2679 corporeum,
942 2600 1086 2678 Epicurus
1110 2618 1144 2660 ex
1160 2599 1277 2672 atomis,
1300 2619 1335 2660 ex
1349 2602 1485 2662 numeris

269 2684 466 2764 Pythagoras,
495 2685 717 2747 Heraclitusex
736 2685 803 2763 igne
826 2693 923 2745 ortum
945 2703 1012 2746 esse
1033 2685 1206 2746 docuerunt
1249 2684 1344 2746 Simili
1365 2704 1486 2765 quoque

270 2771 358 2830 modo
371 2770 452 2830 Plato
475 2770 603 2841 divinam
624 2769 681 2830 illis
702 2769 914 2848 providentiam
936 2770 1070 2842 asseruit,
1093 2787 1179 2848 quam
1202 2769 1486 2848 negavitEpicurus.

270 2855 367 2933 Aliqui
394 2855 476 2916 illum
504 2862 584 2916 extra
612 2855 775 2927 mundum,
802 2853 851 2914 alii
880 2853 909 2914 in
933 2873 968 2914 eo
990 2855 1121 2932 positum
1140 2854 1307 2915 censebant.
1351 2853 1485 2917 &odem

271 2958 342 3000 sarie
363 2939 402 2999 ob
425 2959 542 3001 causam
564 2940 660 3001 variae
680 2939 799 3000 luerunt
819 2938 936 3001 illorum
958 2939 995 2999 de
1017 2939 1118 2999 mundi
1140 2949 1207 3000 ortu
1223 2949 1252 3000 et
1273 2938 1425 2999 duratione
1449 2958 1486 3000 ac

271 3023 307 3082 de
329 3023 441 3083 animae
463 3025 606 3084 humanae
628 3031 730 3083 natura
753 3023 947 3100 opinationes.
990 3023 1091 3101 Neque
1113 3020 1308 3084 obiiciendum
1316 3026 1397 3084 'esta
1413 3023 1486 3101 qui·

269 3105 393 3166 busdam
415 3125 531 3184 quoque
553 3106 727 3168 Christianis
748 3107 937 3168 adulteratam
959 3107 1050 3169 scrisse
1071 3115 1217 3169 recentem
1240 3107 1348 3168 Christi
1370 3107 1485 3170 docui-

271 3208 348 3250 nam.
391 3190 463 3250 Nam
485 3191 526 3259 hi,
548 3190 644 3269 iuquit
665 3191 871 3264 Tertullianus,
893 3192 1030 3253 haeretici
1053 3203 1129 3261 sunt,
1152 3200 1181 3253 et
1201 3193 1342 3253 adversus
1364 3211 1485 3254 errores

264 3274 388 3335 ,illorum
409 3273 637 3352 praescribimus
648 3275 810 3336 certissima
821 3277 951 3338 veritatis
963 3276 1072 3356 regida,
1095 3295 1169 3355 quae
1180 3276 1217 3338 ab
1228 3276 1361 3338 eiusdem
1373 3277 1486 3339 Christi

271 3358 421 3437 discipulis
443 3359 479 3419 ad
500 3378 556 3419 nos
579 3359 751 3421 transmissa
773 3367 826 3420 est.
1051 3430 1055 3439 Ι

354 3443 477 3521 hlaligna
504 3443 626 3521 insuper
656 3445 831 3505 daemonum
860 3444 1013 3506 calliditate
1035 3463 1182 3523 pravoque
1204 3445 1321 3506 illorum
1342 3444 1487 3507 instinctu

270 3528 393 3607 gentilos
419 3528 587 3606 philosophi
615 3536 645 3588 et
673 3535 778 3606 poetae
804 3529 943 3607 quasdam
970 3530 1170 3608 excogitarunt
1196 3529 1323 3601 sabulos,
1350 3538 1384 3592 ut
1412 3531 1487 3592 salsa

155 3621 156 3625 ’
232 3686 237 3693 ο
269 3613 399 3676 veritatis
423 3613 463 3683 in
485 3613 644 3691 Scripturis
677 3614 768 3674 sacris
789 3614 912 3682 traditae
934 3614 1124 3675 similitudine
1145 3615 1235 3676 ceteri
1256 3614 1385 3675 hominis
1409 3615 1487 3694 ipsis

270 3699 385 3777 potios,
413 3702 500 3777 quarn
522 3697 710 3771 Christianis,
744 3698 800 3760 sihi
830 3698 961 3770 odiosis,
989 3699 1076 3759 iidem
1098 3707 1289 3777 praestarent.
1333 3699 1383 3760 Sic
1404 3701 1486 3761 euim

270 3786 380 3846 tinxere
402 3783 517 3862 aliquod
540 3782 617 3860 apud
638 3782 750 3844 interos
766 3782 901 3854 tribunal,
921 3783 1205 3862 Pyriphlegetontem
1228 3784 1346 3845 tlovium
1369 3793 1398 3844 et
1413 3785 1486 3863 Ely-

263 3868 332 3928 sios
355 3886 490 3946 campos;
513 3866 580 3946 quia
601 3887 618 3927 a
639 3867 751 3929 nostris
773 3877 945 3946 acceperant
965 3867 1486 3931 ultimumlorchomiuumomoium

264 3951 421 4022 iudicium,
442 3960 576 4014 aeternas
598 3951 799 4030 improborum
821 3969 931 4030 poenas
953 3971 987 4012 ac
1006 3953 1123 4030 piorum
1146 3953 1354 4032 sempiternam
1381 3953 1412 4014 in
1426 3972 1484 4032 pa-

270 4034 373 4096 radiso'
391 4036 567 4098 felicitatem.
612 4036 670 4097 Sed
692 4037 757 4115 quis
779 4037 891 4098 nesciat
911 4036 1029 4114 scriptis
1051 4037 1178 4110 uostris,
1208 4046 1309 4116 utpote
1330 4038 1484 4117 antiquio-

271 4119 369 4192 ribus,
398 4121 497 4198 potius
524 4141 611 4200 quam
638 4121 702 4182 aliis
729 4121 957 4192 recentioribus,
986 4121 1073 4182 sicuti
1095 4123 1250 4202 archetypo
1271 4122 1372 4200 potius
1394 4142 1484 4206 quam

271 4203 389 4282 imagini
411 4205 586 4267 credendum
609 4209 685 4286 (cap.
701 4204 790 4282 thy?

355 4288 392 4350 Et
419 4298 497 4350 certe
518 4290 706 4370 Pydragorica
733 4291 896 4352 animarum
924 4291 1180 4370 transmigratione
1207 4292 1293 4371 louge
1315 4291 1416 4353 verior
1438 4301 1487 4355 est

270 4374 382 4452 integra
405 4391 560 4452 corporum
582 4387 752 4437 nostrorum
774 4375 930 4437 restitutio.
974 4375 1066 4437 Nemo
1089 4377 1197 4456 quippe
1218 4377 1329 4438 inlicias
1352 4395 1484 4456 unquam

204 4521 210 4537 .
269 4459 325 4521 ibit
346 4478 453 4538 corpus
475 4457 633 4521 humanum
654 4461 690 4522 ab
712 4480 754 4522 eo
770 4461 851 4523 relici
872 4479 973 4540 posse,
995 4480 1012 4522 a
1033 4480 1091 4541 quo
1113 4462 1210 4557 anima
1231 4461 1267 4545 de
1289 4460 1483 4524 uncinoliud
