3122 5250
258 344 322 412 346
357 359 547 405 BlSSEletho
563 360 594 403 lli
608 359 657 412 Qll·
672 358 756 404 SEPT.
771 359 858 406 stou.
874 357 1068 404 ssuuunutttt
1082 356 1305 403 notoanutcutt
1320 357 1400 402 cunt.

262 509 334 574 alias
361 509 457 572 tuisse
483 516 677 573 retractatam.
720 509 792 572 Nam
813 517 933 590 praeter
952 509 1083 590 praemia
1103 508 1141 572 iis
1162 508 1211 589 qui
1231 507 1341 570 liberos
1362 525 1458 570 susce-

262 603 369 677 perant
387 594 551 674 proposita,
573 594 621 658 ille
643 595 793 674 gravioms
815 594 946 676 innuptis
968 603 999 656 et
1019 593 1178 658 caelibibus
1192 611 1304 674 poenm
1318 592 1458 666 indixerat,

261 698 336 762 quas
358 679 463 742 deinde
484 687 607 759 propter
627 679 824 742 recusantium
845 679 1002 742 tumultum
1022 680 1156 760 mitigare
1176 686 1294 742 coactus
1310 687 1365 740 est
1383 677 1459 739 tulit

261 783 353 846 porro
381 764 557 827 Suetonius:
596 765 667 828 diam
693 769 910 829 immaturitate
937 781 1120 844 sponsarum
1152 774 1181 827 et
1212 765 1459 826 matrimoniorum

262 851 371 912 crebra
395 853 560 912 mutatione
584 852 645 911 oim
674 849 745 928 lepis
772 849 855 912 eludi
880 853 1015 921 sentiret,
1049 860 1165 931 tempus
1197 866 1326 930 spamae
1348 847 1461 910 babmdi

262 938 441 1006 coarctavit,
471 935 610 996 diuortiis
637 935 758 996 modum
783 937 925 1015 inposuit
953 934 1047 1008 (Suet.
1062 933 1164 1018 ¹ibid).
1208 934 1312 994 Nonne
1332 949 1399 993 reru
1419 930 1459 992 his

261 1017 360 1080 serbis
392 1023 608 1082 immaturitate
639 1037 822 1098 sponsarum
852 1017 950 1098 colligi
981 1026 1083 1098 potest
1109 1025 1233 1100 propter
1259 1015 1460 1080 multitudinem

262 1121 376 1187 cortun,
399 1103 449 1182 qui
470 1101 554 1164 bellis
577 1101 710 1166 civilibus
732 1101 856 1182 aliisque
871 1109 956 1164 antea
971 1103 1090 1176 extincti
1104 1105 1230 1176 lucrant
1253 1108 1460 1163 statutumesse

137 1257 141 1266 ,
262 1186 298 1250 ab
321 1186 498 1267 imperatore
518 1188 663 1266 unguem,
685 1195 718 1250 ut
738 1187 866 1268 uirgines
888 1187 975 1250 etiam
997 1188 1130 1250 nondum
1151 1187 1223 1250 satis
1237 1185 1351 1248 adultae
1365 1195 1393 1247 et
1405 1185 1459 1247 riro

262 1279 394 1334 maturae
421 1271 577 1334 nuberent.
621 1271 654 1334 Si
681 1279 778 1334 autem
806 1272 833 1332 is
863 1271 904 1334 sit
924 1272 1058 1335 Suetonii
1087 1291 1205 1346 sensus,
1234 1271 1283 1342 hic
1303 1267 1460 1334 Tertullimi

262 1375 334 1420 esso
353 1355 486 1418 videtur:
517 1355 652 1436 Poppaea
673 1356 739 1437 lege
760 1356 913 1430 canutum,
941 1365 975 1419 ut
995 1356 1123 1436 virgines
1145 1375 1180 1418 ea
1201 1355 1309 1418 iuniori
1329 1353 1461 1417 aeuteiu

261 1441 480 1503 matrimonium
508 1441 732 1515 collocarentur,
760 1449 914 1520 antequam
941 1441 1011 1504 illud
1037 1441 1102 1521 lege
1123 1441 1195 1504 lulla
1224 1441 1393 1503 contrahere
1411 1457 1460 1519 po·

262 1525 399 1589 tuissent.
441 1525 479 1587 Et
500 1544 570 1589 vero
593 1526 744 1588 exitione
766 1526 906 1588 discimus
929 1525 965 1588 ab
988 1525 1093 1588 eodem
1107 1527 1241 1606 Augusto
1264 1525 1416 1598 decretum,
1436 1529 1462 1583 ut

261 1610 356 1691 pactio
379 1610 516 1690 nuptialis
543 1610 625 1672 irrita
646 1618 736 1685 esset,
763 1610 789 1672 si
810 1610 929 1690 nuptiae
951 1611 1026 1673 ultra
1046 1610 1200 1673 hieuuium
1221 1610 1412 1681 differrentur,
1436 1605 1461 1667 id

251 1699 319 1770 ‘est
353 1693 449 1775 inquit
479 1695 557 1756 idem
579 1695 666 1768 Dion,
697 1703 730 1756 ut
757 1715 791 1758 ea
817 1695 909 1774 virgo,
942 1714 1030 1775 quam
1056 1695 1121 1775 quis
1143 1695 1330 1775 despondere
1351 1691 1460 1764 volebat,

263 1779 365 1842 decem
398 1798 492 1841 annos
514 1786 582 1841 nata
604 1787 687 1841 essct
706 1787 737 1841 et
756 1779 874 1861 nuptiae
896 1799 956 1841 non
977 1781 1053 1842 adira
1073 1779 1227 1842 biennium
1248 1784 1462 1860 prorogarentur

263 1863 361 1936 (Dion.
384 1863 433 1926 lib.
456 1863 528 1925 LlV.
550 1863 636 1927 hom.
659 1863 771 1926 ilistor.
793 1863 823 1944 p'.
846 1867 941 1941 suu).
984 1864 1072 1945 Atqui
1093 1864 1119 1926 si
1140 1865 1238 1946 puella
1260 1863 1460 1937 decimamu-

263 1947 303 2010 tis
326 1966 397 2010 suae
419 1966 497 2010 anno
520 1947 704 2027 despondere
726 1958 756 2010 et
777 1949 888 2012 numere
909 1957 1035 2030 poterat,
1058 1956 1120 2012 tum
1135 1967 1206 2028 ergo
1224 1949 1301 2011 lilios
1316 1946 1461 2027 suscipere,

263 2032 307 2094 uti
328 2033 370 2095 ait
386 2032 592 2107 Tertullianus,
614 2033 782 2113 cogebatur,
805 2052 879 2113 quae
900 2033 965 2113 lege
986 2033 1058 2096 lulia
1079 2033 1300 2096 matrimonium
1321 2051 1393 2094 anno
1414 2045 1461 2090 suo

263 2124 376 2180 tantum
397 2117 571 2181 duodecimo
592 2116 667 2180 inire
688 2125 813 2198 poterat
856 2117 939 2192 Vide,
963 2117 988 2182 si
1008 2119 1112 2198 placet,
1142 2117 1316 2181 Gothoiredi
1347 2115 1461 2193 (Gotho-

263 2200 338 2263 ired.
361 2202 433 2264 Cod.
456 2201 605 2265 Theodos.
627 2220 657 2281 p.
679 2205 741 2268 226
765 2215 794 2265 et
815 2207 910 2282 seqq.)
939 2211 969 2266 et
989 2203 1113 2266 aliorum
1134 2203 1166 2264 in
1187 2202 1303 2266 tertiam
1324 2201 1358 2264 de
1378 2217 1462 2280 spon-

264 2284 376 2349 salibus
397 2286 492 2366 legem
513 2286 727 2360 annotationes,
750 2294 781 2350 et
801 2287 943 2368 expende,
971 2305 1093 2367 quaeso,
1122 2295 1223 2350 utrum
1244 2288 1316 2350 haec
1351 2281 1463 2348 autolio
1525 2343 1530 2364 ,

264 2369 411 2518 quaedem¹
427 2389 515 2451 mam
536 2369 713 2451 exmgitabis
735 2371 893 2435 verborum
919 2372 1091 2434 Tertulliani
1111 2372 1315 2454 interpretatio
1335 2369 1385 2433 tihi
1404 2385 1463 2428 ma·

295 2456 391 2518 sarri
412 2464 468 2518 eat.

264 2473 293 2536 μ
349 2540 478 2604 Dubium
505 2548 601 2602 autem
630 2558 698 2601 esse
724 2559 786 2603 non
813 2548 926 2620 potest,
959 2539 1029 2620 quio
1057 2539 1186 2602 Seremus
1216 2542 1372 2621 imperator
1394 2535 1463 2598 illam

266 2625 421 2704 utriusque
448 2624 537 2687 luliae
564 2633 594 2686 et
613 2624 768 2705 Poppaeae
795 2624 868 2705 legis
889 2633 1004 2705 partem
1025 2625 1212 2707 abrogaverit
1232 2636 1400 2706 tempusque
1419 2638 1462 2682 as-

265 2711 425 2790 signaverit
455 2728 513 2789 quo
535 2709 663 2790 vngues
685 2718 798 2772 matura
818 2718 913 2772 aetate
934 2710 1087 2772 nuberent.
1131 2709 1208 2785 Nam
1230 2711 1261 2774 id
1282 2706 1462 2772 Tertullianus
1533 2735 1534 2738 ¹

266 2795 341 2868 heri,
363 2795 393 2858 id
415 2802 461 2857 cst
482 2813 538 2858 suo
560 2802 692 2874 tempore
712 2795 820 2856 lactum
842 2813 911 2857 esse
930 2803 1089 2861 asseverat.
1118 2794 1275 2859 Praeterea
1289 2790 1463 2856 exhlarbano

267 2880 407 2944 discimus
435 2878 543 2958 ahquid
571 2879 602 2941 io
623 2878 737 2959 legibus
760 2879 840 2942 iuliis
862 2879 898 2940 ab
921 2878 1026 2942 eodem
1046 2879 1158 2942 Severo
1181 2880 1365 2944 emendatum
1396 2872 1463 2949 (Lib.

266 2965 370 3042 XXlll.
392 2964 502 3046 Digest.
525 2963 567 3026 tit.
590 2967 620 3028 2.
642 2965 698 3044 leg.
724 2965 796 3041 te).
839 2963 914 3026 hlibi
937 2983 1006 3026 vero
1035 2964 1221 3028 ostendimus
1254 2964 1347 3040 (Tem.
1368 2961 1391 3022 1.
1409 2960 1462 3038 hp-

266 3057 361 3130 parat.
383 3049 434 3112 lib.
456 3048 507 3110 lll.
529 3048 686 3111 llissertat.
708 3051 738 3114 2.
761 3068 823 3130 cap.
842 3051 891 3114 18.
913 3047 974 3110 hrt.
991 3052 1022 3114 3.
1043 3068 1072 3130 p.
1092 3052 1195 3127 1153.)
1220 3049 1326 3112 ablatas
1346 3045 1464 3108 luisses

267 3133 460 3195 Constantino
482 3133 586 3211 dlagno
608 3152 731 3214 poenas,
754 3152 828 3214 quae
850 3133 897 3196 his
919 3132 1002 3196 luliis
1015 3133 1222 3215 Poppaeisque
1244 3133 1353 3214 lep‘bus
1374 3133 1464 3192 contu

267 3217 394 3280 caelibes
416 3226 447 3279 et
468 3217 560 3278 orbos
582 3216 717 3282 decretae
737 3219 864 3281 lucrant
893 3217 953 3279 Sed
974 3220 1029 3282 hac
1045 3218 1218 3282 Tertulliani
1236 3216 1330 3281 nostri
1345 3225 1463 3294 tempore

266 3301 453 3382 posteriores
475 3307 555 3363 suut.
874 3370 877 3378 Ι

352 3385 484 3465 lienique
506 3385 647 3465 Rigaltius
670 3385 807 3466 opinatur
827 3386 917 3449 hasce
938 3386 1019 3466 leges
1041 3385 1109 3450 ideo
1130 3388 1305 3452 vanissimas
1325 3377 1463 3448 aTertul-

267 3469 346 3532 lieno
369 3468 519 3550 appellari,
542 3475 611 3552 quia
633 3473 668 3534 de
682 3471 755 3552 filiis
772 3472 968 3550 suscipiendis
986 3476 1115 3551 cogitare
1130 3491 1194 3536 mou
1208 3475 1351 3536 reuocabo
1365 3481 1463 3530 mcum

268 3555 451 3636 stultumque
473 3554 630 3617 uidebatur
647 3555 825 3618 corrutionis
847 3556 938 3638 fimeto
952 3556 1144 3620 saeculorum
1157 3563 1274 3624 iustnrc
1289 3549 1462 3618 credentibus

267 3651 296 3703 et
324 3645 403 3703 uitae
429 3639 568 3702 mortalis
596 3643 629 3702 iu
650 3650 804 3702 aeteruum
827 3642 1050 3704 commutandas
1072 3641 1220 3706 desiderio
1242 3635 1461 3720 suspirantibus.

268 3725 327 3786 Sed
353 3723 480 3786 vidimus
508 3723 630 3786 eosdem
653 3724 837 3787 Christianos
866 3725 972 3786 solitos
1000 3725 1095 3787 luisse
1121 3745 1177 3807 pro
1198 3726 1285 3788 huius
1306 3723 1371 3786 linis
1390 3731 1462 3782 mata

267 3810 429 3892 deprecari.
472 3808 564 3872 Nobis
596 3808 685 3889 igitur
717 3809 829 3872 iacihus
860 3809 1034 3890 probabitur
1062 3810 1133 3873 illud
1161 3811 1197 3874 ob
1217 3811 1342 3873 ductore
1369 3809 1461 3868 nosue

269 3894 378 3958 dictum
410 3893 505 3964 luisse
537 3893 679 3958 castitatis
706 3913 741 3956 ac
754 3894 940 3976 ¹uirginitatis
968 3894 1077 3970 suedia,
1110 3915 1183 3976 quas
1211 3893 1326 3976 qudem
1353 3891 1461 3952 uirtutes

270 3980 426 4056 Christiani
455 3987 535 4042 tanto
557 3979 663 4040 ardore
686 3977 829 4054 colebant,
861 3987 970 4060 quanto
993 3999 1042 4042 eas
1064 3981 1190 4060 gentiles
1212 3975 1361 4060 despectui
1380 3970 1460 4036 buhe-

268 4063 340 4126 bant
361 4073 392 4126 et
411 4063 672 4145 adspemahautur.

355 4149 432 4211 Tum
453 4149 559 4212 debinc
572 4147 769 4210 Tertullianus
792 4148 979 4218 continenter
997 4149 1204 4229 prosequatur:
1226 4147 1374 4212 iudicatos
1388 4149 1460 4205 taut

269 4234 303 4299 iu
321 4244 428 4312 portes
450 4239 588 4298 sacaria
610 4235 808 4296 creditoribus
830 4233 906 4314 leges
929 4243 1026 4296 eraut.
1072 4233 1226 4298 Gammae
1247 4242 1344 4295 tamea
1353 4223 1462 4310 publili

269 4317 432 4390 crudelitas
450 4331 559 4399 postea
579 4335 670 4382 erasa
691 4329 735 4382 cst
757 4317 938 4394 (Tertullian.
952 4317 1109 4398 hpologot.
1127 4333 1189 4400 cap.
1201 4319 1254 4396 4.).
1286 4315 1357 4402 Una
1376 4314 1460 4374 sotem

269 4399 343 4464 haec
364 4409 428 4463 erat
448 4420 483 4464 ex
504 4403 712 4477 vetustissimis
733 4402 848 4484 legibus
869 4402 998 4484 primum
1014 4404 1050 4474 ‚in
1072 4403 1173 4468 decem
1194 4407 1340 4481 etpostea
1352 4397 1381 4461 in
1394 4393 1459 4490 dut·
1533 4467 1534 4470 Ἴ

269 4484 366 4560 decim
386 4483 498 4548 tabulas
518 4487 629 4564 relatis,
651 4508 725 4570 quae
747 4493 823 4552 teste
837 4487 919 4550 Livio
941 4491 976 4560 ia
995 4491 1136 4559 immenso
1150 4487 1280 4558 aliarum
1294 4475 1460 4564 sepontus
1533 4473 1534 4500 ¹

142 4659 146 4670 .
266 4581 483 4648 mercatorum
510 4571 605 4654 legum
632 4573 750 4639 cumulo
777 4585 852 4640 aaut
872 4576 969 4660 curuis
988 4574 1061 4660 [om
1074 4571 1194 4658 ,publici
1209 4573 1374 4655 priuatique
1392 4559 1463 4628 iuti!
