3126 5250
282 364 349 434 262
382 385 572 430 attenuatum
587 385 618 430 nt
634 385 681 437 ott.
696 385 779 430 Bm.
792 384 879 430 FLOR.
894 384 1088 428 morotum
1102 369 1321 428 aeotoottrtetlu
1334 385 1409 429 ΕΒΗ.

778 571 944 622 loricatus
962 571 998 620 ll.

282 677 318 722 Ite
336 683 425 720 aeterno
443 676 501 732 igno,
518 686 562 732 quo
580 673 671 730 improbi
689 682 711 720 st
727 675 786 730 impii
805 673 905 718 homines
923 674 1092 724 cruciabuntur;
1112 685 1156 728 qua
1173 673 1256 716 rodone
1274 673 1409 717 'lenultiannr
1424 673 1461 715 eius

285 745 436 790 aeternitatem
453 751 542 788 sereres
564 751 629 798 etque
648 743 762 786 confirmet
778 741 892 798 igneorum
910 741 1032 793 duriorum,
1050 741 1156 785 montium
1173 751 1260 797 semper
1273 741 1393 792 ardennam,
1407 739 1461 784 bonl-

463 810 497 854 nl·
514 810 604 854 mimine
621 811 722 866 percussi
740 809 853 866 exemptio,
870 821 897 853 ec
916 809 1029 864 curipale
1047 809 1084 852 tlte
1102 816 1206 852 aeternus
1224 808 1315 853 dicatur.

351 923 454 999 'Quod
477 943 512 988 ex
538 923 636 986 Sacris
659 923 818 1003 scipulis
839 923 1003 986 didicenmt
1023 923 1189 996 Christiani,
1211 923 1269 985 hoc
1287 923 1376 1004 polam
1393 941 1460 1002 prae-

282 1008 418 1073 dicabant
438 1009 546 1090 impios
568 1009 777 1088 improbusque
798 1008 935 1070 homiues
956 1015 1076 1070 aeterno
1097 1015 1168 1088 post
1187 1015 1312 1070 mortem
1326 1007 1461 1086 suamigne

234 1119 238 1130 ¹
283 1094 472 1158 cruciandos:
502 1093 559 1156 Sed
579 1094 749 1174 qebeuuom,
772 1093 812 1154 ait
833 1093 1039 1166 Tertullianus,
1061 1098 1091 1156 si
1112 1098 1327 1165 commmoratur,
1348 1103 1463 1174 quaeest

281 1185 362 1261 ipuis
384 1183 501 1242 aetmmi
520 1181 720 1242 subterranea
739 1179 779 1240 ad
796 1197 925 1258 paenam
947 1180 1118 1250 thesaurus,
1142 1179 1274 1259 proinde
1296 1177 1462 1240 demetiam

282 1283 354 1327 muer
384 1262 566 1340 (Tertullian.
594 1262 746 1342 Apologet.
776 1280 838 1342 cap.
862 1266 936 1338 li).
985 1261 1022 1323 Et
1053 1263 1093 1323 ita
1124 1262 1242 1342 quidem
1274 1262 1305 1323 iu
1339 1259 1461 1324 codicibus

281 1347 395 1412 nostru
417 1355 447 1408 et
467 1347 627 1426 lligaltiana
647 1347 769 1426 aliisque
789 1347 1005 1426 posterioribus
1020 1346 1214 1421 editionibus;
1235 1347 1266 1408 in
1280 1345 1462 1426 antiquioribus

283 1451 355 1494 vero
383 1433 611 1506 subterraneus,
641 1432 724 1512 quasi
752 1431 782 1494 id
803 1432 906 1494 relerri
928 1431 1032 1493 debeat
1053 1431 1089 1492 ad
1111 1449 1220 1492 nomen
1242 1432 1404 1495 thesaurus.
1436 1427 1462 1487 u

283 1516 387 1580 reterri
420 1517 506 1578 etiam
538 1524 637 1596 potest
669 1517 704 1578 ad
737 1535 845 1578 nomeu
872 1516 1013 1596 pebeuua,
1048 1515 1101 1575 sod
1129 1515 1234 1577 eodem
1256 1533 1369 1596 semper
1386 1531 1462 1576 sensu.

282 1601 374 1664 Docet
394 1601 491 1680 itaque
510 1601 620 1663 ductor
640 1608 742 1662 noster
763 1601 924 1680 gehennam
946 1619 1012 1662 esse
1035 1601 1205 1662 thesaurum
1227 1601 1304 1680 ignis
1318 1599 1415 1662 aeterni
1427 1598 1461 1658 in·

284 1686 466 1758 exhaustum,
488 1703 546 1764 quo
570 1685 686 1746 scelesti
707 1685 842 1746 homines
863 1685 1021 1764 posthanc
1034 1684 1122 1746 vitam
1138 1685 1359 1765 torquebuntur.
1379 1685 1461 1744 Ver'uu

283 1768 393 1831 ethnici
424 1769 482 1830 hoe
507 1769 714 1830 documentum
741 1788 802 1831 non
830 1788 916 1831 secus
943 1777 1028 1848 atque
1056 1769 1162 1832 anilem
1190 1769 1317 1832 labulam
1343 1765 1461 1831 cachinnis
1526 1750 1528 1815 l

282 1852 404 1932 risuque
424 1852 565 1914 solutiore
586 1852 788 1932 explodebant.

366 1937 441 1998 Vero
460 1946 559 1999 tamen
580 1946 642 1998 erat
663 1938 735 2000 baec
749 1937 982 1999 Christianorum
1004 1938 1163 2000 sententia:
1185 1947 1235 2000 sut
1256 1939 1372 2018 ipsimet
1389 1933 1458 2015 peuti-

281 2021 327 2084 les
355 2021 465 2101 pariter
491 2020 653 2096 deridendi,
681 2041 698 2086 a
725 2021 831 2101 quibus
853 2021 1112 2102 Ppripblepetbou,
1141 2031 1173 2084 ut
1201 2023 1242 2086 ait
1262 2026 1369 2085 tumor
1386 2027 1458 2081 auur

283 2107 392 2183 (ibid),
421 2107 502 2187 opud
528 2119 665 2170 mortuas
693 2111 789 2168 amuis
816 2106 1045 2186 praedicabattu.
1088 2108 1182 2186 Atque
1203 2109 1244 2170 ita
1265 2107 1313 2170 ille
1334 2127 1366 2170 ac
1383 2111 1451 2185 postu

281 2191 430 2254 Arnobius
462 2190 624 2256 coniectum
652 2189 687 2252 ab
716 2189 773 2252 illis
807 2190 896 2252 telum
918 2199 1070 2270 retorquet
1090 2192 1211 2268 (druch.
1233 2191 1284 2254 lib.
1306 2192 1354 2254 lll.
1375 2190 1452 2252 advers.

285 2273 369 2338 Gent.
391 2293 422 2354 p.
444 2278 518 2352 52).
561 2275 654 2336 liuius
682 2283 778 2340 autem
806 2276 878 2336 haec
907 2283 975 2336 sunt
1002 2277 1106 2338 verba:
1141 2277 1267 2341 dudetis
1297 2279 1391 2340 ridere
1411 2288 1454 2344 rot,

284 2379 350 2424 oum
370 2359 520 2440 pebeuuas
543 2360 666 2422 dicimus
689 2371 717 2421 et
738 2360 978 2440 ineatimpuibiles
1002 2361 1145 2441 quosdam
1165 2366 1258 2442 eques,
1281 2366 1313 2424 iu
1334 2380 1398 2444 quos
1411 2359 1458 2417 nst-

282 2464 348 2507 mae
379 2446 466 2507 deiiai
491 2445 527 2506 ab
555 2463 660 2506 eorum
681 2444 815 2506 hostibus
838 2449 1022 2525 iusiuicisqus
1044 2445 1261 2524 aequavimus?
1306 2445 1382 2520 Quid
1398 2440 1461 2504 Plato

281 2531 318 2592 iu
339 2547 372 2592 eo
393 2529 553 2606 volumius,
576 2529 653 2610 quod
674 2530 709 2591 de
730 2533 846 2590 caimos
868 2529 1092 2593 immortalitate
1116 2536 1289 2611 composuit,
1318 2549 1375 2592 mou
1393 2525 1462 2589 lete

282 2627 410 2683 ramlera,
432 2633 494 2676 uam
515 2613 644 2694 Stypem,
671 2632 733 2675 mou
757 2613 897 2692 Cocytum
918 2626 946 2677 et
967 2612 1278 2695 Pyriphleqetboutem
1298 2612 1465 2682 mammetis

283 2699 389 2780 quibus
412 2709 532 2761 asserat
553 2703 668 2760 animas
690 2697 781 2770 uolui,
803 2703 905 2777 merpi,
929 2704 1019 2761 amari
1025 2697 1042 2759 t
1069 2698 1148 2760 Bene
1169 2707 1268 2762 autem
1290 2699 1325 2761 ab
1346 2695 1464 2760 illonto

282 2782 399 2856 citatur,
432 2783 482 2861 qui
515 2783 545 2843 in
573 2782 731 2844 Phaedone
759 2782 916 2862 descripsit
943 2782 990 2843 illa
1016 2791 1085 2844 nota
1113 2783 1184 2844 satis
1208 2785 1346 2846 omnibns
1366 2787 1467 2862 quattu

281 2867 349 2930 oua
370 2867 406 2930 ab
428 2867 553 2929 ethnicis
575 2867 736 2929 inferorum
758 2867 877 2928 llumina
909 2867 993 2937 (Plat
1016 2866 1164 2930 Phaedon.
1188 2875 1262 2930 tom.
1285 2869 1307 2930 l.
1330 2888 1357 2948 p.
1379 2866 1428 2930 ttt
1445 2867 1468 2920 ti

281 2951 692 3098 itituhi'ittlh
705 2949 1466 3114 {tttl⁵tiltrtitttithlhiltiiit?

435 3153 477 3216 Di
489 3155 594 3233 quibus
609 3157 767 3234 imperium
781 3165 827 3216 est
841 3158 1013 3215 animarum
1026 3155 1205 3236 umbraeque
1221 3156 1352 3227 silentes,
1375 3159 1382 3176 '

433 3237 472 3299 Bt
493 3237 582 3300 cbaos
605 3252 634 3302 et
654 3238 822 3317 Phlepetau,
846 3236 913 3300 loeo
934 3251 1019 3302 uocte
1041 3239 1162 3303 silentio
1183 3239 1254 3303 late.

727 3321 838 3401 (virgil.
861 3321 910 3383 lib.
933 3322 979 3382 Vl.
1005 3322 1124 3384 Aeneid.
1147 3343 1174 3383 v.
1198 3327 1268 3390 264¹
1284 3332 1314 3386 et
1334 3327 1419 3402 seqq.)

282 3421 397 3484 Romus
419 3429 515 3483 autem
535 3430 655 3502 postea:

434 3537 565 3620 despicit
585 3541 698 3605 deneas
721 3541 819 3602 subito
842 3553 870 3604 et
891 3543 946 3605 sub
969 3561 1043 3621 rupe
1065 3545 1192 3605 oim‘stra

435 3623 554 3687 Maeuio
575 3624 638 3687 lata
660 3626 747 3696 uidet,
771 3624 885 3706 triplici
905 3628 1088 3688 circumdata
1108 3645 1207 3699 muro,

438 3710 523 3783 Quae
545 3711 671 3791 rapidus
692 3711 821 3790 [lammis
844 3710 934 3774 ambit
959 3711 1145 3774 torrentibus
1167 3715 1266 3774 amuis

437 3793 601 3860 tartareus
623 3793 803 3875 Phlepetbom
823 3806 997 3878 torquetque
1018 3799 1159 3858 samautia
1181 3816 1267 3858 saca.

987 3881 990 3888 ’
1043 3879 1127 3954 (ibid.
1149 3900 1176 3941 v.
1200 3884 1261 3946 543
1285 3889 1314 3941 et
1333 3879 1420 3956 seqq.)

281 3995 475 4058 Prudentium
502 3995 644 4075 aliosque,
673 3996 699 4057 si
720 3995 811 4070 lubet,
838 3997 918 4058 adire
939 3997 1051 4078 poteris
1083 3999 1232 4070 (Prudent.
1255 3985 1471 4072 amaricent

282 4080 358 4156 dm).
403 4081 527 4161 Quoque
548 4089 645 4143 autem
667 4081 756 4142 mado
778 4082 851 4143 haec
871 4081 979 4143 ethuici
1001 4090 1051 4144 aut
1071 4084 1207 4144 linxerint
1227 4091 1276 4148 aut
1303 4074 1470 4167 crediderint

282 4181 345 4310 pon
367 4173 503 4308 ppterant
523 4166 637 4312 utiquph
645 4164 768 4226 irridere
783 4165 977 4263 Christianos,
1008 4167 1057 4246 qui
1079 4167 1223 4232 adirinis
1236 4167 1308 4265 'suis
1334 4163 1470 4298 scriptorg

282 4252 850 4416 ,titulittitutttttttt
869 4249 1470 4425 tltiltttlttttluittlitto.

284 4435 349 4497 cap.
362 4417 437 4495 tu).
472 4417 505 4478 ln
526 4419 619 4498 prime
640 4437 710 4481 vero
732 4419 854 4483 htdusce
874 4420 945 4481 tomi
967 4420 1172 4484 dissertatione
1192 4421 1343 4484 lliuutium
1363 4415 1471 4503 llehcem

285 4501 448 4565 audivimus
478 4503 581 4566 ecdem
607 4505 697 4566 modo
725 4503 867 4567 adversus
896 4505 1018 4584 gentiles
1046 4506 1240 4588 disputantem
1273 4505 1429 4580 (Dissertat
1447 4507 1472 4552 [Β

283 4585 389 4652 bliaut
412 4585 511 4650 (lotar.
532 4605 595 4669 cap.
618 4591 648 4652 7.
669 4589 730 4652 brt.
746 4590 800 4668 3.).
