3082 5238
440 379 575 426 tumere
597 381 639 426 uo.
660 381 728 426 tus.
752 381 914 428 nonaum.
1222 371 1286 440 add

71 527 174 589 storias
193 533 384 590 monumenta
406 527 480 590 uiltil
500 543 625 606 prorsus
646 527 846 608 prodiderint,
882 551 918 594 ex
943 551 1001 612 quo
1031 534 1087 598 ieta
1115 553 1165 598 res
1186 539 1286 616 pontt

70 610 278 691 quodammodo
305 610 446 690 intelligi,
480 612 623 691 numquid
643 613 703 676 iste
722 614 833 692 lingere
853 614 970 689 liceret,
1010 626 1043 678 ut
1071 619 1284 697 opitularemur

71 694 205 774 opinioni,
228 713 303 773 quae
325 711 420 772 paene
441 694 558 758 videtur
578 697 614 758 ad
636 696 744 758 exitum
767 697 916 760 adducta?
938 700 1061 762 Fuerint
1074 702 1192 764 iuterim
1208 705 1284 770 istae

69 778 240 840 calamitates
262 778 298 839 ad
321 786 436 855 tempus
458 778 621 857 dispersae,
645 789 782 842 tamenne
796 801 927 844 summas
943 784 1084 846 adversus
1099 786 1282 852 Christianos

67 861 184 922 iniurias
216 861 305 922 etiam
338 860 523 924 intermissas
555 861 710 924 dicamus?
764 863 861 926 Etiam
894 866 992 941 dioes;
1028 887 1171 948 prospera
1203 872 1282 934 euim

66 953 194 1024 tempora
221 945 272 1022 qui
301 943 470 1022 potuissent
498 945 647 1018 extitisse,
683 947 744 1008 nisi
772 955 802 1008 et
827 949 882 1010 bae
911 950 1090 1029 aliquantum
1113 953 1281 1016 desiissent.

65 1031 101 1090 m
121 1047 173 1107 ego
196 1028 246 1107 qui
268 1027 481 1090 Tertullianum
503 1028 593 1090 didici
614 1029 716 1090 hostes
738 1030 769 1092 iu
793 1049 896 1094 omnes
919 1034 1003 1112 quasi
1024 1035 1152 1098 latebras
1174 1056 1280 1116 perse-

65 1121 159 1174 cutum
197 1129 342 1190 usumque
377 1111 422 1172 vel
455 1111 605 1174 levissima
632 1115 723 1174 read
745 1115 964 1178 convincendos
993 1117 1103 1180 erroris
1126 1138 1160 1182 ac
1180 1121 1282 1200 llagitii

65 1215 133 1267 eos,
166 1195 214 1274 qui
237 1203 323 1256 crant
342 1193 432 1256 rebus
456 1195 690 1258 Christianorum
718 1199 847 1274 adversi,
883 1201 962 1262 bunc
979 1220 1044 1282 ego
1068 1201 1282 1268 Tertullianum

62 1289 231 1358 putaremue
259 1278 399 1340 adversus
428 1297 481 1340 eos
510 1279 725 1358 disputaturum
747 1283 837 1343 modo
866 1303 919 1358 eo,
953 1293 1000 1359 ut,
1033 1287 1282 1365 quemadmodum

63 1363 182 1424 iniurias
205 1362 443 1423 adversariorum
464 1363 494 1422 in
510 1361 694 1426 Christianos
717 1373 834 1427 secutae
856 1367 982 1430 luissent
1003 1388 1137 1432 summae
1159 1372 1279 1434 calami-

61 1454 145 1518 tates,
168 1445 205 1508 ita
227 1444 359 1508 vicissim
381 1446 549 1508 felicissima
567 1455 700 1526 tempora
723 1450 876 1528 excepisse
898 1469 1001 1513 eorum
1023 1452 1052 1513 in
1075 1454 1132 1516 hos
1147 1453 1279 1515 benevo-

60 1530 180 1591 lentiam
202 1527 337 1590 diceret?
369 1527 462 1608 Atque
483 1529 561 1590 aliud
583 1531 678 1592 adbuc
705 1531 894 1613 inpromptu
918 1545 973 1596 est.
1018 1535 1091 1598 Nam
1113 1557 1180 1600 oum
1203 1539 1279 1600 Ter-

61 1613 197 1674 tullianus
219 1613 308 1674 istum
332 1611 368 1673 de
391 1613 481 1674 Pallio
503 1613 634 1675 libellum
656 1627 862 1693 componeret,
891 1623 976 1698 pacis
1001 1623 1062 1680 otia
1085 1632 1281 1684 nanterre

61 1717 135 1758 ocra
156 1697 240 1758 orbis
263 1697 462 1758 cultissimum
483 1716 539 1758 rua
561 1702 689 1778 imperii,
714 1700 870 1762 corruitur
894 1711 922 1762 et
943 1722 1087 1764 amoenus
1110 1724 1203 1786 super
1225 1705 1280 1766 At-

62 1784 141 1841 ciooi
158 1793 311 1860 pontoium
333 1793 362 1842 et
385 1780 483 1843 Midae
505 1793 640 1842 rosetum
662 1783 737 1860 (cap.
762 1787 816 1859 2.).
860 1784 892 1845 ld
921 1804 990 1846 vero
1014 1805 1142 1866 quonam
1165 1787 1280 1850 modo?

59 1863 219 1926 Erudicato
242 1868 323 1926 omni
343 1869 462 1926 aconito
486 1865 670 1926 hostilitatis.
701 1867 747 1927 Sit
767 1866 866 1946 itaque
886 1868 935 1930 hic
955 1869 1030 1930 liber
1051 1872 1178 1952 scriptus
1194 1871 1279 1934 initio

60 1966 87 2008 a.
111 1946 222 2022 ccxt.;
258 1965 324 2008 nam
346 1947 402 2008 sub
424 1947 575 2008 Februarii
602 1948 718 2010 initium
739 1950 818 2010 iuter
839 1951 922 2012 vivos
951 1971 1020 2014 esse
1042 1955 1168 2016 Severus
1191 1955 1280 2018 desiit

61 2039 91 2092 et
112 2029 200 2092 desiit
220 2030 307 2092 etiam
330 2031 433 2109 triplex
455 2030 572 2110 imperii
594 2031 696 2094 virtus.
740 2033 777 2094 tt
798 2033 857 2095 isto
886 2042 1019 2114 tempore
1040 2036 1150 2100 bellum
1172 2039 1277 2100 adver-

58 2134 110 2176 sus
130 2113 287 2176 Britannos
310 2115 440 2178 nondum
463 2125 523 2176 erat
546 2115 729 2189 absolutum,
757 2137 960 2197 necunquam
989 2129 1092 2198 postea
1126 2123 1181 2183 luit
1212 2122 1300 2182 vivo·

58 2199 178 2270 Severo,
200 2198 252 2258 sed
274 2217 310 2259 eo
333 2207 451 2262 mortuo
473 2198 591 2260 demum
612 2200 780 2262 Antoninus
801 2220 903 2279 pacem
925 2222 992 2264 cum
1013 2203 1162 2266 Britannis
1185 2204 1277 2266 iniitt.

57 2281 118 2344 lsto
140 2282 229 2360 igilur
249 2301 328 2343 anno
351 2301 418 2344 cum
440 2290 520 2344 certe
542 2283 728 2344 moeruerint
747 2290 833 2364 pacis
857 2291 919 2347 otia
949 2305 1005 2348 nec
1038 2289 1119 2350 orbis
1143 2289 1278 2352 cultissi-

57 2385 137 2426 mum
159 2385 214 2428 rus
236 2369 372 2446 imperii,
409 2366 593 2426 commmlior
614 2367 698 2428 locus
721 2368 836 2430 videtur
863 2368 932 2432 huic
951 2370 1028 2432 libro
1051 2371 1199 2449 adsignari
1222 2373 1276 2430 dc-

55 2449 127 2510 bere
150 2460 179 2510 et
201 2467 294 2510 annus
317 2449 433 2528 quidem
450 2449 570 2510 ccvltl.
593 2450 623 2510 in
646 2451 735 2513 finem
757 2450 923 2524 inclinatus,
946 2457 1121 2532 praesertim
1138 2454 1277 2534 quoniam

54 2551 123 2594 cum
146 2552 182 2594 eo
205 2533 317 2612 optime
345 2532 526 2594 concordant
547 2552 581 2594 ea
604 2535 718 2607 omnia,
752 2554 828 2613 quae
851 2536 1048 2599 Tertullianus
1076 2539 1125 2599 hic
1148 2537 1276 2602 tradidit.

51 2617 186 2696 Namque
216 2617 243 2678 si
270 2616 397 2696 requiris
420 2617 569 2696 trt'plicem
588 2621 759 2696 praesentis
782 2621 901 2697 imperii
921 2627 1079 2692 virtatem,
1117 2639 1189 2682 sane
1218 2623 1277 2682 lam

51 2699 144 2761 modo
168 2699 239 2762 Geta
260 2700 384 2778 Augusti
413 2699 582 2778 dignitatem
605 2709 770 2772 sumserat3
806 2701 832 2761 si
857 2703 1120 2784 Carthaginienses
1143 2709 1277 2766 novitate

49 2784 167 2863 felices,
196 2803 249 2845 eos
272 2783 441 2844 iamdudum
463 2783 545 2843 numi
567 2782 796 2861 prodideruut⁸3
833 2785 859 2845 si
882 2797 1048 2850 coctumst
1071 2787 1181 2848 rubam
1204 2787 1276 2848 sab-

50 2868 141 2930 dolae
163 2867 403 2946 familiaritatis,
437 2865 622 2936 Plautianus,
651 2866 898 2927 familiarissimus
922 2869 1051 2942 Severo,
1084 2869 1142 2929 iam
1165 2877 1227 2930 erat
1249 2889 1275 2930 a.

50 2951 148 3011 CClli.
172 2970 187 3011 e
209 2949 307 3012 medio
331 2949 494 3020 sublatus¹3
518 2949 543 3010 si
559 2959 645 3030 spent
658 2949 837 3030 Campaniae
859 2953 981 3012 decretae
996 2953 1194 3014 dementibus
1211 2957 1275 3014 suis

49 3039 91 3105 (c.
109 3037 139 3096 2.
156 3033 214 3109 tt),
238 3032 309 3094 illud
331 3033 386 3094 Dio
409 3033 550 3094 Cassius¹¹
573 3041 705 3111 tempore
729 3051 775 3105 eo,
798 3052 856 3112 quo
879 3035 1047 3096 Plautianus
1071 3034 1169 3113 periit,
1192 3035 1277 3112 plane

47 3117 173 3195 quidem
198 3117 455 3192 commemoravit3
494 3117 519 3176 sl
542 3116 668 3196 denique
691 3118 876 3178 eradicatum
899 3136 983 3179 omae
1005 3124 1158 3180 aconitum
1181 3119 1277 3180 iasti-

47 3203 151 3263 litatis
175 3220 210 3263 ae
229 3205 315 3282 pacis
338 3207 410 3271 otia,
445 3210 528 3261 eraut
557 3199 613 3260 isla
641 3219 711 3261 sanc
733 3201 816 3278 prius
845 3220 932 3279 quarn
955 3202 1081 3263 Severus
1105 3201 1135 3261 in
1157 3201 1275 3262 Britan-

47 3285 133 3345 niam
155 3283 408 3362 proficiscebatur.
453 3283 511 3344 Sed
534 3283 653 3346 curiosi
672 3282 791 3345 ubinam
821 3285 936 3346 tandem
967 3293 1038 3346 sunt
1059 3283 1209 3346 barbari?
1251 3285 1276 3346 li

45 3367 171 3447 quidem
194 3369 326 3430 nondum
348 3387 384 3428 eo
406 3375 539 3445 ternpore
562 3385 647 3428 muro
669 3367 856 3440 Britannico,
893 3368 945 3429 sed
974 3377 1071 3430 tamen
1102 3369 1138 3430 ab
1161 3368 1277 3447 imperii

45 3453 180 3512 Romani
209 3451 317 3514 finibus
346 3451 420 3530 ipsis
450 3451 599 3530 legionum
621 3451 818 3512 Romanarum
841 3451 997 3530 praesidiis
1019 3452 1210 3527 arcebantur3
1247 3459 1277 3514 et

45 3537 116 3614 ipse
140 3535 336 3598 Tertullianus
358 3553 425 3596 cum
447 3533 584 3613 loquatur
605 3534 641 3595 de
664 3536 763 3596 multis
785 3535 929 3610 barbaris,
957 3537 1095 3615 quidnam
1118 3546 1165 3598 est
1187 3555 1275 3600 caus-

43 3639 112 3690 sae,
143 3639 196 3680 cur
217 3619 299 3680 solos
320 3618 478 3679 Britannos
500 3617 720 3697 intelligamus?
764 3620 864 3698 ltaque
886 3639 952 3682 cum
975 3639 1001 3680 a.
1025 3619 1145 3680 ccvlll.
1168 3619 1274 3679 extite-

41 3703 108 3764 riut
131 3701 231 3764 omnia
255 3721 298 3774 ea,
321 3721 396 3782 quae
418 3709 644 3763 commemorata
667 3697 848 3764 Tertulliano
871 3701 968 3774 luere,
992 3721 1058 3764 cum
1081 3701 1177 3762 nullus
1200 3701 1275 3761 alius

41 3786 150 3866 possit
171 3786 302 3859 excitari,
324 3785 371 3848 oui
393 3785 490 3864 aliquo
513 3785 617 3846 maiori
639 3784 701 3844 iure
724 3787 825 3847 eadem
849 3795 974 3863 possent
995 3785 1106 3858 asseri,
1129 3783 1276 3862 cumipse

81 3969 103 4003 r.
124 3953 150 4002 l'.
170 3953 332 4004 Herodianum
352 3953 442 4004 liblll.
461 3968 482 4002 c.
492 3951 531 4002 15.
547 3967 569 4016 p.
580 3949 636 4001 tta.
688 3950 746 3999 milri
757 3951 867 4012 ridetur),
886 3953 933 4001 hoc
951 3953 1001 4002 lere
1019 3952 1094 4001 extitit
1112 3965 1132 3999 t.
1144 3949 1219 4000 cclv.
1235 3957 1276 4001 rut

80 4035 103 4069 s.
124 4019 149 4068 V.
170 4020 342 4082 spanhemium
366 4022 390 4070 in
415 4019 544 4070 immortali
564 4032 639 4082 opere
689 4017 724 4077 t,
743 4019 798 4080 quie
817 4020 840 4067 lu
860 4019 1004 4083 quibusdem
1024 4032 1078 4067 cum
1097 4031 1124 4066 ee
1143 4031 1170 4066 ra
1188 4017 1227 4066 Tr.
1248 4017 1274 4068 Ρ.

40 4088 76 4137 de
96 4087 249 4136 Praestantie
267 4095 291 4137 et
310 4088 357 4138 litu
373 4087 557 4138 Numismttum.
576 4085 639 4134 Dies.
690 4083 727 4133 Vl.
746 4085 863 4135 Caracalli
883 4087 1042 4147 coniungitur.
1068 4084 1138 4134 Certe
1151 4084 1276 4134 editisuul

40 4154 98 4204 xtt.
120 4153 172 4202 Vol.
182 4152 211 4202 ll.
231 4169 254 4217 p.
265 4153 332 4215 tta,
351 4154 391 4217 qni
409 4155 469 4203 istos
489 4167 575 4204 nomos
594 4153 639 4204 Se-
690 4159 744 4200 aute
769 4153 886 4215 seriptum
911 4152 1020 4202 libellum
1044 4152 1074 4201 de
1100 4150 1191 4212 Pellio;
1215 4161 1276 4202 eut·

40 4222 96 4272 reri
117 4229 143 4272 et
160 4222 282 4284 Antonini,
301 4223 324 4270 ln
343 4221 431 4285 quibos
449 4228 486 4270 est
503 4221 638 4270 Fellxller·
689 4229 761 4282 qotm
781 4221 844 4268 enim
863 4221 887 4268 in
908 4220 937 4268 iis
955 4221 1037 4279 Getae,
1060 4217 1103 4267 eed
1122 4217 1202 4268 Seueri
1221 4225 1275 4270 tau·

39 4289 131 4349 tbago,
161 4288 192 4337 ad
218 4289 255 4337 ius
279 4303 366 4338 numos
391 4287 492 4338 cudendi
511 4287 565 4337 urbi
583 4287 639 4338 huic
689 4291 739 4333 tum
759 4293 782 4335 et
801 4285 918 4335 Caracalli
938 4299 1026 4334 nomen
1045 4285 1172 4348 reperitur.

37 4355 299 4434 restaurataedatum
320 4356 442 4419 pertinere
461 4355 539 4434 dicit..
561 4355 637 4430 Quam
723 4393 740 4435 ι.
764 4387 789 4434 v.
808 4385 954 4434 memmii
974 4385 1034 4435 Hm·
1061 4385 1104 4434 des
1128 4383 1170 4433 Em
1191 4399 1274 4434 erem

37 4437 125 4486 ipsam
152 4437 204 4472 rem
229 4430 270 4472 ant
293 4431 418 4484 cognatum
437 4431 501 4472 certe
519 4435 540 4470 st
557 4435 637 4484 respr-
690 4451 743 4502 ¹⁰8⁰
763 4453 795 4502 cu
820 4467 836 4516 p
863 4451 944 4502 4¹3³
1173 4400 1188 4448 Ρ

37 4491 110 4539 cient
129 4491 146 4539 ii
166 4489 234 4540 numi
253 4489 402 4548 creberrimi,
421 4489 461 4552 qul
481 4489 578 4540 laudaut
596 4489 637 4538 ln·
796 4489 802 4502 “
839 4487 844 4500 “
946 4468 968 4516 ‘¹'

35 4556 196 4618 dulgentiam
219 4559 294 4619 lagg.
319 4557 344 4606 in
369 4555 480 4618 Certbrg.
506 4557 549 4617 (ita
573 4556 637 4604 anim
722 4567 746 4602 u.
765 4553 816 4602 Lib.
835 4551 929 4604 xxxvl.
949 4567 970 4602 c.
988 4551 1012 4602 2.
1031 4568 1055 4618 p.
1076 4550 1149 4604 tart.
