3126 5250
484 387 618 434 aucaoaa
640 387 698 430 uro.
722 387 906 470 ss‘nounar.
1241 372 1304 442 255

97 540 152 620 ipso
170 536 289 600 ridebis
311 538 388 600 hanc
409 537 524 600 tametsi
545 553 606 598 non
627 537 777 606 minimam
799 536 1038 602 enuuadictionis
1061 537 1200 616 speeiem.-
1231 537 1305 605 aaa

99 623 245 687 neodem
269 623 305 684 de
327 622 553 685 Resurrectioue
573 622 650 684 libro
672 641 706 686 aa
727 623 834 701 repetit
854 641 928 701 quae
953 622 1075 696 dixerat,
1096 623 1209 686 animas
1223 643 1306 688 nunc

97 711 225 790 torqueri
245 708 405 790 foverique
424 725 516 787 penes
539 709 666 786 inferos,
690 707 757 770 iicet
777 709 887 780 nudos,
912 707 980 770 licet
1001 707 1098 772 odino
1112 708 1217 772 canios
1234 728 1305 770 car-

94 799 131 854 ιιιι
155 793 255 867 (idem
284 792 335 854 lib.
366 792 403 854 de
431 793 598 856 Resurrect.
628 791 714 854 Cara.
742 809 805 870 cap.
830 795 901 868 ti).
953 791 1028 865 Ouia
1058 810 1128 855 vero
1151 811 1303 872 opponere

93 887 183 940 matra
222 877 341 956 quidam
373 885 511 955 poterant
541 877 610 938 inde
638 876 741 938 confici
763 895 853 955 posse
875 876 1000 940 animam
1024 875 1080 938 sibi
1102 876 1146 938 sic
1168 877 1304 944 sufficere

91 965 123 1026 ed
139 962 333 1042 {acuitatem
363 961 524 1040 sicutipse
545 961 685 1040 loquitur,
711 966 864 1041 passionis
887 975 917 1026 ot
937 981 1053 1033 senum,
1081 972 1117 1024 ut
1137 979 1200 1026 nen
1220 974 1303 1047 eqeat

90 1052 366 1128 repraesentatione
390 1052 500 1117 earnis,
523 1045 570 1107 his
591 1045 640 1108 ille
661 1046 823 1125 respondet
843 1045 969 1108 ibidem:
992 1046 1302 1126 imoeatenusechit,

88 1153 142 1196 son
162 1150 229 1214 qua
251 1137 364 1194 sentire
386 1132 456 1210 quid
476 1136 541 1192 sinc
563 1149 654 1193 carne
674 1150 736 1193 non
754 1135 863 1210 pessit,
886 1133 939 1194 sed
953 1149 1012 1212 quo
1026 1150 1145 1193 necesse
1159 1143 1204 1194 est
1218 1130 1303 1198 illum

88 1223 170 1280 otiosa
196 1236 265 1278 cum
288 1235 380 1278 carne
400 1219 521 1278 sentire.
568 1215 723 1288 Quantum
744 1221 822 1278 enim
843 1217 883 1278 ad
904 1217 1048 1296 aquidum
1070 1217 1105 1278 de
1132 1235 1187 1278 suo
1209 1217 1303 1298 ruffi·-

89 1307 130 1374 eit,
152 1311 278 1362 tantum
300 1301 339 1363 ad
357 1301 540 1380 patiendum.
586 1302 630 1362 Ad
651 1302 797 1380 apondnm
818 1304 896 1364 onim
918 1305 1017 1362 miuus
1041 1302 1075 1362 ds
1098 1319 1153 1362 suo
1176 1302 1302 1383 sufficit.

87 1385 177 1448 iioiet
200 1390 283 1446 enim
305 1387 339 1447 de
360 1403 415 1446 suo
438 1385 622 1448 solummodo
646 1390 784 1464 capitore,
813 1385 896 1456 ustie,
926 1403 1043 1464 cupere,
1066 1387 1234 1464 disponere,
1264 1388 1305 1450 ad

84 1471 303 1551 perficiendum
324 1481 422 1532 auten
444 1488 567 1550 operam
588 1475 689 1531 cornis
712 1478 857 1550 reportet.
884 1469 934 1532 Sic
956 1475 1055 1551 itaque
1077 1471 1116 1532 ad
1127 1473 1304 1549 potiendum
1366 1471 1367 1476 ’

88 1575 208 1635 operum
237 1559 340 1616 carnis
371 1555 558 1634 expostulat,
586 1566 621 1618 ιιι
649 1555 818 1635 templana
837 1573 895 1636 per
917 1559 1192 1635 eampotiporsit,
1216 1575 1303 1636 quom

87 1646 145 1702 sino
166 1659 205 1702 eo
225 1639 315 1719 pinse
337 1658 424 1717 apere
443 1657 507 1703 nen
526 1643 637 1720 potnit.
682 1639 719 1701 Et
741 1641 804 1702 s'oiso
827 1645 954 1719 inques
977 1641 1010 1700 de
1031 1659 1086 1702 suo
1102 1641 1228 1720 cuspidi,
1252 1660 1304 1704 so⁴

87 1743 151 1786 ruas
171 1729 298 1788 interim
322 1727 500 1786 senteutiam
518 1725 623 1804 pendit
648 1727 900 1804 concupiscentias
922 1734 953 1786 et
975 1728 1121 1803 captatus
1143 1737 1171 1786 et
1192 1725 1304 1788 uolun-

87 1816 166 1872 tatis.
212 1808 315 1871 Porro
337 1813 366 1870 si
386 1809 457 1870 icoc
478 1813 552 1870 satis
575 1821 672 1873 essent
693 1810 732 1870 ud
752 1808 968 1888 pieru'tudinem
980 1813 1169 1882 mentorum,
1191 1820 1227 1872 ut
1240 1829 1304 1876 non

86 1899 318 1975 requirerentur
340 1903 367 1954 et
389 1895 481 1972 facto,
504 1894 660 1974 sufficeret
680 1897 713 1956 in
734 1903 830 1956 totum
850 1899 951 1956 animo
972 1896 1011 1956 od
1022 1896 1239 1973 perfectionem
1253 1900 1303 1960 iu-

88 1979 165 2050 dicii,
194 1979 228 2040 da
257 1977 304 2040 dis
331 1978 501 2050 iudicanda,
529 1983 562 2040 in
594 1997 668 2058 quae
695 1980 809 2058 apenda
829 1978 897 2040 sota
919 1980 1089 2060 suffecerat.
1135 1980 1302 2044 Cumara

88 2069 174 2130 etiam
205 2063 291 2142 [octo
321 2063 457 2124 devincta
484 2067 546 2124 sint
575 2067 702 2134 auritis,
734 2064 818 2142 sacto
850 2074 950 2126 autern
973 2082 1031 2142 per
1059 2083 1180 2128 carnem
1206 2066 1304 2128 admi·

88 2153 267 2218 mittentur,
290 2151 349 2208 ium
371 2165 433 2208 non
455 2148 572 2228 suspicit
594 2152 723 2209 animam
744 2152 808 2210 sine
830 2166 920 2210 corne
952 2150 1056 2227 foveri
1087 2153 1149 2214 sive
1171 2153 1306 2215 cruciari

88 2251 141 2312 pro
164 2233 309 2313 operibus
333 2236 445 2303 carnis,
468 2237 526 2294 etsi
546 2232 633 2296 iudet
652 2234 793 2304 munira,
816 2234 1038 2314 quaeproinde
1058 2232 1190 2296 illinon
1210 2234 1303 2314 suffi-

93 2323 167 2382 ciunt
195 2317 237 2379 ad
264 2317 452 2378 sentiendum
469 2316 567 2396 piene,
597 2318 838 2398 quenadmodum
859 2336 912 2379 nec
934 2317 974 2380 ad
994 2317 1140 2396 spondam
1157 2319 1301 2397 perfecte.

97 2401 202 2464 idcirco
221 2419 285 2481 pro
309 2402 533 2481 quoquomodo
556 2407 622 2480 epit,
642 2419 701 2480 pro
724 2420 758 2464 eo
780 2415 809 2465 et
826 2407 948 2481 patitur
970 2403 1050 2480 opud
1064 2402 1191 2480 inseras,
1209 2407 1303 2482 prior

102 2487 248 2564 domitans
279 2487 429 2558 iudicium,
458 2489 536 2548 sicut
554 2492 646 2566 prior
667 2487 790 2548 induerit
810 2487 987 2559 admissum,
1022 2496 1182 2566 reportans
1205 2497 1303 2548 tamen

103 2579 127 2628 et
147 2590 267 2642 carnem,
292 2581 327 2631 ut
347 2589 406 2650 per
426 2567 512 2632 iliam
534 2576 622 2632 etiam
635 2572 718 2650 sucta
734 2583 910 2653 compenset,
936 2576 984 2632 cui
998 2575 1126 2649 coqr‘tota
1140 2572 1302 2632 mandauit.

102 2653 190 2716 Totam
210 2657 291 2717 hanc
312 2654 447 2716 Auctoris
469 2655 564 2716 nestri
586 2657 866 2732 argumentationem
883 2665 913 2716 et
926 2655 1163 2734 resposisionem,
1187 2656 1303 2716 tametsi

95 2740 171 2817 pauiu
192 2739 360 2819 longiorem
382 2740 632 2818 transcripsimus,
662 2739 896 2818 quandoquidem
919 2759 953 2800 ea
974 2758 1035 2801 non
1056 2747 1167 2800 tantum
1188 2759 1303 2819 propo-

94 2825 159 2886 sitae
189 2825 280 2888 nobis
303 2824 482 2886 difficultatis
504 2825 600 2886 nodus
622 2824 709 2904 plane
732 2824 864 2897 solvitur,
893 2823 1108 2886 sednonnutiu
1128 2843 1244 2903 quoque
1265 2824 1303 2886 de

92 2910 197 2972 animae
226 2917 332 2971 natura
360 2908 428 2970 inde
456 2917 609 2982 eruuntur,
637 2927 712 2987 quae
734 2909 799 2970 sine
821 2908 917 2988 aliqua
939 2907 1146 2970 observatione
1166 2917 1302 2988 praeter-

89 2995 226 3058 mittenda
247 3013 310 3056 non
330 3002 409 3056 eunt

168 3080 264 3141 Docet
283 3078 382 3157 itaque
405 3078 530 3140 animam
552 3076 659 3140 nudam
682 3097 716 3138 ac
737 3076 801 3139 sine
824 3077 959 3157 corporis
982 3077 1133 3140 consortio
1156 3077 1232 3156 apud
1253 3077 1302 3140 in-

87 3165 166 3226 tems
188 3182 291 3226 revera
314 3171 364 3224 aut
396 3163 527 3243 torqueri
557 3169 608 3224 aut
629 3162 732 3224 foveri.
776 3161 851 3234 Quia
873 3180 944 3222 vero
965 3161 1034 3224 hinc
1055 3161 1143 3224 obiici
1165 3161 1223 3241 ipsi
1244 3180 1302 3240 po·

89 3258 162 3310 terat
183 3268 247 3310 eam
272 3266 333 3308 non
356 3267 424 3309 esse
446 3247 638 3312 substantiam
661 3265 741 3308 mere
764 3246 937 3326 spiritalem,
971 3247 1023 3308 sed
1046 3265 1219 3326 corpoream
1242 3255 1303 3323 aut,

87 3343 117 3394 ut
140 3335 204 3414 ipse
226 3333 277 3406 ait,
301 3333 523 3412 corpulentiam
540 3337 710 3413 propriam,
733 3331 827 3395 noluit
841 3332 926 3405 hanc,
948 3349 1022 3411 quae
1038 3331 1211 3394 difficilioris
1228 3351 1302 3412 ope-

88 3437 138 3480 rae
160 3427 232 3493 erat,
256 3426 393 3481 excutere
415 3417 628 3496 quaestionem,
651 3435 688 3478 ne
710 3416 819 3478 diutius
842 3434 859 3478 a
880 3417 1035 3496 proposita
1058 3417 1217 3480 aberraret.
1251 3416 1303 3478 ln·
1409 3447 1416 3462 =

88 3503 173 3564 terim
195 3503 343 3575 concedit,
366 3521 422 3564 nec
444 3511 540 3564 nmen
563 3504 678 3574 fatetur,
700 3501 818 3581 aliquod
841 3521 907 3564 esso
929 3502 1042 3564 animae
1064 3521 1172 3581 comus
1188 3509 1218 3562 et
1230 3519 1304 3580 pro·

88 3587 152 3666 pria
172 3587 313 3666 quaedam
336 3587 453 3664 generis
475 3587 521 3648 sui
545 3585 684 3648 membra.
726 3587 762 3648 Αι
783 3586 980 3648 disertissime
1002 3593 1151 3648 assereret
1164 3585 1305 3664 propriae

90 3689 157 3732 esse
182 3672 296 3734 animae
331 3680 413 3734 actua
441 3691 457 3734 a
479 3689 604 3751 corpore
626 3671 745 3733 minime
767 3671 977 3751 dependentes,
1006 3671 1107 3750 quales
1129 3676 1199 3730 sunt
1220 3669 1303 3744 eogi-

90 3765 176 3830 tstus,
198 3757 364 3818 voluntates
387 3764 417 3817 et
436 3755 700 3836 concupiscentiae.
743 3755 780 3816 Hi
803 3762 901 3816 autem
923 3767 1016 3827 amus,
1039 3763 1071 3816 ut
1092 3753 1121 3816 id
1144 3752 1240 3814 obiter
1255 3751 1303 3812 di-

90 3857 199 3916 camus,
220 3843 247 3904 ai
270 3841 392 3904 omniuo
414 3839 581 3920 spirituales
603 3847 682 3908 sunt,
717 3839 811 3918 ipsam
832 3838 924 3902 multo
946 3841 1038 3917 magis
1061 3837 1187 3900 animam
1211 3834 1303 3914 apiri-

90 3925 195 3988 tuaiem
217 3945 285 3988 esse
307 3945 415 4004 usqam
437 3944 498 3988 nou
518 3933 644 4004 poterat.

173 4009 271 4072 Salius
294 4029 385 4090 porro
408 4010 521 4072 animae
542 4027 609 4074 cum
631 4009 661 4070 hi
684 4007 744 4070 sint
764 4015 855 4080 aona,
878 4007 1023 4070 habaida
1045 4023 1101 4068 suo
1122 4021 1182 4066 non
1206 4001 1306 4066 solum

91 4093 169 4171 quoti
195 4105 262 4174 agat
282 4105 313 4159 et
334 4095 472 4175 patiatur,
501 4094 553 4158 aad
575 4113 634 4173 quo
657 4091 753 4172 possit
773 4101 823 4154 aut
843 4092 1006 4170 praemium
1028 4088 1136 4150 mareri
1157 4096 1206 4150 aut
1227 4107 1303 4167 poe-

91 4196 168 4243 nam
200 4180 333 4258 Corpore
355 4179 442 4258 igitur
464 4179 561 4242 soluta
582 4186 682 4256 potest
703 4185 733 4240 et
754 4176 842 4238 dehet
863 4195 918 4256 pro
939 4173 1053 4238 meritis
1074 4182 1124 4236 aut
1144 4192 1239 4252 poena
1253 4181 1311 4239 aut·

93 4263 220 4340 montio
243 4263 329 4328 ama.
373 4263 520 4337 Quamdiu
541 4263 691 4326 enimvero
713 4261 832 4340 comari
853 4261 978 4326 admota
1000 4267 1055 4330 on,
1084 4258 1165 4338 prior
1186 4275 1306 4338 semper

93 4357 147 4408 aut
174 4357 273 4426 peccat
304 4356 354 4412 aut
385 4356 523 4412 moretur.
578 4348 805 4414 Postuertam
831 4345 921 4424 igitur
947 4342 1054 4407 debitis
1081 4342 1241 4424 suppliciis,
1255 4351 1305 4410 aut

93 4433 231 4508 wamiis
260 4432 323 4496 sois
351 4443 382 4496 et
407 4443 475 4500 ante
502 4431 635 4513 corporis
657 4431 785 4494 reditum
816 4430 958 4494 afficiatur
985 4447 1108 4492 necesso
1129 4436 1184 4492 ost
1227 4427 1303 4491 Per·

95 4531 215 4584 anisum
252 4518 350 4597 itaqua
382 4516 579 4582 Tertullianus
606 4516 708 4581 habuit
733 4516 859 4578 animam
892 4513 987 4593 ruptis
1016 4514 1151 4593 corporis
1181 4512 1314 4580 vinealia

96 4599 166 4676 pati,
187 4603 326 4682 torqueri,
349 4603 481 4672 cruciari.
526 4603 634 4666 Verum
661 4601 728 4682 quia
750 4601 839 4662 etiam
859 4599 889 4662 in
912 4599 966 4660 hac
987 4599 1045 4660 vita
1067 4616 1123 4661 auo
1146 4617 1213 4666 cum
1234 4615 1304 4664 cor-
