3114 5240
250 309 292 375 78
313 327 445 371 nissum.
460 327 498 370 u!
513 327 655 372 rattruut.
670 327 737 370 vinu
750 327 789 370 ΕΤ
805 327 935 372 acutulus
949 327 1083 372 AUCTORE
1099 327 1195 372 nanno
1210 327 1341 371 ΛΜΗ.
1352 327 1419 371 M.

250 477 404 540 tullianum
425 486 573 542 auctorem
595 486 750 559 agnoscat,
777 479 893 541 videtur
912 487 1010 541 tomen
1032 486 1100 540 ante
1124 477 1308 541 Constantini
1330 487 1466 559 tempora

251 563 404 643 scriptum,
425 563 539 642 vigente
561 563 656 626 adhuc
672 563 839 626 idololatria
861 571 892 626 ct
912 563 1108 644 principatum
1130 562 1290 626 obtinente.
1485 623 1491 634 ,

282 655 285 662 ’
334 647 373 710 Ut
393 647 518 710 Salviani
546 667 613 710 esse
635 667 753 710 carmen
774 649 854 728 quod
876 647 999 710 Genesis
1023 647 1138 722 dicitur,
1161 663 1251 728 supra
1272 647 1466 723 couiecimus,

250 731 295 794 sic
325 732 412 794 ctiam
438 751 498 794 non
519 732 627 796 inituia
658 734 754 796 eidem
775 733 912 795 Saluiam
933 741 1037 813 posset
1056 732 1178 795 alterum
1199 732 1282 806 illud,
1303 733 1382 812 quod
1404 733 1467 796 So-

251 816 338 879 doma
358 817 539 892 inscribitur,
560 817 710 880 vindicari.
740 817 801 880 Nec
821 836 892 880 sanc
913 835 1119 898 repugnarem,
1141 817 1172 879 ni
1193 817 1285 898 stylus
1308 825 1389 880 esset
1409 817 1467 879 oli·

250 910 359 980 quanto
381 901 523 977 lloridicr,
545 921 633 982 quam
654 921 712 982 quo
734 903 875 982 scriptum
898 911 944 966 est
965 921 1083 964 carmen
1099 902 1136 964 de
1152 903 1277 976 Genesi3
1299 921 1467 982 quanquam

250 987 352 1048 forsan
372 1005 433 1048 nou
453 995 566 1049 uotum
587 987 745 1050 discrimen
766 987 902 1062 intersit,
924 986 995 1068 quiu
1017 997 1173 1068 utrumque
1194 987 1231 1050 ab
1254 987 1362 1049 eodem
1384 989 1467 1052 icutc

250 1071 342 1132 lluere
362 1071 501 1150 potuerit
1339 1103 1343 1112 ,

335 1155 474 1218 Ultimum
502 1163 547 1218 est
576 1174 692 1218 carmen
719 1157 755 1218 de
775 1157 848 1218 lona
869 1165 898 1218 et
918 1156 1042 1231 Ninive,
1073 1156 1152 1237 quod
1185 1155 1262 1218 solet
1284 1154 1465 1218 Tertulliano

251 1240 351 1315 tribui,
374 1248 403 1302 et
422 1239 547 1302 hahetur
567 1241 599 1302 iu
617 1241 797 1304 Bibliotheca
818 1241 937 1304 Petrum
959 1261 994 1304 cx
1017 1241 1118 1304 codice
1138 1241 1338 1320 manuscripto
1349 1241 1467 1303 Pitheci

251 1325 388 1388 alureto
410 1325 520 1388 editum
550 1345 585 1388 ac
605 1326 685 1390 nutis
707 1326 894 1390 illushatnm.
935 1318 1002 1388 Non
1024 1345 1093 1388 esse
1114 1325 1295 1400 Tertulliani,
1318 1334 1364 1387 est
1386 1335 1467 1388 certo

252 1410 371 1472 certius.
401 1409 511 1472 Tamen
533 1411 665 1490 quisquis
687 1419 743 1486 est,
766 1411 902 1491 antiquus
923 1419 1026 1473 auctor
1047 1419 1102 1483 est,
1124 1429 1211 1490 quem
1232 1410 1313 1472 dicas
1336 1409 1467 1473 imitatos

250 1494 442 1557 Prudentium
464 1495 494 1556 in
517 1494 631 1574 Hymuo
654 1500 682 1560 7.
706 1495 942 1570 Cathemerinon,
966 1503 995 1559 et
1016 1495 1170 1560 Paulinum
1185 1495 1329 1557 Nolanum
1345 1493 1477 1575 episcc-‘

249 1598 321 1660 pum
342 1579 373 1640 iu
388 1578 524 1640 Carmine
546 1581 581 1642 ad
596 1580 774 1660 cytherium,
797 1581 855 1644 uisi
878 1589 980 1643 contra
1001 1581 1100 1642 dicere
1121 1579 1206 1642 malis
1229 1599 1296 1644 eum
1314 1579 1465 1642 Prudentii

251 1671 282 1724 et
301 1663 415 1726 Paulini
441 1663 538 1742 magni
566 1665 693 1727 nominis
722 1671 876 1746 poetarum
893 1665 997 1742 ,luisse
1018 1666 1206 1740 imitatorem.
1251 1664 1338 1726 Certe
1356 1663 1465 1728 iudicet

250 1747 366 1827 aliquis,
387 1747 559 1810 admodem
574 1757 731 1824 auctorem,
753 1751 803 1830 qui
818 1751 948 1812 Sodoma
969 1751 1097 1830 scripsit,
1119 1769 1186 1812 csse
1207 1749 1393 1812 referendum
1407 1749 1467 1810 hoc

251 1850 379 1906 carmen,
402 1831 427 1894 si
450 1851 485 1893 cx
506 1833 582 1894 serie
603 1833 687 1896 uss,
709 1835 843 1899 codicum
865 1835 960 1914 possit
980 1844 1045 1897 tuto
1060 1835 1168 1914 aliquid
1183 1833 1295 1914 colligi:
1318 1833 1468 1896 luiteuim

250 1917 282 1978 in
304 1917 409 1978 ecdem
429 1916 544 1979 Pithoei
566 1918 667 1980 codice
687 1917 747 1980 llS.
769 1939 828 1998 quo
850 1919 1012 1981 habebatur
1034 1919 1180 1992 Sodoma,
1202 1928 1235 1981 ut
1256 1919 1314 1981 ianr
1335 1937 1397 1980 non
1420 1919 1468 1980 di-

251 2019 314 2064 cam
342 2020 458 2064 carmen
487 2001 523 2064 de
543 2001 646 2066 Ninive
667 2021 756 2082 posse
783 2003 874 2065 videri
897 2003 1035 2066 carminis
1056 2003 1093 2066 de
1115 2004 1244 2066 Sodoma
1266 2003 1469 2066 continuatio·

250 2103 329 2148 nem.
359 2087 466 2149 Verum
488 2087 524 2148 ab
547 2087 712 2148 istiusmodi
735 2087 921 2162 coniecturis,
943 2088 1102 2169 inquibus
1126 2100 1185 2151 tum
1208 2089 1308 2151 lallere
1329 2097 1393 2150 tum
1410 2089 1471 2150 ialli

217 2213 220 2224 ·
251 2189 344 2250 aeque
366 2171 450 2233 facilc
471 2178 526 2244 est,
548 2180 711 2251 temperare
733 2173 819 2247 melo,
842 2191 929 2252 quam
951 2173 1006 2248 eis,
1028 2175 1106 2254 quod
1128 2173 1295 2236 criticorum
1318 2173 1399 2254 genti
1414 2193 1470 2236 sc-

250 2253 347 2318 lemue
369 2265 416 2322 est
436 2255 550 2333 vitium,
571 2256 659 2318 nimis
681 2257 841 2338 indulgere.
