3132 5238
250 341 292 406 58
430 367 439 378 ’
467 359 657 405 ntssuurarto
680 361 717 404 DS
740 361 934 406 rsnrutcttut
955 361 1021 404 VITA
1043 361 1080 404 ET
1104 359 1234 404 scutrrls

249 522 378 584 nostor,
401 511 469 574 inde
491 516 670 574 tentationes
693 516 883 583 emittantur,
926 511 1011 574 Dicas
1027 511 1237 574 Tertullitnum
1258 510 1295 574 ad
1316 520 1380 574 acta
1391 512 1475 574 Pera

250 605 355 672 petuae
378 605 427 658 aut
447 596 484 660 ad
505 595 611 659 similia
632 605 791 680 martyrum
814 597 1009 658 cruciamenta
1031 597 1206 676 respexisse.

336 683 465 762 idipsum
494 681 589 742 adbuc
605 680 710 744 danus
732 681 860 760 colligas,
884 682 909 743 si
932 682 968 743 ad
989 680 1095 742 librum
1119 682 1155 742 de
1176 680 1343 742 idololatria
1365 682 1469 744 ooarlos

251 776 413 830 convertas.
458 766 571 827 Etenim
603 783 665 828 non
687 766 811 828 obscure
832 766 967 828 allusisse
988 766 1200 827 Tertullianum
1221 765 1332 828 iudices
1354 767 1390 826 ad
1412 785 1468 828 so-

236 852 429 915 lemnitatem
450 851 554 912 natalis
570 850 668 924 Getae,
691 853 721 913 in
744 868 801 930 quo
823 851 960 914 lucernae
975 850 1140 930 Carthagini
1151 869 1301 921 accensae,
1324 869 1385 912 noo
1399 851 1469 913 siue

251 936 432 1000 idololatriac
453 935 600 1015 periculo,
635 945 667 998 ut
688 944 770 997 notat
791 955 853 1015 cap.
879 940 928 1000 15.
972 937 1014 996 Ac
1035 955 1131 1009 nunc,
1160 934 1270 1015 inquit,
1295 935 1395 998 locent
1416 947 1468 1000 to-

250 1025 360 1085 dernoe
382 1033 411 1084 tt
432 1025 541 1082 ianuae
562 1032 703 1083 nostroe:
723 1020 831 1102 plures
850 1026 909 1082 iom
930 1023 1062 1084 iacentes
1085 1020 1272 1084 ethnicorum
1292 1020 1379 1097 sores
1401 1025 1469 1084 sine
1555 1081 1556 1092 ,

249 1107 382 1170 lucernis
413 1117 441 1167 et
470 1105 599 1177 laureis,
633 1125 720 1186 quom
755 1106 1008 1177 Christianorum.
1052 1105 1131 1166 llaec
1157 1122 1246 1185 porro
1276 1104 1312 1165 ad
1340 1103 1468 1166 natalem
1555 1109 1556 1120 ¹

250 1191 339 1253 Gitae
354 1190 486 1252 Caesaris
509 1189 636 1252 alludere
658 1190 852 1270 significatio
875 1188 1076 1269 sequentibus,
1098 1190 1149 1251 ubi
1171 1189 1246 1252 banc
1267 1188 1385 1250 solvens
1408 1191 1473 1256 ob-.

248 1276 420 1337 lectionem:
458 1275 621 1351 Reddenda,
638 1285 710 1337 sunt
734 1276 871 1338 Caesaris
894 1293 968 1357 quoe
989 1287 1077 1346 sunt,
1102 1275 1234 1344 Caesari,
1256 1273 1351 1334 addit:
1386 1274 1468 1336 Bene

249 1363 328 1442 qnod
349 1365 500 1441 opposuit,
523 1359 563 1421 lit
584 1377 657 1440 quoe
679 1370 752 1422 sunt
775 1359 838 1432 uer,
861 1360 935 1430 Deo,
958 1367 1011 1420 etc
1042 1359 1091 1421 Sic
1112 1375 1175 1437 cap.
1193 1361 1244 1423 23.
1267 1359 1340 1421 baec'
1361 1358 1467 1420 habet:
1555 1427 1556 1440 χ

215 1501 218 1507 ,
253 1443 360 1508 Volrrnt
381 1443 492 1506 scilicet
515 1456 630 1526 tempos
649 1448 880 1526 personalitatis,
906 1455 934 1506 et
952 1444 1050 1507 lorsam
1065 1443 1236 1514 tribunalis,
1258 1454 1288 1507 et
1301 1461 1469 1523 personam
1555 1443 1556 1461 ¹

246 1531 409 1610 praesidis.
441 1530 524 1603 Quae
545 1548 605 1590 non
628 1530 753 1591 obscure
775 1528 986 1590 Tertullianum
1008 1528 1089 1589 illum
1111 1529 1148 1590 de
1169 1527 1337 1590 ldololatria
1357 1528 1468 1590 librum

250 1632 285 1674 eo
307 1613 463 1692 scripsisse
483 1614 550 1676 loco
573 1623 714 1693 arguunt,
743 1633 800 1692 quo
822 1614 991 1693 praesides,
1014 1613 1163 1693 praecipui
1183 1620 1246 1675 tum
1268 1613 1465 1691 magistratus,

248 1697 407 1759 Ecclesiam
429 1699 689 1779 persequebantur.
734 1698 807 1771 Quis
835 1707 931 1760 autem
960 1696 1054 1759 nescit
1081 1698 1233 1777 praesides
1255 1697 1349 1758 dictos
1369 1697 1465 1758 luisse

248 1783 434 1861 magistratus
456 1783 504 1863 qui
525 1783 620 1844 varias
641 1784 754 1844 biricae
775 1783 940 1862 provincias
963 1782 1220 1855 administrabant,
1242 1791 1275 1843 ut
1295 1800 1463 1860 proconsu-
1555 1785 1556 1810 ¹

248 1867 316 1939 lem,
345 1866 395 1996 qpi
415 1868 540 1929 Africam
557 1868 678 1948 proprie
699 1869 743 1930 sic
764 1867 870 1929 dictam
892 1875 922 1928 et
943 1868 1025 1929 cuius
1047 1867 1190 1947 Carthago
1213 1867 1269 1928 luit
1289 1877 1383 1946 caput,
1405 1866 1465 1928 ob-

247 1951 376 2012 tinehat.

331 2035 425 2098 Porro
448 2045 604 2114 utrumque
626 2036 733 2097 librum
755 2035 963 2098 aTertulliano
986 2037 1043 2098 iam
1064 2035 1242 2098 blontanista
1264 2035 1467 2114 conscriptum

247 2120 351 2193 luisse,
373 2120 440 2183 licet
461 2121 533 2183 nibil
555 2122 711 2182 admodum
733 2121 854 2199 probet,
878 2130 974 2182 tamen
997 2122 1028 2183 id
1049 2121 1121 2183 milri
1143 2121 1247 2182 videor
1268 2120 1407 2198 colligere
1428 2139 1468 2183 ex
1555 2199 1556 2206 ἵ

248 2205 285 2267 iis
308 2223 381 2285 quae
403 2207 491 2268 babet
511 2206 578 2266 libri
601 2206 636 2266 de
659 2205 837 2283 Spectaculis
860 2224 922 2285 cap.
946 2209 996 2270 29.
1044 2207 1137 2280 Quor,
1160 2206 1265 2285 iuquit,
1286 2209 1386 2266 maior
1408 2223 1469 2270 oa·
1555 2211 1556 2220 ’

248 2291 366 2370 loptos,
394 2310 481 2373 arram
508 2292 667 2370 festidium
688 2293 784 2370 ipsius
806 2289 998 2372 uoluptatis?
1020 2335 1028 2355 .
1052 2337 1060 2350 .
1083 2292 1162 2372 qnod
1184 2291 1280 2353 colcos
1306 2289 1382 2352 ileos
1407 2309 1468 2352 co·
1555 2357 1556 2364 χ

246 2378 377 2448 tionum,
400 2377 478 2457 qood
500 2377 654 2438 domanio
676 2374 816 2454 repellis,
839 2375 919 2457 qnod
940 2376 1101 2438 medicinae
1124 2377 1219 2454 (ocis,
1242 2376 1320 2457 qood
1342 2375 1468 2437 reoelo-

246 2465 342 2524 tiones
364 2466 457 2541 petis,
481 2461 559 2541 qood
579 2461 642 2523 lieo
664 2458 766 2522 uinis?

179 2536 182 2551 ¹
331 2545 415 2606 Haud
437 2563 483 2606 me
505 2545 574 2606 latet
596 2545 625 2606 in
648 2545 720 2606 actis
742 2543 902 2622 Perpetuae
924 2544 960 2606 ab
983 2513 1136 2605 liolsteuio
1159 2560 1254 2622 nuper
1269 2543 1366 2616 editis,
1388 2543 1465 2606 Per-

246 2637 364 2708 petuam
386 2629 482 2690 induci
506 2629 672 2690 huiusmodi
694 2629 887 2690 revelationes
903 2629 934 2690 in
949 2629 1043 2690 ultimi
1060 2637 1140 2690 actus
1162 2628 1290 2689 conlinio
1304 2637 1465 2707 petentem.

248 2713 354 2776 Verum
382 2713 426 2776 vel
454 2715 526 2775 haec
547 2714 757 2776 revelationum
780 2713 881 2792 petitio
904 2713 976 2796 mibi
999 2714 1170 2776 nonnullum
1193 2713 1261 2775 lacit
1282 2715 1465 2793 scrupulum,

245 2817 283 2860 ne
317 2800 380 2878 ipsa
404 2799 549 2878 Perpetua
581 2817 646 2861 oum
675 2798 871 2871 Tertulliano,
906 2799 956 2878 qui
991 2817 1055 2860 eam
1087 2797 1155 2860 alibi
1189 2797 1323 2877 impenso
1355 2800 1466 2874 laudat,
1555 2809 1556 2836 ¹

245 2885 476 3048 fecem(tiuicquid
499 2968 547 3042 sit,
570 2933 660 3028 nolim
684 2967 762 3028 enim
784 2967 820 3027 de
842 2987 877 3028 eo
900 2967 1005 3028 acriter
1019 2985 1085 3029 cum
1108 2985 1255 3046 quoquam
1271 2967 1462 3042 contendere,

244 3072 311 3116 cum
333 3054 401 3114 libri
423 3053 445 3114 l.
469 3053 505 3113 de
521 3052 605 3114 Cultu
621 3051 824 3113 Foemiuarum
846 3069 908 3131 cap.
922 3057 950 3117 7.
973 3052 1142 3113 meminerit
1162 3052 1229 3114 libri
1250 3055 1287 3116 de
1302 3053 1463 3131 Spectacu-

243 3139 281 3199 lis
302 3138 384 3215 prius
407 3155 423 3197 a
445 3155 478 3197 se
506 3137 592 3208 editi,
622 3137 696 3197 bene
718 3136 861 3198 Panrelius
884 3137 1033 3215 assignare
1053 3136 1168 3198 ridetur
1188 3138 1295 3200 horum
1318 3138 1354 3199 de
1375 3135 1463 3198 Cultu

245 3222 450 3282 Toeminarum
472 3221 651 3282 voluminum
675 3221 832 3282 editionem
855 3239 939 3282 auno·
955 3221 1051 3282 eidem
1066 3221 1159 3283 ClllV.
1183 3224 1218 3284 ad
1241 3223 1329 3284 tinem
1351 3221 1466 3284 scilicet
1555 3251 1556 3256 ¹

244 3305 385 3384 vergenti.
429 3303 490 3365 Nec
517 3305 594 3366 enim
623 3305 783 3367 audiendus
813 3313 858 3366 est
879 3305 1022 3384 Georgius
1044 3305 1268 3381 Ambianensis;
1301 3307 1351 3386 qui
1373 3305 1464 3368 veluti
1555 3357 1556 3360 ,

244 3389 346 3463 libros,
370 3407 443 3468 quos
461 3389 568 3468 “grandi
591 3390 723 3452 oneravit
744 3390 964 3463 commentario,
991 3390 1262 3468 nequidemsemel
1284 3400 1395 3454 attente
1417 3392 1464 3454 le·

244 3475 352 3554 gisset,
374 3472 434 3535 vult
455 3473 547 3535 libros
569 3474 606 3536 dc
621 3473 708 3536 Cultu
722 3474 926 3536 Toeminarum
941 3474 1052 3536 llomae
1074 3476 1169 3537 editos
1191 3486 1345 3556 antepram
1368 3476 1464 3540 libros

243 3560 281 3621 de
303 3557 481 3638 Spectaculis
503 3566 532 3620 et
554 3550 590 3620 de
612 3559 777 3621 idololatria
798 3547 980 3638 scripsisset,
998 3577 1072 3639 quos
1092 3560 1171 3622 inter
1192 3562 1312 3624 ultimos
1334 3561 1464 3641 scriptos

242 3645 408 3706 arbitratur.
862 3699 864 3703 ,

318 3729 390 3792 ’Hoc
412 3728 477 3807 ipso
500 3734 633 3807 tempore
655 3746 721 3790 cum
744 3728 838 3790 editos
859 3728 929 3790 velit
949 3728 1040 3797 libros
1063 3730 1136 3791 duos
1158 3731 1194 3792 ad
1209 3729 1336 3792 Uxorem
1352 3729 1461 3793 Parne-

240 3814 315 3888 lius,
347 3832 394 3875 me
425 3813 640 3893 propemodum
673 3812 703 3872 in
736 3831 890 3874 assensum
922 3813 1025 3886 trabit,
1056 3821 1118 3875 tum
1145 3815 1224 3894 quod
1245 3822 1326 3895 patet
1355 3815 1464 3878 iisdem

240 3917 388 3978 pugnasse
416 3897 596 3978 argumentis
623 3896 830 3958 Tertullianum
863 3898 893 3958 in
919 3897 996 3960 libro
1018 3898 1054 3959 de
1075 3898 1286 3960 Exhortatione
1309 3897 1462 3963 Castitatis

243 3985 383 4044 adversus
406 3983 631 4062 monogamiam,
653 3999 727 4060 quae
748 3982 806 4042 iam
823 3982 997 4043 blontanista
1019 3982 1152 4045 adhibuit
1172 3984 1209 4045 ad
1231 4001 1315 4046 suum
1337 3993 1462 4048 senten-

242 4066 311 4127 tiam
335 4066 474 4129 adversus
490 4065 656 4130 catholicos
675 4066 895 4140 vindicandam,
916 4075 978 4129 tum
1000 4067 1080 4144 qnod
1101 4068 1216 4132 videtur
1236 4068 1346 4148 passim
1368 4068 1407 4130 iis
1430 4071 1462 4131 in
1533 4139 1538 4146 ‚

242 4149 326 4211 libris
348 4150 384 4210 ad
405 4153 639 4229 persecutionem
660 4158 723 4212 tom
744 4153 904 4212 terrentem
927 4151 1070 4225 alludere,
1093 4159 1156 4214 tum
1178 4153 1305 4232 denique
1326 4153 1408 4233 quod
1431 4154 1461 4218 id

241 4234 367 4296 inuuere
388 4235 502 4297 ridetur
523 4237 553 4298 in
575 4233 731 4298 vetedbus·
745 4235 828 4298 libris
851 4253 922 4297 mss.
945 4235 1053 4297 iamdiu
1075 4246 1209 4300 serratus
1225 4237 1310 4298 ordo.
1341 4238 1461 4302 Scilicet

241 4335 301 4380 non
324 4318 413 4380 modo
435 4319 465 4380 in
487 4320 523 4381 iis
536 4319 695 4394 codicibus,
718 4319 915 4399 quosviderat
929 4320 1119 4397 Trithemius,
1141 4322 1207 4384 libri
1218 4321 1254 4383 ll.
1277 4322 1314 4383 ad
1328 4322 1460 4386 Uxorem

240 4411 404 4483 sequuntur
419 4403 533 4466 'librum
555 4407 591 4468 de
606 4405 713 4467 llabitu
728 4405 882 4466 Mulierum
904 4413 933 4466 et
952 4405 1060 4466 librum
1082 4407 1119 4468 de
1134 4407 1219 4470 Gerltu
1236 4405 1460 4483 Toeminarum,

241 4489 296 4552 sed
317 4489 347 4550 in
368 4487 630 4569 tpsolgohardino
653 4490 769 4564 codice,
792 4491 841 4570 qui
863 4487 894 4552 iri
915 4489 1091 4553 bibliotheca
1112 4492 1191 4573 regia
1212 4499 1355 4566 servatur,
1379 4493 1462 4557 idem

241 4573 344 4637 videre
365 4581 420 4637 est.
