3122 5250
266 349 333 414 330
365 365 556 410 urssnsmrso
570 365 601 408 in
617 365 764 416 omenes.
779 367 865 410 anon.
881 365 1077 410 mansuum
1090 364 1310 410 manoasrmnu
1324 363 1401 408 carr.

266 533 358 596 qaam
382 519 494 595 passio,
521 524 557 577 ut
582 520 649 597 pais
679 533 780 578 earam
810 517 979 579 amatus
1007 515 1190 598 confiteatur·
1209 527 1240 579 et
1258 518 1393 594 sarem
1411 531 1458 576 suo

270 601 443 680 baptizetur
464 600 556 672 (Idem
578 599 672 679 Epist.
689 603 738 665 73.
761 601 797 662 ad
818 599 881 662 luh-
902 619 932 680 ι).
949 599 1057 677 idid?
1088 601 1197 662 Eadem
1217 599 1264 661 ille
1284 599 1348 660 ahhi
1367 598 1460 678 repetit
1540 641 1541 684 ,

266 684 363 760 (Idem
383 684 485 763 Epist,
500 688 552 748 55.
574 702 603 763 p.
629 687 698 749 109.
720 684 771 746 lih.
793 685 830 746 de
853 685 934 746 Orat
956 685 1095 763 Damio.),
1118 705 1193 766 qima
1214 683 1458 761 oonlirmathugu·

267 769 366 832 stinus
395 771 528 848 (August.
549 768 599 830 lib.
623 769 699 831 Xlll.
721 770 758 830 de
780 769 864 831 Civit.
885 768 938 831 Dei
959 788 1022 851 cap.
1045 773 1098 846 7.),
1126 770 1176 832 uhi
1202 769 1288 832 variis
1310 768 1458 849 salpinae

186 897 193 912 .
268 852 375 916 Samae
396 854 494 916 verbis
515 853 646 915 ostendit
666 862 778 916 tantum
799 853 1095 934 valeromirtyrium,
1117 862 1257 934 quasnam
1272 851 1374 933 siquis
1387 869 1460 914 saoro
1540 859 1541 862 ’

266 937 452 1018 baptismatis
474 939 556 1000 lanta
578 935 753 1001 ablueretur.
796 938 840 999 lhi
862 957 932 999 vero
954 939 1066 1002 adiicit:
1106 940 1188 1013 Quid
1208 944 1286 1002 aem
1312 939 1459 1018 pretiosius

267 1042 356 1104 quasa
375 1041 470 1097 mors,
495 1041 553 1104 per
573 1042 662 1104 quam
682 1025 727 1105 fit,
755 1033 792 1086 at
812 1035 841 1086 et
862 1023 970 1104 delicta
990 1029 1091 1088 omnia
1113 1025 1303 1086 malassar
1323 1035 1351 1086 et
1368 1025 1461 1083 menta
1540 1093 1541 1104 χ

265 1109 448 1171 tumulatius
470 1106 668 1188 augeanturii
708 1107 880 1172 Ambrosius
901 1117 998 1170 autem
1026 1108 1161 1189 pressius
1184 1107 1352 1169 Tertulliani
1377 1103 1462 1166 nostri

266 1193 390 1272 vestigia
417 1199 536 1255 sanatus
564 1200 624 1254 est:
661 1191 730 1255 Nora
757 1211 860 1264 unare
888 1193 991 1273 inquit,
1021 1207 1067 1258 est
1087 1191 1260 1274 baptisma?
1305 1191 1396 1254 Ursae
1423 1199 1463 1250 at

266 1279 345 1360 qaod
367 1279 412 1340 hio
433 1279 529 1340 tradit
549 1277 682 1340 Ecclesia
699 1295 759 1358 per
779 1296 886 1358 apuam
907 1289 936 1340 et
960 1277 1108 1359 Spiritum
1128 1289 1276 1354 sorahan,
1299 1279 1332 1340 da
1353 1293 1405 1357 pao
1425 1275 1463 1334 a·-

267 1366 309 1424 ait
328 1363 476 1426 Dominus
499 1361 601 1424 lesus:
636 1362 814 1443 „Baptiaasa
842 1362 933 1424 haheo
960 1363 1114 1443 baptizari
1143 1365 1222 1445 guod
1253 1381 1307 1425 aas
1328 1361 1463 1424 nostran

272 1445 376 1529 Utique
397 1452 457 1509 iam
478 1447 705 1528 baptizationis
726 1447 857 1509 Iordane
877 1448 992 1526 fuerat,
1025 1451 1105 1511 siaa
1123 1453 1289 1528 superiora
1310 1445 1463 1508 declarant:
1540 1487 1541 1494 .

266 1532 320 1594 sad
340 1537 380 1594 sit
402 1532 457 1594 hoo
479 1533 657 1612 baptismam
675 1536 838 1612 passionis,
861 1550 918 1612 quo
941 1537 1030 1596 etiam
1044 1537 1189 1611 sarepraiae
1203 1551 1260 1595 suo
1278 1533 1464 1610 unusquisque
1540 1559 1541 1562 ¹

132 1679 135 1686 ,
265 1618 431 1679 mundatur
461 1616 610 1689 (Ambros.
633 1615 766 1695 Exposit.
788 1615 818 1677 in
840 1616 948 1678 Psalm.
970 1616 1092 1678 cxvnt.
1116 1617 1211 1678 Serm.
1235 1618 1265 1681 3.
1289 1619 1319 1694 §-
1344 1619 1390 1678 ll.
1408 1629 1464 1691 pag.
1540 1671 1541 1674 ,

264 1703 361 1777 997.).
405 1700 463 1762 Sed
485 1700 521 1761 de
543 1701 590 1762 his
611 1701 696 1781 plura
717 1699 794 1779 apud
816 1701 971 1781 theologos
993 1701 1186 1763 scholasticos
1208 1701 1265 1780 legi
1287 1707 1409 1780 possunt
1427 1695 1464 1770 (lu
1540 1695 1541 1718 ¹

264 1783 314 1846 lih.
337 1784 632 1847 lv.Sentsnt.1tist
655 1789 685 1849 4.
708 1791 738 1846 et
758 1785 789 1846 in
810 1785 921 1847 Summ.
945 1786 976 1847 S.
999 1786 1105 1848 Thom.
1127 1787 1205 1847 Part.
1221 1787 1272 1847 111.
1296 1785 1410 1858 Quaast
1421 1782 1464 1844 66.
1540 1781 1541 1846 ζ

347 1953 528 2014 Persuasum
554 1953 643 2032 igitur
664 1952 837 2014 Christianis
851 1962 853 1972 ⁴
866 1953 984 2033 penitus
1013 1962 1076 2016 erat
1103 1973 1254 2035 nunquam
1283 1953 1419 2016 maiorem
1438 1967 1466 2010 se

265 2038 302 2100 de
324 2037 528 2112 daemonibus,
549 2046 685 2100 aeternae
701 2057 773 2100 suso
786 2038 889 2100 salutis
906 2038 1055 2112 osoribus,
1078 2040 1261 2118 triumphum
1276 2057 1372 2118 agore,
1392 2051 1465 2115 qum

266 2141 333 2184 eum
360 2123 467 2184 ethnici
494 2121 629 2201 malignis
656 2123 772 2184 illorum
801 2121 1042 2201 instigationibus
1071 2123 1225 2185 suhomati
1254 2124 1338 2203 ipsos
1359 2127 1467 2202 propter

266 2207 376 2269 Christi
397 2207 614 2268 consessionem
634 2206 862 2269 interficiebant:
885 2207 963 2269 Nam
982 2209 1064 2282 illos,
1086 2209 1128 2270 ait
1141 2208 1253 2270 Auctor
1265 2217 1378 2279 noster,
1398 2223 1467 2266 eoa-

265 2309 354 2373 paam
379 2295 473 2372 magis
497 2293 760 2371 detriumphamus,
790 2310 878 2374 quam
900 2311 965 2354 eam
986 2310 1045 2373 pra
1066 2294 1139 2374 fidei
1158 2294 1363 2357 obstinatione
1392 2289 1467 2365 (Tar-

264 2375 376 2437 tullian.
397 2375 551 2455 Apologat.
574 2393 636 2454 sap.
659 2378 734 2453 hh),
763 2394 817 2437 sau
844 2377 1001 2446 constanti.
1030 2387 1063 2438 ut
1089 2377 1176 2456 paulo
1204 2387 1275 2440 ants
1302 2377 1467 2444 dioahamus,

262 2459 425 2539 invictaque
446 2459 627 2534 detonsione,
650 2463 838 2522 damnamur.
883 2460 956 2533 Quis
984 2467 1081 2523 autem
1109 2471 1139 2524 et
1158 2481 1248 2541 quam
1271 2461 1415 2542 gloriosus
1435 2457 1469 2518 sit

262 2544 312 2607 ills
333 2544 568 2606 Christianorum
589 2545 765 2624 triumphus,
788 2544 868 2606 huno
888 2545 1011 2624 explieat
1032 2547 1062 2607 in
1084 2546 1222 2608 modum:
1260 2546 1414 2610 Proelium
1430 2553 1469 2604 est

261 2630 358 2700 nohis,
382 2631 460 2711 qaod
481 2629 657 2692 christianae
678 2629 872 2709 professionis
895 2631 1021 2692 aoousati
1040 2649 1250 2712 provocamur
1265 2634 1306 2695 ad
1330 2629 1468 2710 gentilium

262 2713 438 2785 triheaalra,
466 2727 502 2778 ut
528 2714 592 2777 illia
620 2715 674 2777 suh
698 2716 868 2776 discrimine
892 2719 998 2796 eapitis
1017 2734 1077 2796 pro
1099 2721 1227 2778 ueritate
1250 2716 1385 2778 eiusdem
1405 2713 1468 2775 rali-

261 2798 357 2879 gionis
386 2807 504 2861 nostrae
525 2799 633 2861 tuenda
656 2811 811 2862 aerternae.
855 2799 888 2860 ln
910 2799 969 2860 hoo
989 2807 1086 2862 aulam
1107 2799 1220 2882 praelio
1243 2806 1400 2873 or'nairaus,
1426 2798 1466 2859 in-

259 2883 332 2964 guit,
355 2903 420 2946 eum
442 2886 613 2946 oooidiaear.
656 2883 788 2962 lienique
809 2903 845 2944 ox
866 2885 924 2946 hoo
944 2884 1055 2964 praelio
1076 2885 1203 2948 viatores
1227 2888 1390 2956 evadimus,
1413 2899 1469 2944 east

262 2970 438 3032 uideamur
460 2968 545 3043 (ibid
567 2987 631 3048 sap.
653 2973 728 3045 hh),
751 2968 780 3030 id
803 2977 848 3030 est
867 2970 904 3030 ad
927 2969 1101 3050 supplicium
1122 2969 1201 3032 ducti
1223 2971 1426 3032 consumimur
1443 2972 1469 3025 st

261 3053 433 3115 oooidimur.
476 3053 520 3114 Eo
548 3054 626 3115 enim
649 3073 740 3115 sensu
759 3053 869 3115 huotor
889 3063 994 3115 noster
1014 3055 1072 3116 hoo
1093 3055 1214 3116 verhum
1238 3057 1416 3118 otaoansr
1434 3049 1470 3113 ihi

259 3137 377 3199 ridetur
404 3137 578 3215 sumpsisse,
606 3139 686 3218 quod
712 3137 769 3199 alio
797 3134 970 3217 signillatim,-
997 3139 1040 3202 uti
1061 3139 1237 3214 videbimus,
1266 3140 1338 3202 alibi
1359 3136 1468 3217 aooepit

261 3221 337 3293 Quia
357 3239 427 3281 vero
450 3221 609 3284 Christiani
631 3223 703 3284 nihil
724 3223 817 3302 magis
839 3223 870 3283 in
890 3223 967 3284 votis
989 3223 1136 3285 habehant
1167 3242 1255 3303 quam
1278 3243 1336 3305 pro
1357 3222 1469 3301 religio·

259 3305 308 3366 nis
330 3324 400 3366 snae
423 3305 594 3368 defensione
616 3307 693 3370 mori
716 3314 746 3368 et
767 3306 915 3376 trucidari,
937 3307 1092 3370 vinoehant
1112 3309 1225 3388 utique,
1248 3328 1317 3372 eum
1332 3307 1470 3370 necaban-

258 3397 317 3450 tar.
372 3389 445 3450 Nam
472 3395 602 3454 uiatora'a
631 3405 683 3462 est,
711 3391 753 3453 ait
780 3391 875 3452 adhuc
900 3392 1109 3467 terninano,
1134 3413 1195 3474 pro
1223 3414 1283 3476 qua
1315 3393 1471 3457 certauerit

259 3474 393 3536 adtinere
415 3473 526 3550 (ibid).

341 3561 378 3618 at
399 3558 456 3619 hoo
476 3557 507 3620 in
529 3561 686 3622 conamine
707 3559 833 3622 victores
855 3568 884 3621 et
905 3559 996 3638 gloria
1016 3561 1118 3641 utique
1141 3569 1171 3624 st
1201 3563 1315 3642 praeda
1347 3560 1469 3624 omnium

255 3645 387 3724 prolecto
409 3643 533 3706 maxima
554 3645 756 3724 potiebantur3
783 3645 1020 3724 quandoquidem
1042 3665 1078 3708 aa
1099 3651 1237 3717 uictoria,
1271 3648 1318 3709 uti
1340 3647 1380 3710 ait
1401 3646 1468 3707 Tar·

255 3728 405 3800 tullianus,
428 3728 514 3792 halat
535 3740 565 3792 et
585 3730 715 3811 gloriam
732 3729 949 3810 plaoeodr'Dso
972 3741 1001 3792 et
1019 3733 1164 3811 praedam
1185 3733 1310 3794 maeuii
1329 3737 1364 3794 in
1377 3741 1469 3794 aeter-

254 3831 328 3876 ium·
356 3813 464 3891 (thid).
507 3813 550 3874 Eo
578 3825 675 3876 autem
703 3815 832 3876 sortasse
859 3814 953 3876 maior
981 3816 1149 3895 gratiorque
1171 3816 1252 3878 *hasa
1278 3817 1392 3896 praeda
1417 3811 1469 3893 ipsi

255 3897 418 3972 videbatun
450 3899 539 3978 quod,
572 3899 650 3961 siout
680 3916 769 3977 supra
801 3900 1006 3962 annotavimus
1039 3899 1125 3980 (Sap.
1157 3918 1221 3981 oap.
1247 3904 1299 3964 11.
1332 3901 1393 3963 Art
1420 3901 1468 3972 5.),

257 3981 441 4044 existimabat
472 3984 545 4047 illud
577 3983 724 4046 felicitatis
762 3992 898 4046 aeternae
932 3984 1096 4064 praemium
1129 3985 1193 4046 aliis
1227 3985 1321 4048 iustis
1357 3985 1469 4048 dianam

255 4066 367 4212 wia
401 4068 578 4149 martyribus
618 4069 716 4130 statim
752 4077 823 4148 post
857 4076 984 4132 mortem
1021 4087 1236 4152 exoossumquo
1272 4089 1364 4134 suum
1400 4085 1468 4130 aon-

317 4169 327 4210 ι

341 4234 419 4307 Quin
432 4236 530 4298 *otiam
551 4244 610 4298 hm
631 4235 779 4316 insignem
800 4237 981 4317 triumphum
1002 4237 1039 4300 de
1059 4239 1170 4300 mundo
1192 4247 1223 4302 et
1244 4238 1367 4302 diaholo
1381 4253 1467 4318 agam

254 4317 334 4382 n'hus
355 4336 416 4380 non
437 4321 538 4383 deerat
557 4320 800 4402 triumphantium
821 4322 950 4394 habitas,
971 4323 1063 4385 restis
1085 4323 1208 4404 palmato
1220 4331 1252 4385 et
1265 4342 1385 4387 ourrus.
1414 4317 1467 4384 Sal

256 4421 414 4484 menam,
436 4413 533 4483 putas,
555 4407 629 4469 hano
650 4413 733 4469 orant
753 4407 995 4488 triumphantium
1015 4417 1176 4489 martyrum
1198 4408 1355 4488 insignia?
1397 4403 1468 4469 llihil

255 4496 335 4552 osma
355 4488 454 4549 minus
476 4507 562 4568 quani
582 4491 783 4554 llomanomm
805 4493 912 4554 dueum
934 4499 963 4554 et
983 4492 1204 4573 imperator-mn.
1247 4493 1327 4556 Nam
1349 4511 1417 4556 earm
1436 4485 1469 4551 atl

256 4573 368 4640 dimidii
390 4573 463 4648 axis,
490 4574 528 4636 da
549 4594 608 4654 qao
629 4577 716 4657 paulo
738 4585 833 4652 autea,
861 4577 991 4659 stipitem
1012 4579 1070 4640 vivi
1092 4583 1263 4650 asamar,
1287 4579 1337 4644 hia
1359 4589 1412 4652 eat,
1433 4573 1471 4638 sit
