3114 5240
261 329 306 396 88
349 343 542 390 msssnrarro
558 343 588 387 na
605 343 653 396 ou.
669 343 754 388 aser.
769 343 857 387 rnna.
874 343 1067 387 ranruuuum
1082 341 1309 384 arouocermuu
1323 341 1410 382 eurr.

261 495 435 560 'lertulliaui
455 493 574 556 nominc
596 493 639 574 ab,
654 493 794 568 Eusebio,
817 495 860 556 uti
882 495 939 556 iam
961 489 1097 566 vidimus,
1131 499 1219 572 atque
1240 491 1481 570 ahllierouymo

262 590 295 644 et
322 580 402 654 aliis,
432 579 678 658 quemadmodum
706 579 782 640 iutra
808 597 865 640 nee
881 579 987 640 semel
1008 577 1283 650 animadvertemus,
1306 574 1480 656 appellatur.

261 665 356 746 Atque
385 685 421 726 eo
449 663 537 726 etiam
565 663 630 725 solo
652 663 860 743 Apologatieus
889 664 954 725 eius
984 663 1058 726 liber
1079 662 1109 723 in
1130 661 1341 740 manuscriptis
1364 660 1480 721 nostris

261 749 414 813 codicibus
436 748 597 829 inscriptus
619 756 675 809 est.
1028 817 1033 830 ³

348 833 412 907 Qua
434 841 531 896 autem
553 833 583 894 in
605 833 755 912 provincia
777 841 808 894 et
828 833 901 894 urbe
923 841 1011 894 natus
1034 832 1082 902 sit,
1106 849 1163 892 nos
1178 831 1267 892 docet
1280 830 1480 908 Hieronymus

260 919 345 982 bisoe
373 917 488 980 verbis:
525 915 772 980 Tertullianus..
787 922 1002 998 ..prouinciae
1023 918 1160 996 Africae,
1193 919 1325 978 nodutis
1348 914 1482 976 Conlo-

260 1008 393 1086 ginensis
416 1002 597 1082 (Hieronpm.
621 1001 711 1063 Catal.
734 1001 876 1082 scriptor.
892 1001 1004 1062 Endos.
1028 1019 1091 1080 cap.
1104 1003 1179 1075 53.)
1224 999 1425 1073 Quamobrem
1447 999 1478 1058 in

260 1087 401 1151 chronico
424 1086 591 1148 Eusebium
620 1086 727 1148 dicitur
751 1085 955 1150 Tertullianus
977 1087 1054 1166 aller
1075 1085 1196 1162 (Chron.
1219 1083 1328 1145 Euseb.
1351 1083 1387 1144 ad
1409 1101 1479 1144 arm.

260 1171 371 1235 Christ.
395 1169 543 1246 GGVlll.):
566 1171 602 1232 ab
624 1170 733 1250 Optato
755 1179 852 1232 autem
876 1171 1083 1233 Tertullianus
1101 1170 1344 1249 cnrrtaqooesa
1366 1167 1480 1248 (Optat.

259 1257 311 1318 lib.
334 1256 357 1317 l.
381 1256 417 1316 de
440 1255 566 1316 Schism.
589 1255 734 1318 bonatist.
757 1275 822 1336 pag.
839 1259 892 1331 8.).
937 1255 996 1317 Sed
1017 1255 1088 1334 quid
1109 1254 1236 1316 testibus
1257 1271 1332 1334 opus
1348 1252 1479 1331 estplu·

260 1341 360 1414 ribus,
390 1358 456 1402 earm
483 1340 611 1420 ipsemet
632 1341 829 1402 Tertullianus
852 1340 975 1420 patriam
998 1357 1081 1400 suam
1104 1339 1167 1412 his,
1196 1357 1271 1419 qnae
1293 1338 1322 1400 in
1345 1337 1411 1408 illo,
1442 1337 1479 1397 de

63 1434 68 1446 '
175 1487 181 1496 ,
259 1425 320 1506 quo
342 1425 446 1504 agitur,
469 1425 658 1504 apologetico
681 1425 816 1505 legimus,
837 1425 936 1486 verbis
959 1422 1090 1486 iudicet?
1133 1423 1263 1484 tutantes
1285 1439 1375 1504 peuce
1391 1422 1480 1500 Afri-

261 1529 326 1574 ccn
349 1509 483 1572 Suturuo
516 1510 750 1572 immolabantur
780 1503 884 1592 polam
915 1529 1010 1590 usque
1036 1511 1075 1570 ud
1093 1507 1346 1590 proconsulatum
1371 1505 1484 1568 libeni

341 1603 415 1656 teste
443 1593 554 1656 militia
580 1600 703 1674 patriae
729 1605 856 1658 nostroe
877 1615 952 1675 quoe
973 1595 1004 1656 id
1025 1598 1123 1674 ipsum
1144 1611 1255 1654 munus
1277 1591 1326 1653 illi
1341 1609 1475 1672 procon-

259 1678 325 1742 suli
344 1679 451 1758 iuncto
473 1688 517 1740 ut
539 1678 720 1754 (Tertullian.
743 1679 895 1758 Apologet.
919 1699 982 1759 cap.
998 1681 1051 1755 9.).
1095 1679 1132 1739 ht
1152 1677 1275 1756 insopor
1298 1695 1331 1736 se
1351 1675 1473 1736 Cartha-

261 1763 329 1841 gine
351 1771 451 1822 natum
474 1761 567 1822 luisse
592 1763 765 1824 testificatur
786 1764 844 1825 alio
866 1765 896 1824 in
911 1764 997 1836 libro,
1020 1781 1108 1842 quem
1124 1759 1402 1840 Carthaginensibus
1417 1759 1475 1820 oh-

260 1846 336 1908 tulit.
382 1844 545 1906 Obliuionis
567 1846 645 1908 enim
668 1847 769 1910 vitium
791 1848 831 1908 ibi
854 1849 898 1909 eis
920 1848 988 1910 ideo
1011 1846 1183 1928 exprobrat,
1206 1846 1285 1925 qarod
1308 1845 1364 1906 etsi
1386 1844 1477 1906 ariete

259 1929 333 1992 olim
354 1930 384 1990 in
406 1929 490 1992 bellis
512 1931 559 1992 usi
582 1932 725 1992 luissent:
760 1933 837 1994 ‘Cum
865 1944 979 2003 tamen,
1002 1933 1112 2011 inquit,
1140 1931 1318 1994 ultunnrert
1341 1941 1478 2010 temporo

258 2019 388 2097 patriae,
413 2027 440 2078 ct
462 2019 543 2076 arr'cs
565 2019 625 2078 ium
646 2015 800 2078 umnam
822 2021 854 2078 iu
874 2035 979 2078 muros
1002 2018 1151 2097 quondum
1172 2033 1244 2078 suos
1266 2017 1399 2086 cuderet,
1425 2015 1479 2076 ob·

259 2111 404 2180 scapum
425 2099 507 2162 illico
531 2099 790 2181 Carthaginenses,
820 2113 854 2164 ut
876 2119 988 2164 novum
1009 2111 1190 2163 ostraceum
1210 2105 1362 2180 ingenium
1384 2097 1478 2172 (ldem

259 2182 312 2246 lib.
335 2183 371 2244 de
392 2183 483 2244 Pallio
514 2203 576 2263 cap.
595 2189 646 2261 1.).
689 2185 794 2247 Nonne
822 2194 921 2247 autem
949 2185 1017 2246 inde
1045 2185 1141 2264 colligi
1168 2193 1270 2264 potest
1296 2183 1344 2246 his
1373 2183 1473 2244 verbis

258 2285 325 2414 gon
342 2266 439 2396 ιιιίιιμξ
462 2268 538 2330 clare
561 2287 661 2342 suam,
695 2289 783 2349 quam
805 2269 922 2332 illorum
944 2289 1020 2349 quos
1042 2270 1200 2349 alloquitur
1221 2269 1344 2348 patriam
1367 2268 1405 2330 ab
1428 2267 1476 2328 illo

282 2369 429 2431 esrgnan.

346 2436 518 2516 carmagtne
540 2438 629 2516 igitur
650 2439 726 2500 baud
749 2439 837 2500 dubie
859 2447 946 2500 natus
970 2445 1025 2512 est,
1046 2449 1146 2519 putre,
1170 2447 1202 2499 ut
1216 2437 1474 2517 aitllieronymus.

259 2525 436 2584 &sturione
454 2523 691 2602 proconsulari:
720 2523 765 2584 vel
794 2524 872 2585 siout
893 2524 923 2584 in
944 2523 1066 2585 Eusebii
1089 2522 1234 2586 Chronico
1257 2522 1398 2600 legimus,
1429 2522 1475 2583 ille

140 2645 142 2658 ·
259 2609 446 2668 centurionis
465 2607 698 2687 proconsularis
720 2606 804 2688 filisu
826 2608 889 2668 tuit.
933 2609 969 2668 ht
989 2626 1049 2668 uon
1072 2627 1177 2686 magno
1190 2607 1475 2686 quideminbonore

258 2696 345 2752 erant
364 2691 551 2768 proconsulis
574 2692 761 2754 centuriones
785 2701 815 2753 et
835 2691 958 2765 milites,
994 2701 1095 2772 utpote
1118 2693 1167 2771 qui
1190 2693 1268 2754 illius
1289 2692 1474 2772 apparitores

257 2773 326 2834 vilia
347 2774 509 2837 ministeria
531 2775 613 2836 obire
636 2786 850 2838 consueverant
871 2777 1052 2856 (llieronqm.
1076 2777 1164 2838 nant.
1187 2777 1293 2856 Script.
1309 2777 1387 2837 Eral.
1412 2795 1474 2856 cap.

257 2860 311 2923 53.
335 2857 443 2919 Cbrou.
466 2859 575 2922 Euseb.
598 2859 634 2922 ad
657 2879 723 2922 anu.
748 2861 856 2922 Christ.
880 2861 1024 2938 CCVlll.).

342 2942 386 3002 Ab
408 2943 465 3004 hoc
486 2951 584 3006 autem
605 2953 688 3024 patre
711 2946 981 3008 suo'l'ertullianus
1004 2955 1034 3006 et
1056 2946 1120 3007 aliis
1135 2965 1214 3008 nunc
1235 2945 1392 3024 incognitis
1418 2963 1474 3024 pa-

186 3041 190 3051 ·
256 3026 393 3090 rentibus
410 3028 479 3088 suis
503 3029 628 3090 ethnicis
651 3039 734 3090 ortus
756 3031 898 3092 notandas
921 3031 1038 3092 illorum
1060 3031 1288 3109 superstitiones
1311 3047 1375 3090 mam
1396 3029 1473 3090 lacte

257 3109 339 3172 auxit
360 3111 511 3190 palamque
533 3121 638 3192 postea
659 3116 815 3192 professus
838 3125 894 3176 est.
938 3115 1010 3176 Nam
1032 3115 1219 3176 ubideveris
1236 3114 1475 3176 Christianorum

255 3193 444 3272 dogmatibus
467 3195 605 3275 disputat,
629 3198 750 3259 eosdem
772 3199 908 3262 ethnicos
921 3200 1094 3262 sieattatur:
1117 3199 1198 3262 llaec
1219 3210 1248 3261 ct
1270 3217 1326 3262 noa
1349 3203 1476 3262 rislam

256 3277 438 3358 aliquosum
463 3281 497 3341 dc
518 3285 629 3342 uestris
651 3283 785 3362 sitimus:
807 3285 895 3364 fiunt,
919 3303 981 3347 nou
1002 3296 1173 3347 morantur
1196 3285 1363 3347 Christiani
1383 3283 1475 3356 (Ter-

257 3361 370 3424 tullian.
393 3362 544 3442 apologet.
568 3383 630 3443 cap.
650 3368 722 3443 18.)
766 3367 855 3429 Suam
876 3386 963 3442 vero,
986 3387 1044 3448 qua
1066 3377 1135 3430 ttruc
1156 3369 1321 3441 laborabat,
1345 3369 1475 3430 mecita-

256 3455 319 3510 tem
345 3464 379 3507 ac
410 3447 470 3508 reri
492 3447 545 3509 net
577 3449 771 3527 ignorantiam
799 3452 846 3512 his
869 3453 966 3514 verbis
989 3453 1044 3514 alio
1067 3454 1098 3516 in
1119 3453 1194 3515 libro
1217 3454 1367 3532 deplorat:
1397 3453 1477 3515 Poc-

255 3535 416 3594 uitcnticm
438 3532 492 3594 hoc
512 3551 605 3612 penus
628 3535 787 3606 lominum,
811 3537 888 3616 quod
909 3549 938 3599 ct
957 3543 1020 3619 ipsi
1038 3551 1124 3602 retro
1148 3540 1273 3618 saierus,
1297 3541 1382 3608 mcci,
1409 3544 1476 3600 siue

257 3615 381 3680 Domini
401 3616 519 3689 lumine,
543 3628 656 3680 acturo
678 3629 765 3682 tenua
787 3633 909 3692 norunt,
929 3625 1104 3703 passionem
1126 3627 1220 3684 cnuti
1235 3624 1384 3705 quondam
1399 3642 1475 3695 case,

255 3719 333 3783 quoa
365 3705 465 3764 neuim
498 3703 532 3763 de
565 3704 680 3785 offenso
711 3709 875 3768 sententiae
904 3711 1022 3787 prioris
1045 3707 1124 3780 (luit.
1158 3707 1207 3768 lib.
1236 3709 1273 3768 de
1302 3707 1475 3768 Paeniteat.

258 3803 323 3865 cap.
350 3791 400 3856 1.).

343 3869 419 3932 'lum
441 3888 521 3949 ergo,
544 3873 788 3950 quemadmodum
810 3875 917 3936 eruditi
938 3875 993 3936 viri
1015 3875 1260 3948 observaverunt,
1283 3876 1344 3938 veri
1367 3875 1420 3936 net
1445 3885 1476 3938 et

256 3953 435 4017 christianae
456 3955 609 4040 religionis
631 3957 740 4018 lumine
762 3958 893 4037 privatus
915 3961 1047 4040 profanis
1064 3961 1239 4041 spectaculis
1262 3959 1475 4022 delectabatur.

257 4035 302 4132 lie
329 4037 376 4098 his
404 4040 482 4102 euim
510 4041 558 4102 ille
586 4040 690 4102 alicubi
714 4043 800 4104 dixit:
833 4041 914 4108 Molo
937 4063 999 4107 nou
1019 4046 1160 4126 implere,
1194 4064 1283 4127 quom
1303 4049 1476 4108 uumam'sse

257 4119 322 4196 (bb.
345 4121 382 4184 de
404 4123 534 4202 spectac.
557 4143 620 4205 cap.
639 4129 710 4202 19.)
754 4127 833 4200 Quin
861 4129 949 4190 etiarn
970 4148 1030 4190 non
1053 4131 1118 4190 sine
1139 4130 1228 4192 ammi
1250 4129 1353 4190 dolore
1375 4131 1474 4192 coub-

257 4211 338 4268 tatur
366 4225 399 4268 se
426 4208 456 4268 in
485 4209 581 4290 turpia
609 4210 705 4272 earnis
727 4211 795 4273 vitia
818 4231 886 4273 esse
907 4213 1093 4292 prolapsum:
1126 4215 1188 4294 ligo
1210 4215 1288 4276 enim
1310 4213 1473 4294 inquiebat,

257 4293 321 4352 acio
342 4309 387 4354 arc
409 4311 501 4374 uque
521 4295 583 4358 ulio
604 4315 695 4358 coma
716 4297 867 4360 adulteria
882 4301 1070 4370 commisisse,
1091 4317 1186 4382 napta
1208 4309 1280 4361 tuae
1304 4298 1474 4378 (legendum

256 4379 351 4454 asna)
373 4375 434 4438 aaa
456 4395 548 4441 corae
567 4382 607 4443 ud
629 4385 842 4444 coau'ueaticm
864 4386 939 4443 eniti
963 4380 1024 4458 (lib.
1048 4383 1084 4445 de
1106 4385 1274 4446 Resurreot,
1298 4383 1383 4445 Cam.
1407 4401 1473 4464 cap.
1518 4371 1530 4391 '

257 4461 334 4538 59.)
377 4459 437 4522 Nec
457 4461 554 4523 minus
576 4473 676 4544 aperte
698 4465 825 4527 declarat
846 4485 879 4527 se
901 4462 1023 4527 aliorum
1045 4477 1231 4548 peecatorum
1254 4487 1378 4530 suorum
1393 4487 1473 4548 poe-

256 4543 398 4610 nituisse:
429 4545 472 4610 lu
497 4559 638 4629 peccator
664 4555 722 4613 arci
746 4551 866 4623 ramilis,
894 4555 954 4616 ma
974 4571 1021 4616 tttc
1040 4557 1150 4617 rutum.
1194 4553 1256 4634 liqo
1278 4559 1356 4618 urbs
1374 4571 1473 4635 praa-
