3036 5230
258 363 322 428 724
474 379 669 423 DlssSEltTtht)
691 379 729 422 bs
751 379 955 424 repromitto
978 381 1016 424 tx·
1040 381 1106 424 nius
1129 381 1272 424 sentens

258 542 318 604 quo
338 524 409 586 iliud
431 527 636 598 confirmeturt
658 530 765 590 trustra
788 545 909 607 operam
930 529 1060 602 daturos,
1084 537 1118 590 ut
1136 529 1239 589 ullum
1262 527 1429 589 bhrommils

256 627 322 672 rum
350 609 504 672 doctorum
531 611 687 689 vestigium
708 613 908 688 reperiamus,
937 612 1043 690 quibus
1065 612 1186 691 antiqui
1218 611 1376 672 christianae
1391 615 1431 672 reli

257 690 354 769 pionis
381 692 555 756 defensores
583 713 701 756 cansam
729 713 814 756 suam
845 695 1028 757 vindicarint
1073 696 1160 768 Quae
1196 713 1291 774 opera
1313 697 1336 756 si
1352 715 1458 793 meon!

257 774 435 846 extitissent,
456 777 617 840 Eusebium
640 786 669 839 et
683 777 894 858 Hieronymum
915 781 1017 858 lugere
1031 797 1091 840 non
1106 780 1305 858 potuissent,
1324 779 1432 856 quinus

256 859 292 920 de
314 858 352 920 iis
374 861 495 922 omuino
515 861 613 924 silent
656 863 693 923 st
713 862 787 922 haec
807 863 927 942 quidem
948 863 1086 924 audacter
1109 864 1265 924 ailimnata
1282 871 1353 923 sunt
1373 863 1432 934 iint-

254 961 354 1004 ramus
379 943 436 1004 iam
459 954 602 1023 quatenus
624 947 805 1024 argumentis
826 947 967 1008 nitantur.
1011 947 1094 1018 Quos
1117 947 1327 1008 Tertullianus
1344 947 1432 1006 nonin·

255 1027 307 1088 dm
329 1035 475 1088 memorat
495 1029 657 1108 scriptores
680 1029 908 1103 ecclesiasticos,
931 1029 961 1090 hi
984 1037 1086 1092 suov:
1114 1031 1259 1092 lustinus
1282 1029 1433 1108 Memmia

254 1109 367 1190 tianus,
396 1111 555 1184 Miltiades,
577 1113 728 1174 lrenaeus.
772 1113 830 1185 Qui
862 1132 966 1175 omnes
993 1115 1028 1174 ad
1050 1113 1321 1174 Christianismum
1339 1114 1433 1172 atres

252 1195 464 1272 paganismum.
491 1196 706 1258 defendendum
735 1197 828 1259 libros
855 1199 1048 1276 scripserunt.
1097 1197 1140 1258 hc
1168 1197 1288 1260 lustini
1312 1197 1429 1274 quidene

253 1275 368 1342 Tatiani
397 1295 487 1358 opera
514 1281 682 1344 etiamnunc
707 1281 835 1342 extantia
863 1282 990 1360 probant
1011 1289 1165 1353 auctores,
1201 1287 1238 1341 ut
1260 1279 1433 1340 lardumst

252 1361 346 1422 altero
369 1361 443 1436 aitl,
465 1361 558 1424 baisse
580 1364 687 1426 multae
708 1364 845 1426 lectionis
868 1373 898 1425 et
918 1365 993 1425 hene
1014 1374 1152 1425 versatos
1175 1365 1211 1424 in
1234 1365 1339 1424 litteris
1356 1381 1429 1439 gnere

251 1443 364 1506 lleinde
383 1445 588 1524 Atinenagorae
610 1447 782 1526 Apologiam
811 1447 954 1509 hahemus
982 1456 1012 1507 et
1033 1447 1194 1526 Theophili
1221 1447 1359 1506 adsersus
1375 1449 1432 1504 tro-

250 1527 346 1606 lycum
367 1528 492 1602 librum;
513 1549 639 1608 quorum
661 1541 786 1610 uterque
807 1540 837 1592 et
856 1540 990 1610 tempore
1011 1531 1095 1610 prior
1116 1541 1181 1592 erat
1206 1529 1372 1590 Tertulliani
1386 1531 1434 1604 ‚tp

127 1653 141 1668 ,
250 1611 376 1688 lugetico
406 1620 451 1685 et,
484 1614 686 1693 tmenagmas
707 1615 851 1688 maxime,
882 1615 987 1676 crebro
1009 1615 1122 1676 litteras
1146 1617 1298 1694 profanas
1318 1612 1432 1688 attingite

251 1704 422 1773 argumenta
456 1715 472 1756 e
505 1697 693 1776 philosophis
730 1699 889 1779 gentilibus
928 1699 1013 1759 ducta
1046 1697 1082 1757 ad
1118 1698 1378 1758 Christianismum
1402 1695 1431 1750 b·

250 1778 428 1840 lendendum
463 1779 590 1843 adhibet
656 1782 715 1843 Sed
748 1783 778 1842 in
814 1781 938 1844 Semleri
977 1783 1247 1860 argumentatione,
1286 1797 1351 1858 pars
1375 1778 1431 1836 nau·

249 1879 298 1922 me
334 1863 514 1927 admirabilis
551 1883 585 1926 ea
621 1873 668 1926 est
703 1883 779 1944 quae
815 1865 945 1945 pertinet
980 1865 1017 1925 ad
1052 1865 1295 1942 hieronymum:
1330 1859 1430 1922 mimir

250 1945 391 2022 operibus
420 1947 545 2026 epistola
567 1949 727 2026 quaedam'
749 1957 811 2020 est,
840 1949 979 2026 inscripta
1002 1948 1037 2008 ad
1061 1949 1199 2026 llagnum
1226 1957 1383 2008 oratorem.
1400 1945 1431 2002 b«

249 2027 315 2106 ipso
348 2031 484 2092 consilio.
507 2033 686 2110 composita,
722 2041 756 2092 ut
789 2051 872 2093 suam
910 2033 1154 2092 consuetudinem
1187 2033 1309 2093 litteras
1338 2029 1429 2108 prolana

250 2119 279 2173 et
310 2115 409 2174 sacras
442 2115 473 2175 in
505 2115 624 2194 scriptis
657 2115 720 2176 suis
751 2115 895 2177 miscendi
928 2115 1108 2178 detenderet.
1153 2115 1189 2175 ln
1225 2133 1263 2176 ea
1292 2109 1429 2198 epistolari

248 2195 451 2257 auctoritatem
488 2199 691 2276 superiorum·
716 2199 894 2278 scriptorum
932 2199 1200 2260 ecelesiasticorum
1248 2205 1378 2278 provocat
1401 2211 1426 2268 «p

249 2277 328 2338 idem
364 2279 520 2340 consilium
556 2285 652 2343 secuti
688 2291 812 2348 essent,
849 2281 1021 2343 nominatim
1057 2283 1186 2343 atterens
1229 2281 1427 2353 Qusdnrms

248 2359 421 2434 Aristidem,
456 2363 506 2441 qui
535 2366 694 2444 Apologias
723 2385 793 2426 suas
822 2365 859 2426 ad
887 2365 1095 2445 imperatorem
1125 2365 1295 2426 Adrianum
1322 2363 1424 2424 misem

249 2451 278 2504 et
305 2443 427 2506 alterins
456 2464 531 2524 opus
563 2449 737 2510 describens
770 2457 908 2526 tanquam
940 2467 1033 2527 paene
1064 2457 1159 2509 totum
1192 2467 1209 2509 e
1245 2449 1327 2527 philo
1355 2445 1426 2522 soph

248 2545 314 2588 rum
351 2529 507 2591 sententiis
544 2531 742 2611 compositum
753 2529 771 2591 f.
829 2531 916 2591 addit
951 2551 1042 2612 porro
1079 2531 1322 2610 Apollinarium,
1357 2528 1426 2598 bon·

248 2609 326 2671 sium
355 2611 557 2687 Corinthium
584 2615 748 2687 Titianum,
776 2615 987 2686 Bardesanem,
1017 2615 1173 2676 Irenaeum
1195 2616 1319 2677 curiose
1338 2612 1425 2674 eivers·

247 2694 494 2773 philosophorum
523 2706 619 2760 sectas
647 2698 837 2770 distinxisse,
867 2699 903 2758 ad
926 2716 998 2776 quas
1020 2698 1162 2776 cuiusque
1186 2697 1341 2778 opinionis
1358 2695 1425 2754 hauc

247 2775 321 2838 ticae
355 2787 425 2840 tuno
452 2781 646 2859 praeualentis
675 2782 758 2859 origo
787 2782 891 2842 reterri
919 2791 1033 2860 posset.
1082 2781 1163 2842 idem
1193 2781 1269 2842 dicit
1297 2779 1424 2864 Cypriam

246 2859 321 2920 adeo
342 2870 475 2925 notatum
498 2883 566 2926 esse
587 2873 744 2944 propterea
766 2866 845 2943 quod
868 2865 899 2924 in
922 2883 977 2925 suo
1000 2866 1138 2926 adversus
1153 2865 1424 2948 Demetrianumsttt

194 3013 199 3020 ,
244 2949 297 3022 pto
320 2963 354 3006 se
374 2946 462 3024 plane
482 2948 557 3009 intra
581 2949 743 3028 scripturae
765 2948 935 3009 testimonia
956 2949 1163 3021 continuisset,
1186 2967 1317 3027 quorum
1336 2951 1422 3030 audon·

245 3033 336 3088 tatem
357 3027 562 3092 demetrianus
585 3049 645 3092 non
668 3031 850 3104 admitteret,
873 3049 927 3092 nec
948 3041 1139 3112 provocasset
1159 3031 1198 3092 ad
1220 3037 1328 3111 poetas
1345 3036 1369 3088 et
1383 3023 1423 3102 ph·

244 3107 400 3189 losophos,
423 3132 549 3192 quorum
571 3115 775 3176 auctoritatem
796 3115 885 3175 homo
909 3116 1026 3192 gentilis
1045 3115 1219 3176 addubitare
1235 3133 1297 3175 non
1312 3109 1422 3192 patrima

244 3191 426 3256 Defensores
447 3196 663 3259 Christianismi
686 3217 752 3259 cum
774 3199 850 3259 hene
873 3199 983 3258 scirent
1004 3199 1114 3259 nullum
1137 3198 1249 3259 librum
1271 3196 1316 3258 rei
1330 3193 1421 3279 atique

245 3275 338 3336 tulum
360 3279 477 3355 gentilis
500 3281 670 3360 philosophi
693 3281 821 3343 animum
843 3283 874 3342 in
897 3301 931 3342 se
953 3291 1123 3348 convertere
1145 3300 1252 3360 posse,
1274 3279 1330 3341 nisi
1349 3277 1421 3336 dom·

192 3393 197 3410 .
244 3375 299 3416 nae
322 3367 353 3418 et
378 3360 585 3441 philosophiae
607 3365 684 3426 illius
712 3365 776 3427 aevi
802 3365 1001 3442 coguitionem
1023 3366 1181 3444 proderet,
1212 3367 1320 3426 iactum
1340 3361 1422 3421 esttl

244 3457 330 3507 suant
360 3447 583 3520 argumentandi
613 3449 760 3510 rationem
794 3449 1049 3510 accommodarent
1084 3450 1119 3509 ad
1153 3467 1260 3510 eorum
1293 3445 1421 3524 quibusda

243 3522 319 3602 ipsis
346 3543 396 3587 res
419 3536 499 3588 esset
519 3528 636 3608 ingenia
658 3539 689 3592 et
709 3532 875 3611 opiniones.
921 3531 1002 3603 Quae
1025 3531 1225 3594 Tertullianus
1247 3531 1322 3592 libro
1341 3526 1370 3586 de
1385 3521 1418 3614 ir

242 3606 383 3672 stimonio
397 3608 518 3696 numae
539 3615 689 3692 praefatur
710 3635 746 3676 eo
769 3615 844 3676 dicta
866 3623 943 3688 sunt,
967 3623 1000 3676 ut
1021 3635 1056 3676 se
1076 3623 1240 3686 excusaret,
1265 3611 1340 3692 quod
1358 3605 1420 3698 teht*

242 3689 350 3753 usitata
378 3694 493 3756 ratione
520 3715 581 3758 non
608 3697 644 3760 ad
671 3699 920 3778 philosophorum
947 3700 1091 3777 argutias,
1125 3698 1177 3760 sed
1200 3698 1237 3759 ad
1260 3695 1417 3758 testimon

243 3772 395 3838 doctrinae
418 3771 659 3844 cunsumae'ab
682 3783 779 3846 anima
800 3779 927 3844 bumana
947 3783 1038 3844 latum
1059 3791 1246 3862 provocaret.

241 4011 280 4070 rit,
307 4013 348 4075 qni
369 4014 396 4062 io
418 4013 464 4062 iato
488 4028 578 4077 opere
601 4017 636 4066 de
653 4017 827 4080 Praepara—
911 4033 931 4066 c.
955 4017 1074 4066 Adversus
1091 4015 1269 4065 Valentinianos
1288 4028 1307 4064 e
1323 4011 1344 4060 ⁵·
1370 4005 1418 4052 Εἴθ’

242 4079 327 4128 tione
345 4080 528 4143 eoenpeiien
545 4083 571 4132 id
588 4085 743 4146 omninoepit,
763 4085 826 4147 qaod
877 4083 1024 4134 Clementem
1053 4083 1186 4132 Romanum
1218 4091 1242 4131 et
1271 4081 1414 4150 liermapt‘

242 4143 279 4192 hie
299 4145 453 4198 Tertullianus
471 4149 598 4199 diritatis
617 4151 825 4214 iamtempore
877 4151 959 4210 minat,
987 4150 1030 4199 sed
1055 4151 1071 4198 ii
1094 4163 1141 4198 non
1159 4149 1269 4198 ridentur
1285 4145 1415 4196 clamarat

242 4211 353 4271 panariam
375 4215 512 4265 imtitairrr.
554 4216 668 4268 Eusebiae
690 4231 742 4266 eero
766 4217 826 4266 nihil
876 4217 1042 4268 defensionem
1060 4216 1207 4279 suscepisse.

242 4275 364 4351 pticttttoet
386 4281 436 4331 eine
458 4284 493 4332 rei
510 4283 593 4333 didicit
614 4299 656 4333 nee
673 4283 825 4344 ilierowmeta
911 4300 934 4350 d·
966 4299 1106 4363 cffdjbppy
1132 4300 1160 4349 ογ
1182 4299 1222 4348 {he
1248 4293 1332 4360 003901
1352 4287 1414 4340 flistcp

241 4340 332 4402 &tutti
357 4348 457 4406 reperire
487 4351 569 4413 potuit.
613 4351 727 4400 indemne
755 4353 827 4412 ipitur
877 4383 897 4417 c·
918 4366 957 4416 13¹

240 4412 344 4457 ticinen
369 4413 502 4474 scriptorem
527 4417 610 4466 talin
636 4417 721 4466 nitro
753 4431 825 4467 con-

241 4475 380 4538 fiaeiee,
401 4491 430 4525 ee
446 4493 487 4528 ruo
506 4484 598 4544 impertio
616 4484 745 4533 remilium
762 4485 826 4532 orii·
911 4473 931 4508 θ’
950 4458 993 4522 ΕΡ·
1011 4457 1052 4508 ⁸4·
1374 4535 1376 4542 ,

241 4545 335 4592 huam.
367 4543 431 4594 Stet.
453 4543 491 4594 tt.
911 4551 928 4600 l.
948 4549 1080 4600 Contactam
1096 4550 1285 4614 philosophorum
1300 4543 1398 4594 emetu-
