3144 5236
495 383 630 428 onerosa
651 385 710 430 nra.
732 387 770 430 aa
791 389 919 433 neuneu.
1260 379 1322 442 207
1364 409 1369 421 ,

93 531 184 592 licum
214 550 249 592 ac
281 533 377 596 Patris
406 534 453 596 sui
475 533 642 609 Rationem,
670 555 726 615 qua
756 538 792 600 ab
821 548 943 602 aeterno
967 551 1013 604 est
1034 543 1197 604 rationalis.
1240 543 1321 604 Ean·

94 617 178 761 dbbt
187 633 262 696 ergo
290 618 418 680 credidit
445 637 514 682 esse
535 619 601 682 Filii
630 629 659 681 et
681 621 775 685 Patris
798 625 1003 688 aeternitatem
1041 627 1222 706 eandemque
1244 628 1319 688 sub-

94 719 107 760 s
170 719 241 768 ram.

173 786 214 846 m
236 784 297 858 ille,
318 784 445 864 inquies,
466 787 576 849 ibidem
599 789 676 850 baud
699 788 824 852 obscure
847 793 982 872 scripsit:
1005 813 1092 874 quem
1108 813 1147 858 ec·
1161 800 1318 877 eunetipso

91 870 280 949 proferendo
296 867 409 932 Fib‘um
429 872 502 950 [ecit
523 883 552 934 et
574 876 680 936 scinde
703 876 901 954 dispositioni
917 896 990 940 auae
1004 880 1213 960 voluntatique
1223 898 1321 961 prue-

92 955 162 1032 {ecit
192 953 306 1030 (ibid).
348 953 428 1015 Rene
456 956 584 1034 quidem.
629 958 688 1019 Sed
715 959 857 1038 numquid
885 961 926 1023 ibi
948 961 1039 1024 Filius
1062 963 1170 1024 dieitur
1190 965 1319 1042 quodam

92 1046 229 1117 tempore
258 1039 351 1100 lactus
387 1039 434 1114 vel
461 1039 497 1101 ab
526 1049 648 1102 aeterno
676 1043 793 1120 genitus
833 1045 980 1124 negatur?
1023 1046 1142 1109 Minime
1170 1049 1316 1125 prolecto.

91 1121 170 1184 lluos
195 1122 276 1184 enim
298 1124 398 1184 lassus
420 1124 526 1186 luisset
548 1143 616 1186 esse
637 1126 726 1198 Deos,
747 1126 865 1190 Patrem
897 1139 1050 1192 aeternum
1081 1129 1235 1192 etlilium
1257 1150 1318 1196 nou

91 1215 258 1280 aeternum,
287 1214 376 1286 atque
404 1207 442 1268 ita
471 1209 501 1270 in
531 1228 609 1281 eom,
639 1229 727 1289 quom
754 1211 958 1293 impugnabat,
987 1215 1144 1277 Marcionis
1167 1215 1319 1278 incidisset

92 1308 240 1352 morem.
271 1291 346 1352 Cum
368 1309 438 1371 ergo
461 1293 533 1355 dicit
546 1293 652 1356 Filium
669 1295 720 1356 Dei
742 1314 759 1355 a
781 1296 868 1358 Patre
890 1317 945 1360 suo
967 1308 1038 1360 tunc
1058 1301 1177 1371 lactum,
1200 1300 1317 1379 quando

92 1375 172 1436 illum
197 1395 237 1437 em
258 1380 417 1458 rmetnpso
439 1375 570 1455 protulit,
592 1378 618 1439 is
641 1379 727 1458 plane
748 1379 864 1442 videtur
885 1382 964 1444 illius
988 1401 1111 1444 sensus:
1140 1383 1229 1445 Pater
1249 1384 1319 1445 lecit

92 1459 199 1520 Filium
222 1479 320 1534 suom,
343 1461 459 1540 quando
482 1461 562 1523 illum
584 1463 705 1541 protulit
727 1482 767 1525 ec
788 1471 957 1547 semetque,
987 1465 1016 1527 id
1050 1475 1097 1529 est
1124 1485 1160 1527 ex
1180 1473 1317 1544 matriae,

92 1545 133 1604 uti
154 1543 299 1622 loquitur,
323 1545 458 1606 etenira
480 1547 527 1608 sui
549 1547 648 1610 cerdis
671 1557 701 1610 et
713 1548 890 1623 intellectus,
912 1551 1105 1624 sensatione,
1127 1550 1318 1630 intelligentia

93 1646 124 1689 ao
150 1627 334 1708 cogitabone
355 1638 489 1692 aeterna:
521 1640 625 1710 postea
647 1651 718 1693 vero
736 1631 806 1694 'urm
828 1634 928 1695 omnia
947 1653 1050 1696 creare
1072 1634 1164 1697 voluit
1186 1637 1318 1717 disposi-

94 1717 170 1774 tioni
196 1711 407 1794 voluntatique
436 1733 508 1776 suae
536 1734 603 1777 earm
628 1719 789 1796 praesecet.
835 1717 867 1778 Si
895 1719 961 1798 quis
989 1737 1060 1780 vero
1088 1719 1248 1781 contendat
1268 1721 1317 1782 his

94 1797 190 1858 serbis
220 1815 261 1858 em
289 1801 446 1878 seutetopso
477 1799 556 1860 idem
577 1800 735 1880 significari
757 1809 844 1880 atque
866 1813 947 1864 extra
969 1821 1002 1864 sc
1024 1804 1122 1882 ipsum
1145 1804 1317 1878 emittendo,

95 1899 200 1942 sensus
222 1881 308 1942 illius
324 1882 395 1942 crit:
417 1883 503 1944 Pater
524 1883 625 1945 muudi
649 1885 733 1947 initio
756 1895 837 1947 extra
860 1905 893 1948 se
915 1887 1039 1966 protulit
1061 1907 1096 1949 ac
1117 1887 1185 1950 lecit
1200 1887 1316 1958 Filium,

95 1965 161 2026 dum
182 1965 267 2026 illum
289 1967 431 2028 meaturis
453 1967 639 2030 manifestum
662 1965 738 2031 iecit
780 1970 825 2031 bd
846 1971 970 2050 primam
999 1973 1078 2034 enim
1099 1991 1193 2051 usque
1215 1971 1317 2034 mmtdi

96 2051 273 2112 orationem
289 2050 385 2111 dimna
400 2051 478 2114 illius
494 2053 654 2131 generatio,
676 2063 708 2115 ut
721 2055 810 2133 paulo
825 2063 910 2116 antea
925 2055 1127 2134 explicuimus,
1149 2057 1181 2117 in
1195 2066 1316 2118 aeterno

96 2133 189 2196 Patris
211 2135 279 2196 sinu
300 2135 393 2208 latuit,
422 2145 452 2196 et
472 2137 573 2199 mundi
596 2138 678 2202 initia
700 2139 797 2218 coepit
818 2159 835 2202 a
857 2140 999 2202 creaturis
1022 2139 1145 2202 rationis
1168 2139 1318 2219 compoti·

97 2218 149 2280 bos
172 2219 309 2298 agnosci,
340 2227 466 2299 tuncque
493 2221 576 2292 baec,
605 2223 691 2284 sicuti
713 2223 822 2284 Auctor
844 2233 947 2285 noster
966 2225 1098 2303 loquitur
1118 2232 1148 2286 et
1170 2224 1245 2285 inira
1267 2226 1315 2286 lu·

98 2303 157 2362 sios
182 2303 408 2382 explicabimus,
437 2307 568 2384 perlecta
590 2305 645 2368 luit
667 2306 730 2368 eius
753 2306 897 2382 nadvitas,
926 2326 1000 2388 quae
1023 2317 1176 2370 externum
1199 2309 1319 2388 aliquod

98 2388 208 2467 aceepit
228 2389 485 2468 complementum.

177 2471 279 2550 Neque
309 2491 413 2552 urgeas
434 2473 550 2534 Patrem
578 2473 614 2534 ab
637 2493 673 2534 eo
695 2474 871 2538 invisibilem
894 2475 961 2549 dici,
991 2475 1095 2536 Filium
1117 2495 1190 2537 vero
1212 2474 1317 2537 risibi-

98 2555 152 2618 lem
188 2565 275 2635 atque
313 2557 392 2618 bunc
429 2557 538 2620 idcirco
574 2557 661 2620 Patre
694 2559 839 2620 minorem
873 2578 941 2621 esse
980 2578 1035 2621 nec
1068 2559 1162 2621 licum
1195 2559 1318 2640 proprie
1433 2617 1436 2628 ,

99 2641 213 2702 dictum.
258 2641 337 2702 Nibil
358 2642 468 2703 etenim
491 2643 545 2703 hac
566 2643 819 2720 argumentatione
840 2643 934 2706 letius
957 2652 986 2705 et
1007 2643 1162 2706 infirmius.
1207 2643 1240 2704 ln
1262 2663 1317 2706 suo

98 2725 203 2805 quippe
231 2726 310 2787 idem
339 2725 536 2788 Tertullianus
564 2727 707 2788 adversus
734 2727 867 2789 Praxean
895 2728 972 2789 libro
1002 2736 1102 2806 aperte
1130 2728 1317 2806 pronuntiat:

99 2809 281 2872 inadibilem
300 2809 425 2872 Patrem
441 2829 510 2891 pro
528 2811 720 2892 plenitudine
740 2816 916 2883 umiestotis,
945 2811 1092 2873 visibilem
1114 2829 1186 2873 vero
1209 2809 1319 2872 Filium

97 2895 296 2974 promodulo
320 2895 517 2958 demoauonis
539 2893 624 2968 (ibid.
648 2913 711 2974 cop.
736 2900 809 2968 lb).
853 2895 944 2957 Paulo
967 2902 1037 2973 post
1058 2911 1146 2955 vero:
1184 2893 1319 2957 urceus

98 2988 124 3042 et
144 2978 255 3041 Filium
276 2998 333 3041 ruo
354 2983 474 3042 nomine
496 2991 621 3062 eqtenus
643 2979 832 3051 invisibilem,
855 2997 914 3061 qua
936 2996 1037 3041 serora
1058 2989 1088 3039 et
1109 2982 1238 3058 spiritus
1253 2978 1318 3047 bet,

99 3081 133 3124 «a
153 3065 342 3126 substantiae
363 3065 533 3126 conditione
554 3068 614 3124 iam
635 3081 726 3134 nuno,
749 3074 779 3125 et
800 3081 859 3144 qua
871 3063 953 3125 Deus
975 3072 1005 3123 et
1025 3079 1124 3124 emmo
1147 3071 1176 3124 et
1190 3066 1318 3141 spiritur

98 3147 242 3210 visibilem
264 3164 337 3211 uero
359 3158 430 3212 onte
452 3165 574 3210 aarum
596 3147 706 3224 (ibid).
746 3146 903 3220 Quomodo
926 3153 1023 3208 autem
1045 3153 1113 3207 ante
1135 3153 1318 3225 assumptam

98 3249 213 3292 mmem
243 3249 277 3292 se
305 3231 513 3312 aspectabilem
540 3232 720 3312 praebuerit,
752 3231 832 3294 bunc
852 3231 900 3293 ille
921 3231 1031 3293 ibidem
1053 3230 1177 3310 explicat
1197 3229 1227 3291 in
1249 3249 1317 3291 mo-

97 3315 179 3378 dom:
217 3317 352 3397 Apparet
380 3327 465 3382 retro
495 3334 614 3396 sesnper
641 3321 674 3379 in
702 3317 823 3396 speculo
853 3327 883 3380 et
911 3319 1076 3396 aenigmate
1102 3328 1132 3378 et
1153 3317 1270 3378 visione
1291 3325 1321 3378 et

97 3405 211 3464 sonnio
235 3401 340 3472 Deum,
362 3403 460 3463 idest
482 3399 668 3472 filiumdei,
690 3405 789 3463 uisum
812 3410 874 3463 tam
892 3400 1081 3482 patriurchis
1103 3411 1133 3462 et
1151 3399 1319 3480 prophetia,

96 3483 583 3651 u
596 3485 856 3634 tecue
870 3485 1322 3647 taceamne

97 3657 156 3714 nisi
174 3656 261 3735 [orte
281 3657 315 3714 in
336 3653 459 3734 speculo
483 3664 511 3715 et
532 3658 563 3716 in
579 3657 743 3732 oeniqenote
766 3697 967 3715 .......
991 3655 1052 3715 Aut
1066 3651 1209 3732 numquid
1223 3649 1320 3712 Filius

95 3740 209 3818 miden
232 3737 392 3800 uidebatur
412 3749 444 3802 et
465 3741 509 3799 sic
536 3737 659 3816 soum?
687 3739 740 3799 sed
761 3742 861 3818 aprum
883 3737 938 3800 bac
959 3739 992 3798 in
1014 3739 1130 3798 cisione
1152 3743 1182 3794 et
1203 3735 1320 3794 somnio

96 3835 123 3885 et
142 3821 267 3904 speculo
290 3835 320 3886 et
340 3826 515 3902 aeniqsnote,
537 3825 607 3902 quia
628 3839 728 3884 senno
752 3832 781 3883 et
802 3825 932 3902 spiritus
947 3823 1010 3882 nisi
1022 3819 1203 3898 imaginaria
1217 3817 1321 3895 sonum

96 3907 193 3968 uideri
212 3925 278 3969 non
296 3915 400 3987 potest
421 3904 532 3982 (ibid).

178 3991 254 4063 Quis
276 3998 374 4052 autem
396 3990 445 4050 bis
466 3989 573 4052 auditis
596 3987 768 4055 Terurlliani
788 3987 888 4050 verbis
908 3987 1004 4067 palem
1026 4002 1087 4046 oon
1110 3985 1236 4045 fateatur
1252 3991 1320 4044 tan·

95 4081 155 4136 lum
176 4075 296 4147 abesse,
319 4083 354 4135 ut
373 4073 422 4135 ille
444 4093 490 4148 eo,
513 4073 592 4153 quod
603 4074 691 4135 Pater
712 4071 868 4134 invisibilis
891 4081 921 4133 et
934 4071 1027 4132 Filius
1049 4066 1173 4130 visibilis
1195 4067 1320 4142 dicatur,

95 4157 182 4220 buius
209 4159 361 4237 negaverit
388 4157 579 4232 diunitatem,
612 4156 682 4236 quin
704 4157 804 4236 potius
827 4157 896 4218 inde
917 4153 1213 4218 adversus·Praxean
1234 4152 1322 4231 plano

96 4243 232 4304 conficiat
253 4243 383 4304 eundem
397 4239 502 4304 Filium
518 4241 571 4304 Ilei
592 4259 696 4304 rerum
718 4259 785 4302 esse
806 4241 911 4314 Deum,
934 4239 983 4317 qui
1006 4237 1070 4298 solo
1092 4235 1214 4300 modulo
1238 4238 1321 4299 deri·-

96 4329 240 4399 oatr'onir,
270 4326 299 4387 id
329 4333 378 4388 est
404 4343 534 4404 persona
564 4343 617 4389 sua
649 4324 774 4388 aPetre
795 4343 851 4386 suo
874 4319 1085 4401 distinguitur?
1130 4320 1322 4394 Quinetiam

97 4409 240 4471 affirmate
268 4409 440 4488 pronuntiat
467 4411 592 4472 eundem
614 4410 721 4472 Filium
741 4409 805 4480 Dei,
836 4415 980 4486 quatenus
1009 4423 1109 4468 sermo
1139 4413 1169 4467 ct
1196 4403 1321 4483 spiritus

100 4499 155 4564 est,
177 4492 284 4554 eodem
304 4510 429 4571 prorsus
451 4512 509 4574 quo
532 4495 620 4556 Pater
640 4493 729 4556 modo
751 4491 844 4555 luisse
865 4489 1053 4553 invisibilem.
1096 4489 1164 4552 Non
1180 4489 1323 4551 diffitetur

101 4581 198 4640 umen
220 4575 312 4652 illum
334 4585 489 4660 autequam
511 4597 628 4643 mmem
643 4576 848 4660 assumpserit,
870 4593 938 4639 sese
958 4574 1132 4658 patriarchis
1147 4573 1323 4656 praebuisse
