3166 5250
520 397 654 442 onerosa
676 398 734 439 urc.
757 398 793 438 ts
816 398 966 475 unauna..
1234 391 1240 457 ζ
1276 387 1339 448 457

123 565 179 608 seu
194 545 271 606 lema
294 546 435 606 candente
457 552 686 624 examinantem,
709 555 806 608 utrum
828 547 908 610 bans
930 547 1025 628 aliqua
1045 567 1106 610 non
1127 549 1231 614 lateret
1251 571 1285 614 aa
1298 553 1339 616 illi

123 649 224 692 revera
245 631 354 691 mortui
377 639 488 691 essent.

209 745 351 821 Vidimus,
373 747 469 827 pergit
483 748 540 823 ille,
564 761 592 811 et
614 748 695 811 loeis
717 751 857 829 fratrem
880 749 1018 810 nimirum
1032 751 1198 826 Plutonem,
1221 753 1339 831 pladia-

1 880 7 908 ,
122 843 227 894 taram
254 834 402 894 cadavera
429 852 496 895 cam
523 833 632 896 malleo
669 833 741 905 sire,
778 841 811 895 ut
839 835 868 895 in
897 833 972 896 libro
1002 835 1039 896 ad
1061 835 1199 898 Nationes
1222 838 1337 917 legitur,

120 935 352 1063 detti)
367 915 759 1081 ttbltltdttud
780 919 1337 1086 :dileetissimis
1381 1047 1389 1056 .

121 1085 344 1147 terimebantur.
368 1087 586 1159 Quamobrem
615 1086 761 1149 scribebat
783 1087 909 1149 Seneca:
947 1089 1098 1170 Numquid
1125 1091 1251 1172 aliquem
1275 1113 1338 1156 esse

0 1194 1 1203 ¹
122 1184 185 1234 tam
208 1173 348 1252 anpa'dum
370 1177 449 1234 aecae
468 1183 575 1252 patae,
608 1183 643 1234 ut
670 1173 808 1252 iuqulari
832 1177 864 1233 im
891 1173 1040 1253 spoliaria
1069 1193 1157 1256 quam
1186 1181 1219 1238 iu
1241 1196 1337 1240 arena

0 1289 1 1292 =
120 1255 209 1316 malit
229 1255 348 1330 (Senes.
370 1255 464 1336 Epist.
487 1258 537 1320 94.
562 1256 617 1318 sub
638 1257 689 1317 lin.
712 1275 776 1337 pag
800 1255 910 1334 astu
952 1257 1039 1319 Plura
1066 1268 1164 1321 autem
1191 1261 1239 1321 illo
1267 1261 1335 1323 alibi

1 1415 2 1418 ,
57 1400 59 1404 -
122 1339 228 1420 (Epist.
252 1339 312 1401 Vll.
334 1359 400 1420 pag.
425 1344 508 1417 172.)
544 1341 580 1402 de
608 1341 816 1420 gladiatoribus
838 1342 1017 1416 meridianis,
1040 1351 1128 1422 atque
1150 1345 1237 1406 etiarn
1259 1347 1335 1408 Sue-

121 1425 222 1492 tonius
255 1423 389 1497 )Sueton.
412 1425 442 1486 iu
465 1425 527 1486 Vita
550 1425 648 1487 Cdaud.
672 1423 799 1505 amplat
830 1435 859 1487 et
881 1426 1000 1505 Caligul.
1023 1446 1085 1506 cap.
1109 1433 1150 1494 26
1179 1437 1208 1490 et
1231 1436 1336 1510 seqq),

1 1498 2 1542 t
120 1528 197 1588 quos
220 1509 339 1581 videsis,
363 1508 438 1571 siout
459 1511 658 1590 Lampridium
682 1509 842 1589 (Lamprid.
865 1511 895 1572 in
918 1512 980 1572 Vita
1003 1512 1180 1590 Commodi),
1203 1516 1240 1577 de
1262 1533 1335 1596 spo-

122 1593 217 1668 liario,
240 1594 270 1654 iu
293 1595 371 1672 quod
394 1595 540 1674 gladiores
562 1613 638 1656 unco
662 1595 857 1656 trahebantur.

208 1712 359 1784 Quosdam
391 1731 483 1794 porro
516 1711 655 1774 admirari
688 1713 783 1784 subit,
826 1715 875 1793 qui
903 1714 933 1775 in
962 1714 1019 1776 boo
1051 1714 1220 1778 Tertulliani
1255 1726 1336 1780 textu

122 1795 264 1876 scriptum
286 1791 401 1858 nolunt:
433 1797 561 1860 Vidimus
585 1809 613 1860 et
635 1799 674 1860 ad
695 1798 776 1860 lonas
797 1799 927 1876 [notram
957 1798 1070 1870 (laban.
1092 1801 1191 1880 Argoi.
1214 1801 1281 1863 Not.
1305 1803 1336 1866 iu

124 1881 259 1960 Onupbr.
275 1879 392 1942 Panviu.
415 1883 451 1942 de
467 1881 540 1942 Lud.
557 1882 676 1943 Circens
700 1901 761 1964 cap.
779 1886 833 1956 2),
857 1882 939 1962 quasi
962 1883 1082 1944 dixerit:
1106 1885 1236 1947 Vidimus
1259 1905 1334 1948 eun-

123 1965 191 2026 dem
214 1965 396 2039 Mercurium,
425 1967 475 2045 qui
496 1967 688 2045 gladiatorum
711 1968 848 2028 caelavere
864 1987 930 2028 non
954 1967 1049 2030 salum
1072 1971 1200 2037 cauterio
1223 1971 1335 2032 exami-

122 2048 228 2122 nabat,
262 2051 314 2111 sed
335 2051 385 2130 qui
408 2070 461 2113 eos
490 2051 664 2112 etiamnum
687 2052 790 2113 malleo
813 2051 974 2113 deducebat
994 2052 1030 2114 ad
1052 2052 1223 2127 Plutonem,
1257 2054 1335 2118 loris

122 2138 242 2196 fratrem
270 2135 332 2195 sive
361 2135 396 2196 ad
418 2134 540 2198 interos.
557 2145 565 2163 ⁴
583 2135 648 2196 Non
671 2137 747 2198 enim
771 2137 900 2198 animum
923 2138 994 2197 satis
1016 2137 1177 2200 advertisse
1199 2137 1337 2202 videntur

1 2219 2 2224 ’
120 2219 157 2280 ad
186 2218 259 2281 baec
288 2219 419 2281 eiusdem
448 2219 619 2282 Tertulliani
646 2222 675 2281 in
703 2221 779 2282 libro
809 2221 843 2282 ad
872 2219 1013 2282 Nationes
1041 2221 1145 2284 verba:
1183 2224 1335 2304 dispater,

120 2304 202 2367 lavia
223 2306 342 2383 frater,
364 2305 568 2385 qladiatorum
590 2311 729 2386 exequiae
753 2325 819 2368 eum
840 2307 947 2368 malleo
972 2307 1102 2384 deducit,
1132 2327 1190 2390 quo
1214 2309 1335 2370 Mercu-

122 2395 188 2451 rius
211 2393 242 2450 in
265 2389 385 2454 calvitio
404 2391 601 2468 pennatulus,
624 2395 657 2451 iu
681 2393 825 2452 caducaeo
850 2389 994 2469 ipa-italus
1019 2409 1149 2472 carpana
1164 2399 1336 2457 exanimata

120 2479 180 2536 iam
201 2483 365 2536 mortemve
387 2475 561 2536 simulantia
584 2493 598 2535 a
623 2478 756 2536 cauterio
776 2477 888 2556 probat
910 2475 1093 2547 (Tertullian.
1108 2476 1158 2538 lib.
1173 2477 1195 2537 l.
1219 2479 1255 2539 ad
1270 2479 1335 2540 Nat.

122 2577 185 2636 cap.
211 2562 283 2632 10.)
314 2557 472 2636 Utriusque
494 2559 582 2636 igitur
603 2559 731 2620 alliciam
753 2559 906 2638 distinguit
927 2569 955 2620 et
976 2561 1111 2622 blerourii
1134 2561 1262 2640 quidem,
1284 2563 1334 2641 qui

121 2641 305 2704 examinabat
326 2652 424 2703 utrum
446 2643 621 2722 gladiatores
644 2643 750 2704 mortni
774 2651 883 2714 essent,
907 2651 937 2702 et
950 2643 1094 2716 Plutonis,
1117 2646 1166 2724 qui
1189 2656 1334 2720 mortuos,

122 2727 185 2788 sive
207 2746 310 2789 eorum
333 2727 470 2808 exequias
493 2727 654 2789 deducebat
675 2727 704 2786 iu
728 2726 908 2806 spoliarium.
953 2727 994 2788 De
1027 2729 1075 2789 bis
1110 2730 1253 2808 siquidem
1286 2731 1347 2812 ille

120 2811 260 2890 loquitur,
284 2812 408 2890 quaein
431 2812 622 2892 gladiatorum
646 2811 722 2872 ludis
745 2812 807 2871 lieri
830 2821 1052 2872 consueverant.
1082 2810 1159 2873 Alias
1175 2813 1334 2874 verobler-

121 2897 219 2957 curius
237 2896 384 2957 terebatur
398 2897 536 2972 caduceo,
560 2915 613 2958 seu
627 2897 705 2974 virga
728 2893 871 2957 deducere
893 2896 928 2956 ad
951 2902 1068 2964 tartara,
1090 2898 1334 2974 quemadmodum

123 2981 160 3040 de
181 2981 230 3042 illo
250 2981 329 3048 ,canit
351 2981 501 3061 Virgilius:

275 3099 345 3160 Tum
367 3105 484 3180 virqam
506 3103 589 3178 oepit,
614 3097 668 3158 baa
690 3101 804 3160 aniame
826 3097 878 3158 ille
900 3109 1003 3158 evocat
1028 3097 1107 3160 Orco

276 3183 434 3255 Pallentes,
458 3184 535 3246 alias
557 3183 612 3244 aab
636 3186 739 3245 tristia
763 3181 892 3246 Tartara
914 3185 1013 3258 mittit,

276 3268 336 3330 Dm
358 3287 478 3330 somnos
500 3269 658 3346 adiau'tque
681 3281 709 3330 et
731 3267 844 3352 lumina
865 3263 962 3328 marte
984 3270 1128 3345 resipiant.
1273 3311 1280 3316 -

552 3351 662 3430 (Virgil.
685 3349 804 3412 deneid.
827 3349 877 3410 lib.
900 3350 945 3411 lV.
968 3369 994 3411 r.
1018 3353 1080 3416 tta
1103 3359 1133 3414 ot
1155 3357 1249 3432 seqq.)
1322 3427 1325 3440 Ι

124 3471 202 3532 snos
229 3489 321 3550 porro
349 3470 421 3532 deos
445 3470 553 3531 ethnici
575 3487 635 3529 non
658 3469 688 3529 in
704 3468 833 3548 'publicis
863 3476 974 3534 tautum
996 3469 1169 3547 spectaculis
1198 3480 1228 3532 et
1249 3491 1335 3533 eavea

123 3554 291 3628 irridebant,
315 3555 368 3616 sed
391 3555 422 3616 iu
444 3555 559 3616 illorum
584 3554 668 3614 etiam
692 3554 820 3634 templis
843 3553 892 3614 ubi
909 3571 980 3615 sone
995 3553 1062 3626 illis,
1086 3554 1179 3616 sicubi
1196 3573 1333 3633 unquam,

121 3641 211 3702 divini
234 3640 365 3702 bonores
393 3639 518 3700 habendi
546 3647 637 3700 erant.
682 3639 714 3698 lu
747 3639 783 3699 iis
816 3638 964 3698 enimvero
998 3637 1097 3699 videre
1128 3646 1204 3713 erat,
1241 3640 1335 3717 inquit

122 3725 329 3797 Tertullianus,
353 3723 503 3786 adulteria
525 3727 669 3802 campani,
692 3727 772 3784 inter
794 3741 866 3784 aras
891 3723 1037 3784 lenocinia
1053 3727 1191 3797 tractari,
1213 3727 1246 3783 in
1262 3728 1334 3802 ipsis

118 3809 295 3891 plerumque
318 3809 507 3872 aedituorum
528 3826 562 3867 ac
585 3807 773 3868 sacerdotum
795 3805 1012 3877 tabernacutis,
1046 3824 1106 3867 nou
1134 3825 1219 3866 secus
1248 3815 1334 3883 atque

65 3930 67 3934 ι
122 3891 153 3954 in
168 3893 367 3972 lupanaribus,
390 3893 444 3956 aad
466 3893 570 3956 iisdem
592 3895 673 3953 vittis
686 3889 821 3968 ‘ipsorum
837 3903 864 3952 et
885 3891 1018 3972 apicibus
1041 3901 1069 3952 et
1080 3895 1229 3970 purpuria
1246 3890 1335 3951 tbure

124 3979 275 4058 slaqraute
300 3978 448 4039 libidinem
470 3981 603 4057 enpuaqi
623 3973 803 4049 (Tertullion.
826 3973 976 4052 dpologet
1006 3993 1067 4052 cap.
1093 3978 1164 4048 15),
1200 3993 1252 4034 seu
1280 3993 1332 4034 ex-

123 4061 212 4140 primi
234 4069 318 4140 atque
341 4061 459 4141 expleri.
503 4061 563 4121 Nee
584 4059 652 4132 tibi,
676 4077 801 4137 quaeso,
831 4065 967 4136 suspecta
989 4059 1029 4120 sit
1050 4058 1111 4118 eius
1134 4057 1216 4118 fides.
1260 4057 1333 4119 Nam

123 4145 280 4217 luvenalis,
302 4147 417 4208 tametsi
432 4145 576 4217 ethnicus,
600 4163 665 4204 cum
688 4151 767 4203 tanta
788 4141 894 4220 flagitia
917 4144 993 4202 terre
1015 4161 1074 4202 non
1089 4149 1202 4220 posset,
1225 4162 1258 4204 ea
1273 4159 1334 4206 nan

121 4231 187 4294 sine
211 4249 323 4292 summo
346 4231 545 4310 indignatione
567 4229 613 4290 his
635 4225 769 4289 versibus
793 4227 931 4305 exagitat:
1127 4239 1130 4244 ’

231 4424 234 4428 ,
276 4349 382 4442 llqper
403 4353 481 4412 emim
502 4362 537 4412 ut
558 4359 661 4429 repeto
682 4349 789 4427 sanaem
812 4345 901 4407 laidis
924 4355 952 4406 et
975 4343 1177 4422 Ganymedem,

276 4435 361 4498 Pacis
384 4447 412 4498 et
434 4436 572 4496 advectae
594 4443 709 4495 secreta
727 4430 844 4510 palatia
867 4429 986 4504 Matris,

276 4521 315 4581 llt
339 4521 491 4583 Cererem:
514 4537 584 4580 uam
605 4535 661 4598 qua
685 4535 746 4578 nau
765 4525 886 4594 prostat
906 4514 1018 4594 semino
1042 4511 1173 4592 templa?

640 4599 779 4676 (luvenal.
804 4598 891 4660 Satir.
915 4595 964 4658 lx.
987 4616 1013 4656 v.
1038 4599 1077 4662 22
1093 4606 1130 4674 ,et
1152 4604 1247 4680 seqq.)
