3114 5240
264 377 324 437 144
345 391 537 436 nrssaararro
552 393 583 434 ιιι
598 393 645 443 on.
661 390 745 436 serr.
761 391 846 436 raca.
862 391 1055 436 ιιιιιιιιιιιιιιι
1069 391 1295 436 aroaocamcou
1310 391 1393 434 carr.

188 602 194 619 ,
260 541 405 604 eiusmodi
430 542 581 622 praesides
609 543 728 622 impune
756 551 919 617 evaserunt,
951 541 1053 603 numo
1081 540 1133 603 Dei
1160 541 1267 603 iudicio
1296 541 1468 621 punientur.

260 625 400 706 Scapulae
422 647 500 707 ergo,
523 626 616 706 inquit
629 627 736 688 Auctor
757 636 868 702 noster,
890 626 956 688 ideo
973 635 1036 688 erat
1049 626 1220 700 timendum,
1242 625 1467 706 quialldrume-

259 710 348 778 tierrm
369 711 514 774 ldarillum
540 712 627 791 paulo
656 719 722 774 ante
748 711 818 774 illud
840 711 958 774 exitium
979 711 1168 792 Byzantinnm
1189 711 1226 772 ad
1246 710 1356 772 bestias
1380 711 1466 774 dam-
1545 717 1546 736 ¹

258 804 377 856 neverat
397 795 474 876 (cap.
496 800 549 872 3.).

342 879 425 942 Serio
446 889 543 943 tamen
563 879 644 942 illum
665 881 811 954 admonet,
833 879 905 942 haec
925 899 943 942 a
964 899 996 942 se
1018 879 1241 942 commemorari
1253 887 1466 958 nonpropter-

258 985 292 1028 ea
320 966 436 1044 quidem
464 965 542 1045 quod
564 965 628 1044 ipse
649 965 755 1044 aliquid
778 965 924 1038 lormidet,
954 971 1004 1028 aut
1024 973 1056 1026 ut
1078 966 1203 1026 eundem
1225 964 1380 1043 Scapulam
1401 973 1466 1026 ter-

257 1058 334 1123 reat,
365 1050 418 1112 sed
440 1050 507 1130 quia
527 1050 589 1110 vult
610 1067 713 1110 omnes
736 1049 832 1110 salvos
855 1048 927 1110 lieri.
971 1049 1158 1128 Quapropter
1179 1048 1260 1111 illum
1281 1048 1466 1122 adhortatur,

257 1142 290 1196 ut
316 1151 429 1196 morem
458 1143 539 1212 gerat
564 1133 686 1214 legibus,
715 1151 788 1213 quae
814 1133 926 1196 mallum
946 1151 1040 1206 reum,
1071 1133 1129 1194 nisi
1151 1133 1273 1194 crimina
1294 1135 1467 1195 consessum

256 1227 423 1284 autecrum
449 1219 622 1292 connicmm,
652 1219 739 1298 plecti
758 1217 948 1298 praecipiunt
993 1218 1129 1298 Exentpla
1150 1217 1255 1280 deinde
1276 1218 1303 1278 ei
1325 1218 1468 1298 praeponit

256 1303 348 1366 Cincii
380 1304 490 1377 Severi,
522 1303 676 1383 Vespronii
708 1301 845 1376 Candidi,
877 1302 991 1382 Asperi,
1023 1302 1177 1376 Pudentis,
1207 1302 1256 1382 qui
1291 1302 1465 1364 innoeentes

256 1389 438 1452 Christianos
467 1389 661 1450 condemnare
688 1387 850 1449 noluerant
894 1387 1051 1460 Quomodo
1081 1395 1178 1448 autem
1207 1388 1263 1448 hos
1289 1385 1464 1462 imitaretur,

256 1491 413 1554 suggerere
435 1473 461 1535 ei
482 1480 619 1554 poterant
639 1471 780 1545 advocati,
802 1471 1077 1569 quihusChristiani
1098 1490 1159 1532 non
1180 1471 1299 1533 minima
1320 1489 1393 1533 sane
1407 1471 1464 1533 be-

254 1560 358 1620 neticia
385 1559 575 1620 contulerant
619 1557 684 1618 Non
713 1557 809 1618 selum
836 1557 913 1618 enim
942 1557 1088 1618 eiecerant
1115 1557 1268 1618 daemonia
1289 1575 1324 1617 ex
1345 1556 1464 1617 illonrm

253 1644 369 1705 notario
392 1643 514 1704 etalio
521 1659 623 1704 eorum
645 1642 827 1721 propinquo.
855 1643 907 1703 sed
928 1643 1001 1704 alios
1024 1640 1111 1704 ιιίιιιι
1133 1640 1246 1702 morbis
1268 1641 1377 1702 affictas
1400 1641 1461 1702 mi·

254 1729 384 1789 rabiliter
406 1735 587 1788 sanaverant

339 1811 417 1884 Quin
444 1811 531 1873 etiam
552 1810 716 1872 Severus
708 1829 746 1870 rm
769 1818 877 1884 arator,
906 1809 1043 1870 Antonini
1072 1810 1233 1872 christiano
1254 1809 1326 1871 tane
1346 1763 1461 1870 educati
1544 1831 1546 1844 ι

253 1905 346 1977 pater,
370 1915 435 1956 cum
463 1895 532 1956 olim
552 1894 688 1956 similiter
708 1913 740 1955 sa
780 1903 826 1956 tus
849 1895 953 1956 luisset
973 1893 1050 1968 oleo,
1079 1895 1159 1974 quod
1179 1894 1322 1956 Proutlus
1343 1893 1462 1972 Torpa-

254 1982 320 2043 don
349 1979 543 2052 Christianus,
572 1978 722 2040 Euhodiae
749 1986 932 2076 proseratur,
960 1979 1089 2052 dederat,
1122 1997 1184 2040 non
1211 1979 1300 2040 modo
1329 1997 1396 2038 eum
1426 1979 1462 2040 ad

252 2075 491 2162 monemusque
513 2063 543 2124 in
564 2061 670 2142 palatio
692 2081 747 2124 suo
769 2063 898 2134 retinuit,
922 2063 974 2123 sed
995 2064 1174 2125 clarissimas
1197 2064 1340 2134 foeminas
1355 2071 1386 2123 et
1400 2063 1462 2124 cla-

252 2151 389 2212 rissimos
412 2149 502 2221 viros,
530 2147 706 2210 christianae
727 2147 879 2225 religionis
901 2147 1002 2208 itidem
1025 2157 1185 2210 secutores
1207 2165 1354 2228 nunquam
1376 2147 1465 2210 laesit

252 2235 417 2314 restititque
438 2234 548 2314 populo
569 2229 804 2293 in'Christianos
825 2231 919 2312 palam
942 2232 1205 2296 intromittamus
1227 2249 1343 2312 quoque
1364 2233 1462 2294 huro-

252 2319 330 2382 lius
323 2339 351 2379 ιιι
367 2318 539 2380 Germanica
554 2317 739 2396 expeditione
754 2315 889 2390 imbrem,
905 2317 1043 2379 exercitui
1055 2336 1110 2379 suo
1122 2319 1239 2398 penitus
1250 2317 1462 2392 necessarium,

252 2403 417 2485 impetravit
428 2401 571 2498 precihus
581 2401 823 2474 Christiancmm,
845 2401 895 2481 qui
909 2410 939 2463 et
950 2402 1043 2463 alios
1035 2421 1065 2462 m
1079 2421 1149 2465 casu
1161 2402 1248 2464 simili
1264 2401 1462 2479 obtinuerant.
1528 2443 1532 2452 .

336 2487 412 2560 Quid
441 2505 511 2566 ergo
533 2486 670 2566 iniquius,
698 2505 785 2565 quam
807 2486 908 2548 iubere
930 2486 1123 2561 OErristiancS,
1152 2486 1281 2548 sedulam
1303 2475 1463 2548 virtutibus

252 2573 387 2635 omnibus
411 2591 529 2650 operam
551 2579 700 2641 natantes,
722 2589 783 2630 non
803 2579 914 2632 tautum
928 2571 1034 2650 gladio,
1055 2572 1301 2651 quemadmodum
1322 2571 1462 2650 aLegio-

250 2657 297 2719 nis
326 2666 356 2718 et
376 2655 563 2718 llauritianae
590 2654 785 2736 praesidibus,
814 2673 850 2715 ex
876 2663 1006 2716 veterum
1036 2655 1131 2735 legum
1158 2657 1339 2736 praescripto
1367 2656 1486 2731 leriri,·

251 2743 303 2804 sed
320 2743 403 2803 rivos
431 2742 518 2802 etiam
541 2737 698 2801 comburi?
741 2741 847 2801 Verum
869 2739 1066 2802 Tertullianus
1088 2741 1182 2820 palam
1203 2742 1356 2821 profitetur
1387 2741 1462 2804 haec

250 2827 390 2906 supplicia
419 2825 629 2887 aChristianis
656 2824 749 2904 magis
783 2824 876 2904 optari
905 2843 991 2904 qumn
1012 2825 1118 2886 timeri.
1163 2825 1235 2887 Cum
1257 2825 1333 2886 enirn
1354 2825 1461 2886 Arrius

248 2913 412 2974 Antoninus
434 2911 465 2971 in
487 2927 539 2970 ecs
560 2909 708 2971 crudelius
730 2909 864 2980 saeviret,
887 2909 1024 2971 omnibus
1045 2911 1075 2970 in
1097 2911 1183 2972 Asiae
1204 2911 1318 2971 civitate
1333 2927 1402 2970 sese
1417 2910 1461 2972 illi

248 2998 324 3058 ultro
353 2995 546 3058 offerentibus
574 2994 744 3074 respondit:
781 2995 818 3055 sa·
844 2995 937 3056 cultis
957 2999 1069 3075 perire,
1095 2999 1274 3076 praecipitia
1295 3005 1348 3056 ιιιιι
1366 2995 1460 3072 [waes

249 3083 371 3144 bebetis.
416 3080 493 3153 Quid
515 3079 601 3160 igitur
624 3078 746 3157 Scapula
769 3077 853 3140 iaciat
874 3078 1037 3140 innumeris
1057 3079 1272 3158 propemodum
1283 3078 1457 3140 Christianis

249 3164 547 3244 Carthaginiensibus,
569 3163 639 3244 quid
661 3163 707 3224 sui
728 3162 840 3224 ordinis
863 3162 1043 3236 hominibus,
1065 3164 1135 3242 quid
1149 3165 1322 3245 propinquis
1336 3169 1365 3224 et
1378 3165 1459 3224 ami-

248 3250 300 3322 cis,
334 3249 382 3327 qui
416 3257 522 3326 sponte
550 3267 603 3309 sua
631 3265 697 3308 sese
726 3247 765 3308 illi
792 3249 941 3309 necandos
963 3247 1112 3328 olierenti
1156 3249 1353 3322 Quamobrem
1375 3248 1459 3311 illurn

247 3333 389 3406 hortatur,
412 3341 445 3393 ut
465 3340 564 3410 parcat
585 3331 751 3412 Carthagini
773 3339 802 3392 et
821 3333 1000 3410 provinciae,
1022 3351 1107 3412 quam
1129 3334 1253 3395 militum
1276 3341 1305 3394 et
1319 3333 1459 3394 immico-

247 3435 312 3479 rum
335 3417 578 3478 concussionibus
599 3417 755 3477 obnoxiam
778 3417 855 3478 lecit.
899 3417 977 3478 Deus
997 3419 1077 3478 enim
1098 3416 1180 3480 solus
1204 3427 1251 3480 est
1270 3417 1460 3480 Christiano·

139 3547 145 3554 -
246 3521 320 3564 rum
341 3501 488 3579 magister,
518 3501 566 3580 qui
595 3508 661 3561 ante
689 3501 784 3579 ipsum
815 3509 886 3575 erat,
915 3521 971 3563 nee
997 3502 1033 3563 ab
1060 3501 1229 3566 hominibus
1258 3503 1326 3564 mali
1347 3503 1459 3582 aliquid

245 3588 307 3668 pati
327 3595 440 3667 potest;
462 3592 562 3647 eontra
585 3605 654 3646 vero
677 3603 751 3664 quos
774 3586 896 3663 Scapula
917 3587 1073 3665 magistros
1095 3587 1192 3660 habet,
1219 3588 1354 3650 homines
1376 3597 1459 3662 sunt,

245 3671 401 3752 aliquando
422 3669 567 3732 morituri.
610 3670 751 3748 Denique,
773 3669 912 3748 quidquid
935 3671 982 3732 ille
1003 3680 1078 3750 agat,
1101 3691 1160 3732 non
1183 3673 1297 3734 deficiet
1311 3673 1459 3734 Christia-

245 3777 352 3820 norum
380 3763 469 3828 secta,
499 3773 572 3834 quae
599 3763 662 3816 tum
689 3754 777 3815 etiam
805 3755 918 3827 crescit,
948 3775 1014 3816 cum
1041 3757 1122 3818 caedi
1143 3757 1267 3818 videtur.
1311 3757 1457 3837 Quisquis

141 3839 143 3844 ’
220 3907 226 3920 ,
244 3861 369 3922 namque
392 3839 546 3920 investigat
566 3847 595 3901 et
615 3839 757 3917 agnoscit,
780 3839 882 3900 curilli
896 3849 954 3901 tam
970 3849 1136 3902 constanter
1151 3843 1296 3920 quaelibet
1309 3851 1458 3904 tormenta

244 3930 400 4084 patiarptur,
427 3926 476 4074 lpic
505 3935 574 3986 tunc
593 3923 743 3986 veritatem
766 3925 917 4004 cognoscit
939 3933 968 3985 et
989 3925 1103 3988 illorum
1126 3927 1310 4006 amplectitur
1331 3927 1456 4007 religio-

244 4031 312 4073 nem
348 4031 409 4090 cap.
454 4019 484 4087 .).

742 4127 907 4179 hlll‘lClJLUS
927 4129 955 4179 ll.

245 4213 372 4258 Ostenditur
390 4215 547 4258 l'ertutlinuum
574 4215 638 4258 huius
656 4215 704 4258 libri
729 4226 779 4258 esse
798 4223 923 4266 auctorem3
947 4215 1025 4270 quibus
1044 4215 1162 4259 rationibus
1181 4215 1208 4260 ad
1226 4216 1287 4259 illum
1305 4223 1354 4271 post
1370 4215 1454 4272 apoto-

245 4281 340 4336 gaticum
363 4289 384 4324 ιι
407 4281 473 4325 libres
491 4283 525 4326 hd
539 4283 642 4327 Nationes
668 4283 776 4326 edendum
794 4283 997 4338 impulsus'lherita
1023 4295 1066 4338 quo
1086 4291 1181 4339 ternpore
1200 4284 1260 4327 illum
1279 4283 1400 4339 scripserit,
1424 4297 1455 4328 ac

290 4350 316 4393 de
334 4350 465 4403 quibusdam
482 4351 574 4396 amnicis
591 4341 762 4406 proconsulibus
780 4363 806 4394 ac
824 4351 948 4406 praelectis,
966 4349 1004 4405 qui
1021 4359 1059 4394 cut
1076 4353 1187 4396 crudelius
1205 4359 1242 4396 aut
1259 4351 1331 4396 mitius
1351 4364 1402 4396 cum

727 4419 854 4462 Christianis
872 4425 971 4473 egenam.

328 4514 439 4576 Omnes
456 4533 560 4594 magne
589 4535 659 4578 sane
687 4517 874 4597 unanimique
902 4533 1050 4579 consensu
1080 4519 1208 4580 latentur
1240 4517 1452 4580 Tertullianum

243 4600 331 4666 huius
353 4597 420 4662 libri
442 4617 544 4662 rerum
565 4619 631 4664 esse
652 4611 813 4682 parentem.
843 4602 950 4682 Ecquis
970 4603 1095 4665 veroid
1115 4621 1221 4683 negare
1236 4603 1349 4677 audeat,
1371 4603 1453 4682 qrrod
