3132 5238
434 402 569 446 acaronis
591 403 686 448 aaran
708 404 803 469 meix.
824 406 903 450 πυ.
924 407 954 450 ii.
1257 393 1300 461 65

167 550 305 614 Tertium
327 551 453 632 deniqne
475 561 656 617 momentum
669 556 746 630 luit,
769 556 858 636 prad,
881 577 946 620 cim
967 559 1079 639 passim
1100 559 1156 622 sub
1179 559 1299 624 Tertul-

96 637 152 700 liani
172 637 300 698 nomiae
322 637 418 700 odinis
439 637 653 702 haereticorum
669 641 816 721 eclogas
839 650 867 704 et
879 643 1107 723 Praesciiptioni
1127 644 1300 708 Haeretica-

94 741 150 784 ram
163 721 346 784 subiunctas
360 722 528 795 haberetur,
543 724 574 784 iu
589 743 647 804 quo
664 726 856 789 montanistae
870 728 902 788 in
916 727 1131 791 baereticorum
1144 747 1300 794 numerum

92 807 223 870 ncaasiti
253 815 338 881 sunt,
367 807 577 870 Tertullianum
606 809 637 871 in
666 829 700 872 se
728 829 761 872 aa
788 829 859 874 suas
880 813 990 876 lenum
1012 831 1098 876 suum
1120 815 1301 878 convertisse

89 893 233 954 rideretur
258 891 378 953 omnino
400 893 602 972 improbabile.

165 977 279 1038 Terram
301 977 374 1038 haec
393 987 543 1040 momenta
563 997 624 1040 noa
646 980 717 1041 tanti
738 988 817 1055 sant,
839 989 872 1042 ut
892 981 973 1044 viros
995 983 1125 1046 eruditos
1145 985 1302 1047 debuerint

88 1079 292 1136 commorere,
321 1069 351 1123 et
371 1081 389 1124 a
409 1062 549 1137 vanitatis,
578 1081 652 1143 quac
680 1072 793 1128 tantum
815 1083 875 1127 non
896 1065 981 1129 ahin
1002 1075 1057 1144 est,
1079 1069 1227 1149 agnitione
1247 1088 1300 1131 re·

86 1165 202 1208 morari.

161 1230 209 1292 ad
230 1229 407 1292 methodum
429 1231 507 1293 anim
528 1232 606 1311 quud
628 1241 748 1314 spernat,
770 1252 857 1314 qaam
878 1236 915 1297 ad
928 1236 1120 1299 reriaoendos
1135 1239 1300 1300 haereticos

85 1315 219 1395 requiam
239 1315 273 1376 ia
287 1314 364 1376 libro
383 1315 420 1376 de
433 1315 670 1397 Praescriptione
684 1319 916 1393 Haereticorum,
938 1321 1039 1382 eadem
1053 1322 1139 1402 plane
1154 1330 1199 1384 est
1213 1341 1301 1402 quam

84 1401 206 1462 adhibet
235 1399 446 1479 compendiose
473 1401 539 1463 libri
560 1401 583 1463 l.
610 1404 751 1465 adversus
772 1404 949 1466 Marcionem
970 1423 1033 1484 cap.
1057 1411 1084 1468 1.
1108 1415 1137 1467 et
1157 1405 1224 1469 libri
1246 1407 1300 1468 ad·

83 1504 187 1548 sersus
208 1484 355 1546 Praxeam
376 1487 492 1564 cap.2.‚
515 1505 590 1566 quos
612 1488 687 1550 duos
708 1487 801 1550 libros
822 1489 1032 1550 aTertulliano
1053 1491 1110 1552 iam
1125 1492 1302 1554 Montanista

83 1571 212 1649 scriptos
235 1587 305 1632 esse
326 1577 451 1632 causat.
493 1570 695 1634 Posteriorem
715 1572 812 1634 locum
833 1573 980 1645 adscribo,
1002 1593 1059 1654 qua
1082 1575 1211 1654 regillam
1231 1576 1301 1638 lidei

81 1655 158 1734 apud
187 1653 371 1734 apostolicas
392 1653 537 1717 Ecclesiae
567 1655 664 1720 iibiiis
690 1665 835 1719 terrarum
862 1665 1009 1738 receptam
1031 1676 1048 1720 a
1067 1659 1177 1721 Praxea
1198 1660 1301 1722 violari

82 1749 211 1819 pugnat,
239 1748 270 1801 et
296 1757 364 1801 enai
390 1739 438 1800 rel
464 1759 518 1803 sua
544 1740 673 1802 novitate
695 1741 790 1803 obteri
812 1742 907 1804 docet
949 1743 1036 1804 Hanc
1056 1745 1145 1824 sidera
1166 1745 1301 1820 (eandem

79 1833 183 1886 autem
204 1823 359 1886 lormmam
381 1823 450 1886 lidei
471 1826 611 1887 retulerat
631 1843 718 1905 quam
733 1829 824 1888 relert
836 1826 903 1889 libri
918 1827 954 1889 de
968 1828 1202 1908 Praesoriptione
1216 1829 1297 1890 llae-

82 1908 249 1970 reticonim
268 1927 331 1988 esp.
356 1909 420 1984 13.)
442 1909 479 1971 ab
499 1913 585 1974 initio
607 1909 977 1992 eoanpeli'i'decacarrisse,
1000 1917 1089 1974 etiarn
1099 1925 1169 1976 aare
1176 1917 1300 1992 priores

80 2011 220 2074 pnoapne
250 1993 431 2064 baereticae,
462 1995 571 2056 aerim
598 2006 669 2057 ante
690 1993 839 2059 Praaeain
860 1996 1046 2068 besternain,
1076 1997 1217 2078 probabit
1238 2007 1301 2060 tarn

80 2083 151 2159 ipra
168 2081 338 2158 posteritas
362 2081 494 2140 ananiam
516 2079 751 2153 baereticorum,
785 2099 873 2161 pisani
893 2085 961 2161 ipsa
980 2079 1141 2142 novellitas
1162 2079 1301 2146 Promeae

81 2163 228 2224 lestmi.
276 2163 346 2236 Quo
364 2181 516 2245 peroepaie
540 2165 686 2226 aduersae
710 2169 871 2227 ani'aersaa
896 2165 1034 2226 haeresei
1049 2168 1109 2226 iani
1124 2163 1192 2228 lii'na
1203 2184 1299 2246 prae·

80 2249 250 2310 iubentem
270 2251 321 2319 sit,
344 2249 376 2309 id
397 2265 461 2310 esar
482 2266 597 2325 venai,
620 2250 819 2331 paadeaiaprie
838 2253 980 2329 prinnina,
1001 2250 1299 2323 intercalabantur,

81 2334 288 2414 quodcumqae
312 2337 478 2412 posternis.
523 2332 581 2395 Sed
608 2333 694 2394 salve
714 2337 774 2396 ista
792 2337 1050 2414 praescriptione,
1077 2338 1179 2414 ntipae
1202 2335 1300 2398 raam

78 2430 218 2496 propter'
235 2420 471 2480 instructionem
497 2427 526 2479 et
545 2421 739 2481 manitionem
770 2419 971 2500 pacnindaai,
1005 2419 1121 2481 drama
1144 2428 1189 2480 est
1209 2423 1301 2481 etioai

81 2502 303 2566 retractatibus
325 2500 420 2564 locas.

166 2585 229 2648 Nec
254 2584 285 2647 id
311 2585 402 2647 modo
430 2585 535 2648 suadet
558 2585 728 2648 Tertulliani
755 2586 785 2648 in
808 2585 882 2647 libro
904 2585 941 2646 de
962 2585 1197 2666 Praescriptione
1218 2587 1299 2650 llae-¹

84 2669 245 2732 reboatum
267 2669 437 2744 methodus,
458 2689 558 2732 remur
580 2689 615 2732 cx
630 2669 799 2732 Tertulliani
821 2669 893 2749 ipsis
913 2670 1011 2732 verbis
1031 2679 1130 2750 potest
1152 2672 1222 2734 satis
1244 2673 1299 2733 de-

82 2755 238 2834 prehendi.
284 2753 357 2816 Cum
379 2756 458 2818 euim
480 2765 590 2818 aarum
613 2755 652 2818 sit
673 2753 883 2816 Tertullianum
905 2754 942 2815 de
963 2754 1198 2832 praescriptione
1219 2755 1300 2816 liae·

82 2841 247 2902 retieorum
274 2839 455 2920 scripsisse,
476 2847 629 2919 anteqm
656 2837 763 2899 librum
785 2838 822 2899 de
844 2838 938 2898 Carne
960 2837 1068 2900 Christi
1089 2837 1300 2913 edidisset'(eo

82 2925 158 2986 enirn
180 2923 334 2986 uolumine
362 2925 407 2987 sic
427 2923 555 3003 loquitur
576 2941 639 3001 cap.
661 2924 692 2986 2.
736 2920 795 2983 Sed
812 2921 934 3003 planias
956 2921 1128 2984 lahsnoda·
1143 2927 1301 3002 praescri-

81 3009 240 3090 ptionibus
263 3010 412 3072 Macrian
436 3027 535 3071 omnes
558 3007 695 3068 barrem
717 3005 791 3067 alibi
809 3010 870 3066 iarn
886 3004 1084 3086 anisceias),
1116 3023 1178 3066 non
1201 3005 1300 3069 minus

82 3103 195 3156 oenum
217 3102 266 3154 est
280 3094 317 3154 de
331 3093 569 3173 Praescriptione
583 3089 804 3151 baereticorum
820 3088 976 3168 scripsisse
991 3089 1201 3152 Tertullianum
1215 3099 1299 3170 post-

83 3197 171 3254 quam
202 3178 301 3240 libros
332 3187 436 3240 canna
462 3177 639 3240 Mucianam
672 3173 772 3235 edidit.
815 3173 955 3253 Agnoscit
980 3174 1010 3235 id
1032 3173 1095 3258 ipse
1117 3175 1299 3239 Christianus

87 3261 186 3340 Lupias
206 3263 275 3324 loeo
298 3281 388 3342 supra
409 3281 427 3323 a
448 3279 495 3322 me
516 3259 608 3321 relato
629 3258 717 3337 idque
737 3275 798 3320 non
820 3258 946 3322 obscure
968 3277 1003 3321 eii
1025 3259 1091 3338 ipso
1112 3259 1178 3322 libri
1199 3260 1222 3322 Ι.
1241 3255 1300 3323 'ad-

89 3365 187 3408 versos
200 3346 382 3410 llarcionem
406 3363 467 3425 cap.
493 3349 521 3408 l.
542 3343 643 3406 habes.
674 3342 733 3406 de
753 3343 843 3414 oliae
865 3343 969 3423 inquit,
992 3345 1111 3408 libellas
1135 3343 1213 3408 bona
1226 3363 1302 3426 pra·

86 3431 154 3492 dnn
180 3433 344 3495 sustinebit
370 3431 517 3492 adoneus
546 3429 711 3491 haereticos
740 3433 829 3492 etiarn
851 3434 916 3491 aine
936 3439 1107 3493 retraetata
1129 3431 1302 3494 divinornm

86 3519 293 3587 revincendos,
327 3516 408 3598 qaod
430 3515 483 3577 bac
515 3517 578 3576 sirit
608 3515 642 3576 de
667 3517 911 3594 praescriptione
936 3518 1093 3578 nouitatis.
1135 3515 1221 3577 Vides
1243 3515 1303 3578 iam

85 3599 298 3664 Tertullianum
319 3600 400 3661 bunc
420 3606 573 3660 tractatum
594 3607 692 3659 mento
713 3599 897 3677 concepisse,
919 3599 955 3659 ad
970 3617 1058 3678 quem
1071 3599 1174 3662 utiam
1190 3599 1299 3662 editum

84 3685 214 3748 alludens
249 3684 337 3762 longe
368 3683 453 3746 aliter
482 3681 611 3762 loquitur
632 3683 668 3744 de
690 3682 784 3744 Carne
806 3681 913 3745 Christi
935 3701 997 3762 cap.
1020 3686 1051 3748 2.
1094 3683 1152 3745 Sed
1168 3682 1299 3764 plenius,

85 3769 187 3848 inquit,
211 3769 361 3831 menradi
376 3768 670 3849 praescriptionibus
692 3767 840 3830 adversas
866 3785 966 3830 carnea
988 3768 1126 3830 haerare
1147 3765 1222 3828 alibi
1239 3770 1301 3828 iaia

86 3861 134 3916 nai
157 3871 276 3924 umas,
295 3864 368 3934 post
390 3871 463 3935 was
485 3871 568 3914 nane
589 3871 628 3914 ea
642 3853 809 3914 abundanti
821 3861 1021 3914 retractaretis
1036 3860 1089 3913 ete.
1129 3850 1189 3910 lam
1202 3856 1299 3912 autem

88 3957 170 4016 uiae,
197 3955 268 4000 cam
296 3937 333 4000 de
359 3935 443 3998 libris
472 3945 571 3997 oonua
593 3936 768 3998 Mucianam
797 3953 924 4016 agerem,
952 3955 1040 4016 supra
1057 3932 1139 3996 attuli
1156 3933 1219 3996 loca
1239 3944 1298 3996 mm

91 4022 194 4084 iaiiets
213 4021 345 4103 probant
366 4020 577 4084 Tertullianum
599 4030 662 4083 tam
682 4020 887 4083 Montanistam
908 4021 1013 4094 laissa,
1035 4026 1068 4080 ut
1085 4017 1206 4080 Pamclii
1227 4037 1299 4081 sen·

94 4105 211 4168 teatinae
230 4106 311 4170 eirca
331 4124 452 4179 annam,
474 4125 531 4185 quo
553 4105 585 4167 in
598 4101 839 4168 Monuniatarum
860 4103 1080 4168 castratransiit
1093 4103 1300 4182 Tertullianus,

92 4190 211 4269 refigere
231 4199 353 4266 conaus
374 4191 416 4253 sit
435 4190 521 4270 longe
544 4189 685 4252 comatior
704 4189 857 4252 Baroiiias.
887 4189 985 4264 Quare
1006 4187 1083 4250 aliud
1097 4189 1192 4268 egisse
1206 4207 1299 4269 opor-

91 4273 146 4336 tuit
166 4275 366 4340 Christiannm
388 4275 514 4354 Lupum,
547 4275 596 4354 qiri
626 4275 656 4337 id
678 4293 729 4336 eos
750 4267 848 4337 libros'
866 4273 1025 4336 euoluendo
1046 4289 1106 4334 uon
1133 4274 1298 4336 advenerit.

94 4359 190 4433 Quid?
210 4361 292 4442 qood
312 4379 376 4423 uon
399 4360 522 4422 obscure
544 4359 757 4424 abansmatiini
776 4357 875 4420 iniecit
900 4357 1077 4420 mendacem
1105 4357 1300 4421 Tertullianus

94 4443 178 4508 haias
198 4447 235 4509 dc
255 4443 496 4525 Praescriptioue
516 4444 737 4506 haereticorum
756 4442 824 4504 libri
846 4459 907 4521 cap.
930 4443 992 4516 29„
1013 4461 1097 4523 pam
1118 4459 1219 4506 rocem
1240 4443 1299 4505 Pa·

98 4530 190 4594 carleti
211 4531 400 4612 disciplinam
422 4528 567 4609 explicans
589 4537 619 4591 et
638 4528 743 4610 placita
762 4526 891 4590 hanani
911 4525 1067 4590 deleudens
1088 4545 1149 4590 non
1174 4527 1239 4591 sine
1253 4529 1300 4590 al-

100 4613 244 4681 imatione
263 4622 402 4696 usurpat

130 4717 404 4772 terruannorum
419 4729 517 4766 camsi.
545 4718 609 4766 Toni.
620 4717 657 4766 111.
988 4725 992 4732 '
1085 4713 1101 4764 b
