3078 5248
423 393 556 440 eburone
578 397 620 442 ro.
641 397 724 443 erun.
747 397 888 443 resuere.
1198 386 1261 450 509

32 567 165 614 morem
185 546 343 628 praecipue
364 546 550 610 observatum
573 547 687 610 luisse?
730 549 823 627 Equid
845 549 891 610 bis
913 567 1071 612 numerum
1092 552 1262 632 inscriptio·
1343 581 1345 588 s

33 637 140 698 nibus
168 631 307 694 celebris:
342 649 418 692 rorx
440 649 565 694 neceas.
589 633 730 695 sussen?
774 633 879 713 Tangit
905 633 959 696 bas
986 636 1169 698 ceremonias
1196 637 1261 698 sine

37 721 140 784 dubio
164 717 358 790 Herodianus,
387 717 436 796 qui
462 727 580 796 praeter
605 735 712 779 munus
734 717 814 794 iliud,
844 717 924 797 quod
944 719 1068 782 Romam
1088 720 1179 782 redux
1203 723 1259 783 im-

33 811 168 887 perator
189 801 300 881 populo
323 801 482 872 exibuerat,
511 801 596 863 aliam
618 801 681 862 eius
704 803 792 864 buius
815 803 931 880 generis
949 803 1152 866 liberalitatem
1173 805 1261 885 paulo

34 899 116 952 ante
137 887 302 966 Parthicam
330 885 545 965 expeditionem
567 897 791 948 commemorat:
828 883 930 968 νομάς
951 909 987 951 re
1007 885 1260 974 μεγαλοφρόνως

34 969 213 1048 ἐπεδίδου,
247 967 418 1035 ἐπετέλεσε
450 969 486 1034 δὲ
517 971 571 1034 uui
605 967 765 1035 iurvtelor
793 965 911 1054 ἀγῶνα,
944 969 1021 1048 τοὺς
1049 972 1259 1054 παντάχοθεν

33 1056 173 1143 μούσης
211 1077 247 1119 re
284 1048 464 1137 ὗποκρίτας
502 1055 555 1119 aul
575 1049 741 1140 dedemus
770 1053 924 1140 μαθητὰς
958 1057 1259 1142 μεταπεμψάμενος

31 1145 123 1220 (Lib.
146 1143 197 1204 III.
219 1161 245 1202 c.
269 1143 298 1205 8.
320 1159 349 1221 p.
375 1145 474 1218 Ilii:
505 1140 563 1202 Sed
590 1155 618 1205 et
646 1146 800 1222 coaqiorr'o
829 1143 907 1204 dedit
932 1145 1087 1205 uberrimo
1108 1157 1138 1208 et
1160 1159 1260 1209 certo-

28 1251 113 1292 mea
134 1229 303 1308 proposuit,
325 1221 456 1307 undiqire
477 1229 578 1288 erucis
602 1225 772 1289 ludionibus
795 1237 882 1308 atque
904 1227 1033 1290 otlrletis.
1065 1229 1144 1290 idem
1167 1229 1258 1309 Spar-

31 1317 143 1377 tianus
176 1311 311 1392 perbibet
342 1311 416 1386 (Vita
440 1309 542 1370 Severi
564 1329 588 1370 c.
615 1315 663 1373 tt.
685 1329 715 1390 p.
741 1315 823 1387 150.)
855 1312 937 1373 cuius
964 1312 1037 1374 haee
1059 1322 1142 1374 sunt:
1180 1313 1259 1378 Pro·
1310 1359 1314 1373 .

27 1403 144 1480 fectus
173 1397 277 1459 deiude
304 1397 343 1457 od
371 1395 480 1467 bellum
500 1395 675 1457 Portlrieum
698 1408 751 1471 est,
781 1398 860 1462 edito
881 1397 1062 1475 plediutoriu
1083 1417 1209 1461 mouere
1230 1410 1259 1460 et

31 1487 198 1564 conpluris
225 1480 338 1562 populo
369 1481 448 1543 leto.
491 1479 573 1552 Vide,
602 1497 688 1558 quam
711 1479 802 1542 amice
824 1481 853 1542 bi
877 1481 934 1542 duo
958 1481 1142 1562 conspirent:
1172 1501 1257 1562 quam

30 1579 113 1649 apte
140 1575 264 1645 uterque
292 1564 494 1644 praecessisse
516 1564 641 1643 aliquam
662 1583 783 1644 magnae
805 1548 1019 1628 munificentiae
1041 1566 1257 1630 solemnitatem
1318 1595 1322 1602 ·

31 1653 261 1734 expeditionem
277 1650 440 1711 Pmtbicam
461 1649 564 1717 madet.
608 1649 690 1722 Quae
720 1650 746 1710 si
769 1649 977 1712 celeberrimus
1000 1651 1172 1713 attendisset
1193 1653 1256 1713 Til-

30 1737 214 1809 Iemontius,
243 1735 325 1796 aliter
353 1735 418 1795 sine
445 1733 534 1795 dubio
555 1734 740 1795 instituisset.
783 1735 826 1796 Do
847 1734 1002 1796 Pescennii
1024 1735 1105 1814 Nigri
1128 1747 1256 1798 sectato-

32 1824 142 1895 ribus,
173 1838 247 1898 quos
274 1819 407 1898 insyria
435 1819 596 1880 venabatur
617 1818 752 1892 Severus,
786 1837 952 1880 sermonem
982 1819 1029 1880 bic
1055 1839 1122 1881 esse
1144 1829 1255 1882 censet.

35 1907 78 1968 dt
105 1925 155 1966 eos
177 1905 288 1966 inducit
309 1903 516 1975 Tertullianus,
538 1904 589 1982 qui
604 1903 743 1964 Romanis
765 1903 952 1966 interfuerint
966 1904 1149 1982 spectaculis.
1173 1905 1255 1978 Qua-

34 1991 101 2063 IeS,
125 1991 173 2070 qui
195 1990 224 2049 in
243 1987 328 2068 ‘Syria
350 1985 569 2060 delitescebant,
592 1987 672 2066 Nigri
695 1996 854 2050 sectatores
875 2005 936 2050 non
958 1997 1049 2049 erant.
1084 1989 1150 2061 Quo
1166 2009 1254 2063 auno,

34 2095 115 2138 num
144 2095 169 2136 a.
192 2073 324 2135 CXCVII.
347 2081 398 2134 aut
418 2072 563 2134 CXCVIII.
591 2075 683 2133 lestos
713 2073 802 2134 bosca
829 2072 892 2133 dies
922 2073 1081 2157 impeqator
1108 2072 1255 2149 indixerit,

32 2174 147 2240 parum
170 2175 250 2220 curo.
297 2151 327 2218 Id
348 2158 420 2218 mibi
441 2165 563 2230 tantum,
586 2167 619 2218 ut
640 2158 803 2230 ostendam,
826 2157 976 2230 incumbit,
1006 2159 1178 2236 sanguinem
1200 2160 1254 2221 de-

29 2265 102 2306 nuo
125 2244 355 2316 Albinianurum,
377 2249 409 2304 ut
431 2241 632 2314 credebantur,
654 2243 808 2320 profusum
831 2241 933 2314 luisse,
955 2260 1045 2321 quum
1068 2243 1098 2303 in
1114 2263 1149 2304 eo
1166 2252 1253 2317 esset,

30 2340 68 2390 ut
93 2329 223 2390 Parthos
245 2328 405 2388 invaderet
448 2325 551 2387 Nullus
572 2326 690 2404 quidem
719 2326 745 2387 si
768 2327 891 2405 produci
915 2328 999 2389 testIs
1020 2337 1133 2407 posset,
1161 2329 1254 2391 nihilo

29 2416 140 2475 minus
169 2421 248 2474 certa
276 2431 339 2472 mea
368 2419 449 2472 esset
475 2411 662 2489 computatio,
691 2413 741 2490 qui
770 2411 900 2472 omnium
927 2411 1022 2473 instar
1043 2413 1254 2476 Tertullianum

1 2509 2 2512 ’
30 2497 249 2562 commendare
278 2512 409 2576 possem.
452 2495 544 2556 Adest
571 2514 640 2556 vero
669 2498 823 2557 commode
851 2496 1039 2576 Spartianus,
1068 2497 1253 2577 auspicioque

29 2583 111 2644 novi
143 2582 209 2644 belii
241 2579 379 2642 caedibus
406 2577 558 2640 bominum
581 2579 729 2659 inquinata
752 2577 854 2654 luisse,
887 2581 974 2640 tradit
1006 2581 1081 2653 (viu
1104 2583 1204 2643 Severi
1227 2601 1252 2644 c.

30 2669 114 2730 IIII'.
137 2686 166 2748 pa
185 2669 284 2742 180.):
308 2665 420 2728 Multos
441 2670 524 2728 iuter
547 2665 616 2726 boec
638 2665 718 2734 (dum
742 2684 774 2724 se
796 2682 873 2724 novo
895 2665 971 2725 bello
986 2665 1160 2744 accirrgeret,
1183 2667 1252 2728 dum
1349 2665 1353 2688 ⁸

29 2755 126 2816 Indus
156 2752 267 2832 populo
295 2749 471 2828 spectandos
501 2749 664 2828 praeberet,
691 2750 727 2810 de
755 2749 861 2828 quibus
889 2748 1012 2826 aliisque
1034 2751 1064 2810 in
1087 2751 1251 2828 superiori-

31 2841 92 2900 bus
117 2838 241 2912 dixerat)
266 2841 364 2898 causis
386 2835 435 2896 uel
455 2838 536 2896 ueris
558 2833 607 2894 uel
627 2834 776 2897 simulatis
799 2833 913 2896 oceidit.
943 2833 1174 2896 Ilumuoboutur
1196 2855 1253 2898 uu-

1 2929 2 2965 i
33 2935 97 2984 tem
119 2923 253 3003 plerique
277 2937 331 2981 eur
353 2922 444 2982 iocati
463 2931 576 2987 esseut:
600 2915 656 2979 olii
676 2937 732 2979 cur
753 2922 934 2978 tacuissent:
957 2917 1012 2979 olii
1034 2937 1088 2979 rur
1107 2919 1252 3000 pleraque

35 3009 176 3086 fipuroto
197 3009 362 3076 disclusum
389 3015 426 3066 ut
447 3013 525 3064 esset
544 3007 711 3082 imperator
732 3019 802 3064 vere
823 3006 951 3063 nominis
973 3007 1030 3073 sui,
1059 3021 1129 3064 uere
1151 3003 1251 3066 Perti-

1 3128 3 3137 ·
34 3110 106 3152 raom
134 3101 161 3151 et
189 3091 331 3152 Seuerus.
374 3087 439 3149 Huc
467 3087 564 3162 etiam,
593 3105 667 3165 quse
694 3085 780 3164 paulo
809 3094 878 3165 post
905 3093 1135 3164 consequuntur,
1163 3089 1250 3150 rerba

1 3179 3 3221 t
34 3177 151 3246 relcro,
174 3193 256 3256 quae,
278 3181 312 3234 ut
336 3172 451 3252 opinor,
474 3185 533 3233 non
555 3171 591 3231 ad
613 3171 705 3232 solam
727 3165 931 3248 Nigriauorum
953 3171 983 3232 in
1003 3171 1123 3234 Oriente
1144 3191 1249 3252 perse-

35 3259 188 3320 cutionem
211 3259 358 3338 pertinent
378 3264 409 3317 et
430 3275 495 3318 cum
517 3256 628 3317 ultimis
644 3255 811 3317 Tertulliani
834 3255 1008 3328 conlerenda
1032 3264 1114 3316 sunt:
1137 3259 1250 3322 Multos

34 3349 138 3415 etium,
169 3349 254 3424 quusi
275 3342 438 3405 Chaldaeos
467 3352 520 3402 cut
542 3352 623 3404 votes
647 3343 681 3403 de
703 3359 759 3402 suu
781 3339 879 3402 salute
901 3340 1130 3414 consuluissent,
1152 3347 1250 3404 iuter-

0 3449 6 3466 *¹
34 3433 118 3500 eruit,
138 3432 300 3508 praecipue
322 3437 730 3508 suspeeroauuumquemque
752 3427 889 3487 r'doueum
911 3429 1045 3505 imperio.
1090 3425 1250 3490 Transacta

0 3541 2 3546 ·
31 3533 85 3574 res
118 3520 164 3573 est
192 3531 218 3574 a.
242 3509 388 3573 CXCVIII.
411 3509 541 3572 omnium
563 3529 720 3584 consensu,
751 3509 780 3572 in
801 3510 927 3572 Parthos
950 3512 1076 3571 Severus
1098 3513 1248 3590 proiectus

1 3603 13 3670 f
33 3606 91 3658 est.
127 3597 214 3668 *Tum
240 3603 312 3676 post
338 3595 559 3674 quinquennalia
589 3596 726 3668 exhibita,
753 3614 842 3674 quum
871 3597 927 3656 iam
949 3595 989 3656 nil
1011 3595 1067 3656 nisi
1090 3597 1197 3675 praelia
1222 3608 1250 3660 et

0 3707 6 3718 κ’
31 3683 214 3744 Parthorum
236 3682 337 3741 lunera
360 3678 495 3758 spiraret,
518 3684 680 3742 racematio
701 3679 749 3740 iIIa
770 3679 932 3751 rebellium,
956 3679 991 3740 de
1014 3699 1069 3758 qua
1092 3680 1247 3741 Tertullia-

1 3779 104 3838 tnus,
128 3765 261 3844 contigit.
293 3764 394 3842 Igitur,
417 3764 487 3842 quiu
509 3762 613 3824 eodem
635 3782 712 3823 auno
734 3763 939 3843 dpologetious
963 3765 1003 3824 sit
1024 3772 1168 3835 exaratus,
1191 3765 1247 3824 du-

1 3870 2 3889 *
32 3851 121 3911 bituri
145 3850 269 3929 amplius
293 3849 402 3927 nequit.
445 3847 526 3908 Licet
548 3865 626 3907 nuno
647 3866 763 3926 quoque
784 3867 892 3908 annum
914 3848 1039 3926 prisnum
1055 3847 1247 3908 calamitatum

4 3944 13 3986 t
34 3933 212 3995 Christianis
241 3934 401 4013 imperante
429 3933 538 3994 Severo
567 3931 709 3992 illatarum
742 3931 905 4010 designare.
955 3932 1161 3992 SustInuerant.
1190 3931 1246 3992 iam

1 4028 3 4038 ’
33 4035 90 4093 per
114 4018 231 4096 aliquod
254 4028 368 4096 tempus
389 4018 519 4081 furorem
540 4016 680 4088 hostium,
709 4034 798 4093 quum
825 4034 881 4096 pro
905 4015 947 4075 eis
970 4023 1072 4077 noster
1094 4015 1179 4075 verba
1202 4017 1246 4075 i-

1 4118 17 4165 u
34 4111 128 4163 ceret.
173 4102 257 4164 Corte
285 4119 427 4179 nusquam
456 4101 493 4162 de
520 4099 689 4161 vulneribus
717 4118 811 4179 nuper
837 4099 969 4174 indictis,
999 4099 1051 4159 sed
1079 4097 1246 4182 inveteratis

7 4184 93 4246 ,iam
124 4185 220 4260 malis,
248 4186 385 4266 quuitur.
430 4185 517 4259 Quod
544 4185 570 4246 si
592 4201 652 4245 non
673 4183 766 4262 prius,
800 4184 952 4245 minimum
974 4203 990 4244 a
1012 4184 1259 4262 praecedentia

32 4269 170 4332 CXCVII.
193 4270 328 4333 miserias
350 4289 452 4332 eorum
474 4269 648 4350 repetendas
671 4287 749 4341 esse,
773 4269 911 4330 ostendit.

1 4379 18 4421 s·
121 4359 150 4435 ξ.
175 4355 235 4418 XV.
278 4355 375 4416 IIabes
398 4355 465 4430 iam,
488 4373 562 4434 quae
584 4355 619 4416 de
642 4359 735 4416 aetate
756 4352 937 4433 Apologetici
959 4351 1129 4414 Tertulliani
1150 4361 1246 4416 tecum

0 4480 6 4493 ‚
33 4441 253 4504 communicare
276 4440 373 4502 statui.
416 4439 568 4517 Equidem,
591 4448 624 4501 ut
646 4454 710 4499 oum
731 4437 832 4510 robur,
845 4445 927 4532 qtum
948 4435 1184 4517 perspicuitatem
1206 4440 1245 4501 iis

8 4539 249 4604 compararem,
271 4545 327 4606 pro
347 4524 459 4585 uiribus
482 4523 590 4597 studui,
612 4534 767 4601 utrumque
789 4541 859 4583 num
881 4530 1053 4584 consecutus
1076 4521 1140 4597 sim,
1170 4523 1244 4585 alio*-

1 4623 103 4692 ἶτιιιιι
125 4621 189 4672 esto
212 4610 361 4674 iudicIum.
405 4607 520 4686 dIIquid
542 4608 567 4672 si
589 4607 773 4670 obscuritatis
796 4607 942 4682 adhaeret,
964 4627 1025 4670 non
1047 4617 1104 4670 tam
1126 4628 1192 4670 mco
1215 4610 1245 4671 id
