3036 5230
225 293 287 359 tat
441 307 632 352 nrsssnrnrro
656 307 694 348 ns
716 302 921 350 rueruntmuo
945 307 983 349 er
1007 307 1073 350 sins
1095 308 1232 352 sensnm

223 464 374 526 nomime
403 462 451 518 est
478 453 514 517 ab
535 455 658 518 Irenaeo
687 453 777 534 idque
798 473 837 516 ne
860 454 1013 518 nominato
1035 455 1167 535 quiden.
1214 457 1291 519 Eim
1314 459 1384 518 ads.
1407 460 1449 517 la-

222 543 402 608 lentinianos
425 539 586 619 disputatio
607 556 669 601 nou
691 539 789 600 solum
811 539 953 612 imitatio,
986 541 1040 600 sed
1068 539 1171 600 mrrltis
1201 539 1282 602 locis
1304 543 1445 603 trensbu

225 636 273 690 est
293 625 382 706 primi
402 623 470 686 libri
493 623 571 684 illius
594 621 766 701 scriptoris,
800 630 833 684 ut
853 629 952 684 tamen
974 641 1013 684 ne
1035 623 1193 686 minimam
1217 625 1349 702 quiderm
1368 627 1464 702 signi¹

223 710 391 774 ficationem
412 707 514 780 lentis,
536 705 615 768 unde
636 715 696 768 tam
717 706 797 784 larga
820 723 909 767 manu
930 705 1091 778 hausisset,
1113 707 1282 769 addiderit.
1316 709 1392 770 Rern
1404 721 1464 769 tasi

223 793 427 860 admirabilem
460 789 610 871 quomodo
645 788 850 869 explicemus?
900 790 1052 874 Siquidem
1082 789 1258 852 semlerum
1297 795 1449 854 cumeum.

222 879 263 942 ita
284 886 318 940 ut
338 877 402 938 eius
425 874 601 936 sententiam
622 873 808 953 adoptamus,
831 873 922 936 tuisse
944 875 1117 936 societatem
1141 882 1322 948 auctorum,
1346 878 1394 955 qui
1407 897 1446 938 su

223 963 358 1042 ipsorum
380 975 471 1038 opera
492 957 548 1019 sub
570 957 645 1019 lictis
667 957 838 1020 nominibus
860 957 890 1018 in
912 958 1015 1036 vadgrrs
1030 958 1206 1020 emitterent
1221 968 1254 1019 et
1268 960 1437 1021 aliasssffi

222 1045 347 1117 bausci,
367 1043 438 1105 alies
460 1042 557 1102 Latini
580 1040 752 1103 Tertulliani
773 1059 932 1120 personam
953 1049 1083 1120 agerent.
1122 1041 1185 1102 Sed
1209 1043 1242 1102 si
1264 1043 1329 1104 boc
1352 1045 1391 1103 ita
1409 1063 1443 1102 esu

223 1139 280 1202 set,
302 1126 382 1190 unde
404 1143 508 1205 magua
529 1125 577 1186 illa
599 1123 791 1203 inaequalitas
815 1125 910 1186 oritur
930 1141 1018 1202 mam
1031 1124 1188 1186 semlerus
1213 1126 1284 1205 ipse
1308 1127 1391 1186 inter
1410 1147 1442 1179 m

222 1207 438 1292 deprehendit?
482 1209 566 1270 Unde
587 1209 620 1269 lit
642 1216 675 1269 ut
696 1208 868 1270 Tertulliani
898 1227 988 1286 opera
1010 1217 1120 1270 tanmm
1143 1209 1298 1271 scientiae
1320 1211 1443 1289 amplias

222 1297 321 1358 dinem
344 1313 377 1357 ac
398 1293 567 1356 varietatem
589 1291 787 1366 exhibeant·,
809 1293 923 1354 lreuaei
946 1292 1070 1371 scripta,
1092 1291 1237 1354 Semlero
1261 1294 1380 1366 iudice,
1402 1315 1443 1354 m-

223 1397 321 1442 serum
343 1377 551 1455 intelligentiae
573 1384 602 1437 et
622 1375 774 1438 doetrinae
794 1384 995 1456 paupertatem
1017 1374 1173 1455 prodant?

309 1461 392 1534 Quae
413 1462 444 1522 in
466 1479 499 1522 re
521 1478 611 1538 supra
633 1459 794 1537 significata
816 1459 971 1522 intercedit
991 1460 1070 1520 inter
1090 1460 1322 1522 Tertullianum
1345 1470 1375 1522 et
1394 1462 1440 1521 lra-

223 1565 329 1609 uaeum
352 1552 484 1606 accurata
507 1542 688 1616 similitudo,
721 1562 786 1605 eam
808 1543 944 1622 equidem
966 1561 1076 1604 censeo
1103 1545 1182 1604 satis
1206 1544 1325 1606 idonea
1347 1547 1439 1606 raucas

223 1628 360 1710 explicari
386 1645 491 1708 posse.
534 1627 649 1688 lreuaei
676 1626 751 1688 liber
778 1628 894 1706 primns
923 1637 953 1688 et
975 1626 1147 1689 Tertulliani
1175 1627 1360 1690 dissertatio
1382 1629 1440 1688 ides

222 1715 309 1795 plene
336 1711 690 1790 consiliumsequuntur‚
712 1710 835 1772 -boc
860 1719 893 1772 ut
924 1711 1081 1790 explanent
1106 1710 1393 1774 Valentinianorum
1413 1713 1438 1769 ie

221 1797 355 1866 Aeonum
377 1793 566 1874 generatione
588 1793 769 1868 doctrinam3
805 1813 863 1873 qua
891 1794 1054 1872 argumenti
1080 1795 1308 1856 communione
1328 1812 1437 1856 consen

223 1889 342 1942 laneum
364 1887 411 1940 est
432 1877 519 1939 ambo
541 1877 704 1956 scriptores
733 1884 830 1938 mutos
852 1896 922 1940 esse
943 1879 980 1939 ad
1002 1876 1127 1940 eundem
1151 1878 1307 1940 ordinem
1329 1899 1438 1957 semieu-

223 1965 293 2026 dum
315 1962 497 2040 eandemque
519 1961 685 2022 orationem
707 1961 912 2024 adhibendam.
955 1961 1079 2022 blasima
1100 1979 1174 2022 sero
1199 1962 1378 2024 Semlerum
1395 1965 1435 2024 ω’-

223 2065 325 2110 ramur
352 2047 562 2116 affirmantem,
596 2044 810 2106 Tertrdlienum
843 2061 881 2106 ne
907 2045 1081 2107 nominasse
1109 2044 1238 2123 quidem
1271 2047 1431 2108 irmusm.

222 2147 310 2208 quem
333 2148 368 2191 eo
392 2129 458 2207 ipso
481 2128 564 2200 luco,
587 2146 675 2207 quem
698 2127 850 2190 Semlerus
870 2128 956 2201 citat,
979 2146 1036 2190 una
1058 2146 1125 2190 cum
1147 2128 1297 2204 lumino,
1321 2131 1431 2192 tumre.

221 2212 348 2273 Proculo
377 2211 582 2272 nominaverit.
625 2211 702 2272 [licit
729 2211 769 2272 ibi
796 2213 833 2272 ab
855 2211 993 2272 omnibus
1020 2210 1068 2272 bis
1090 2212 1305 2289 scriptoribus
1327 2213 1430 2276 Talem

221 2297 327 2356 nianos
349 2295 494 2355 retentes
516 2313 598 2368 esse,
631 2312 723 2372 seque
745 2296 887 2376 acerrime
910 2295 1030 2358 studere
1053 2313 1106 2354 eus
1127 2294 1248 2356 imitari
1272 2315 1340 2358 uon
1360 2297 1429 2358 som

222 2378 252 2440 in
276 2379 333 2440 hoc
355 2395 446 2456 opere
473 2376 542 2438 fidei
570 2377 612 2451 (iu
641 2377 774 2438 haeresis
802 2380 1004 2455 refutatione),
1032 2377 1086 2438 sed
1108 2377 1140 2438 in
1162 2379 1318 2441 omnibus
1338 2381 1430 2441 ceteris

220 2462 299 2540 Ergo
321 2463 462 2523 lectorem
483 2479 570 2539 quem
592 2461 765 2540 planissime
786 2462 910 2534 monuit,
933 2461 1059 2523 seuibil
1082 2479 1150 2522 esse
1173 2463 1238 2524 uisi
1255 2463 1429 2526 ἰιιιὶιιιοιιιι

221 2552 250 2607 et
272 2545 352 2624 quod
373 2543 501 2606 subinde
522 2545 557 2605 ab
578 2544 694 2624 lrepaei
712 2546 969 2622 argumentatione
983 2544 1116 2617 dmeedit,
1137 2545 1170 2606 id
1185 2547 1267 2608 mibi
1283 2548 1428 2626 peremis

220 2647 288 2691 eum
310 2647 370 2691 nou
393 2629 429 2689 ab
451 2629 501 2688 illo
524 2628 590 2689 solo
613 2636 777 2689 mutuatum
799 2647 883 2702 esse,
918 2628 972 2689 sed
993 2647 1053 2689 nou
1074 2628 1173 2690 minus
1196 2647 1217 2690 a
1241 2632 1356 2694 ceteris
1374 2647 1428 2709 pro

220 2711 461 2774 commemoravit
482 2710 689 2789 scriptoribus.
732 2712 885 2773 Semlerus
911 2720 1010 2774 temen
1032 2711 1088 2772 alia
1115 2711 1206 2774 babet
1230 2733 1315 2792 quae
1337 2714 1428 2776 oslac

221 2815 257 2857 es
283 2797 342 2858 hoc
367 2796 434 2875 ipso
461 2795 527 2856 loco
555 2795 623 2856 libri
652 2796 795 2857 adversus
815 2795 1052 2858 Valentinieucs⁰
1084 2795 1187 2873 petita.
1237 2797 1304 2870 Qui
1337 2801 1380 2867 tu.
1407 2809 1428 2855 u

219 3015 245 3078 (l.
264 3011 315 3072 bos)
338 3013 411 3064 libros
430 3013 503 3063 oeulis
522 3020 543 3062 el
560 3015 666 3063 monibus
684 3017 803 3077 usurpauit
853 3027 920 3077 opere
942 3013 1005 3076 fidei,
1030 3014 1223 3077 queamdmodum
1250 3017 1276 3064 in
1304 3019 1357 3076 mlo,
1380 3025 1425 3078 epte

218 3082 287 3130 suis?
323 3082 371 3136 Ouo
395 3087 470 3130 euleu
487 3083 538 3130 iure
555 3083 588 3130 sie
606 3082 660 3144 fecit
679 3079 802 3130 Tertullin-
852 3083 922 3130 samm
946 3081 1046 3144 ussepui.
1080 3080 1123 3128 Ast
1147 3082 1169 3128 si
1194 3081 1220 3128 is
1247 3089 1326 3132 totsss
1344 3085 1424 3132 uere

217 3161 270 3206 css,
295 3153 321 3196 ul
345 3162 374 3196 es
391 3161 472 3210 pressu
496 3149 538 3197 illo
557 3153 620 3197 teate
638 3147 728 3197 lrcnoei
745 3149 801 3197 soi·
853 3162 899 3197 nou
923 3153 985 3204 sunt,
1009 3153 1035 3195 st
1052 3147 1093 3210 psi
1110 3161 1150 3196 ess
1165 3147 1264 3210 peliunt
1282 3151 1378 3210 piscosa
1391 3165 1426 3196 m·

219 3213 304 3274 teperet
321 3229 365 3264 sss
382 3220 403 3263 et
421 3211 529 3264 iotiue'
546 3221 716 3278 repeteret,
742 3229 802 3278 puer
853 3215 945 3274 decim,
964 3215 1086 3276 mentietur
1103 3214 1224 3276 apestolus
1245 3220 1425 3278 medicato-e

218 3280 259 3326 iiie
282 3281 384 3328 aseddus
400 3283 522 3345 scripsisse
545 3283 644 3342 praece?
677 3281 801 3345 dionesie
852 3280 1207 3340 immurmurantium
1223 3282 1425 3346 alloces-satque

218 3345 310 3408 quidem
326 3350 351 3392 ut
368 3360 397 3393 ne
413 3348 565 3395 admiscuerit
574 3347 665 3410 quidem
674 3347 799 3408 Irenaeum,
853 3361 911 3410 quoe
934 3351 1095 3397 retractantur.
1131 3346 1201 3396 Nemo
1220 3355 1273 3396 torre
1292 3353 1378 3399 οιιοιιι
1393 3355 1424 3410 (-

217 3425 284 3476 pseu
307 3417 381 3460 tossen
404 3411 475 3459 iulius
501 3414 664 3482 esserileiqtl
701 3415 803 3464 Viderint
852 3421 891 3462 tur
906 3414 975 3474 slplo,
993 3419 1019 3461 st
1035 3414 1144 3462 nemerim
1162 3414 1254 3463 istm
1273 3417 1355 3478 §spat
1384 3416 1423 3464 lit

216 3480 313 3529 lectores
340 3479 397 3542 quid
427 3480 573 3528 stumesdsm
595 3485 675 3542 potem
701 3482 730 3530 de
755 3483 803 3530 isto
852 3479 1007 3529 Valentius.
1026 3479 1050 3528 5.

217 3561 302 3596 cosso:
320 3548 387 3596 asciis
405 3553 465 3596 rests
481 3561 528 3596 son
545 3547 636 3596 oidelae
649 3554 751 3599 moustso
761 3563 801 3598 es-
886 3562 909 3596 o.
928 3546 991 3596 Seet.
1002 3546 1025 3596 4.
1045 3554 1095 3596 not
1107 3545 1148 3595 tt.
1165 3545 1292 3597 ldiitiodes
1310 3553 1380 3599 sess?
1393 3549 1422 3598 u·
1463 3599 1464 3619 χ

215 3627 275 3664 rme.
311 3613 373 3662 Seet
394 3611 432 3661 tt.
852 3615 909 3678 quid
932 3615 1023 3664 leudem
1041 3613 1102 3662 illstd
1119 3619 1161 3674 est,
1189 3615 1349 3666 eeclesiam
1364 3622 1423 3679 sepia

250 3693 282 3728 m.
298 3679 357 3729 Vide
375 3679 455 3730 locum
473 3679 545 3729 modu
563 3679 684 3730 lsudslum
704 3695 717 3729 e
736 3681 802 3731 Sect.
851 3684 906 3730 stu?
930 3681 987 3744 quid
1010 3681 1101 3730 tundens
1124 3681 1177 3729 est?
1210 3680 1422 3746 hiflssspsels-

218 3745 259 3795 lil.¹
277 3746 300 3795 in
319 3753 375 3795 nota
393 3747 416 3796 l.
851 3748 973 3797 tullianum
996 3747 1080 3809 legion
1103 3747 1194 3810 aliquid
1221 3749 1298 3798 isius
1321 3751 1419 3799 libiade
1463 3775 1464 3808 ι

135 3825 142 3834 “
215 3807 220 3822 ”
249 3827 273 3862 u.
298 3813 344 3863 lice
366 3815 469 3878 undique
486 3815 588 3863 timentur
604 3815 650 3877 ipsi
667 3815 734 3863 nolis
751 3815 796 3877 po-
849 3813 962 3863 ldiltiodis
979 3815 1072 3877 sliquos
1089 3815 1228 3877 scriptiones
1240 3814 1419 3874 Rosciisslll'et

214 3882 279 3932 uisse
296 3883 406 3930 meterius
425 3895 483 3945 puos
501 3886 533 3930 tut
550 3881 597 3931 mm
613 3883 658 3929 siri
675 3882 797 3930 senetiiete
846 3879 910 3930 Eccl.
930 3880 954 3939 ll,
975 3879 1025 3940 ll.)
1049 3895 1078 3929 eu
1095 3881 1202 3930 llledoss
1226 3885 1336 3932 mutus
1354 3881 1420 3934 'essm

215 3953 236 3998 sl
258 3949 401 4010 pressantis
423 3949 533 4011 iussiones,
558 3962 600 3998 nec
624 3948 698 3996 solunt
720 3950 796 3997 nostri
846 3947 1032 4014 Mastusium,
1063 3947 1248 3996 Priscillsss
1284 3955 1306 3998 et
1336 3951 1420 3998 Hesi-

214 4021 377 4074 ssleeessores,
407 4015 448 4064 sed
464 4016 567 4077 ipsorum
584 4015 797 4064 benemeritorum
845 4014 979 4064 milium:
1005 4021 1085 4064 eostre
1108 4020 1185 4076 pentes
1211 4020 1233 4063 et
1255 4015 1370 4076 iudaeos,¹
1389 4015 1419 4062 ssi

214 4082 406 4144 eedtmsporoles,
433 4081 618 4132 instructissimis
641 4081 795 4131 solaminibus
846 4088 927 4132 contro
945 4082 1064 4130 Gnostieos
1081 4087 1121 4130 out
1138 4079 1275 4130 Emetitur
1289 4084 1356 4132 aiiii
1387 4083 1418 4132 in

214 4151 236 4195 et
256 4149 408 4208 prodiderunt
429 4155 450 4198 et
473 4149 622 4198 retuderunt:
647 4153 672 4196 ut
693 4149 795 4197 lustinus
847 4162 899 4210 erpo
919 4149 955 4198 bie
973 4150 1101 4208 excitum,
1128 4148 1196 4211 psum
1212 4149 1336 4210 scripserit
1352 4151 1417 4198 alsc-

212 4211 363 4275 Pbiiosoplos
378 4221 406 4263 -et
423 4215 518 4278 Hortus,
541 4221 566 4264 ut
582 4215 698 4264 llittiodes
723 4215 796 4264 eoele-
846 4229 886 4263 sss
908 4215 1098 4264 Valentinianos?
1116 4213 1229 4271 Qusursis
1242 4213 1363 4264 Eusebius
1376 4215 1416 4264 ml·

212 4279 300 4328 siurum
324 4281 440 4342 sophista,
465 4289 491 4331 st
508 4283 616 4334 lseooess
634 4283 735 4331 omnium
751 4281 795 4332 do·
846 4281 895 4329 lum
915 4279 1026 4330 Miltiadis
1045 4279 1301 4330 oduersueGucstieos
1318 4297 1376 4347 opus
1388 4291 1415 4330 su

211 4347 338 4396 donorum
354 4347 526 4399 ramosissimis
543 4351 683 4412 explorator,
703 4347 794 4397 etPro-
845 4347 1069 4397 commemoraverit
1086 4355 1127 4396 sut
1144 4347 1239 4406 vilem,
1267 4355 1347 4398 tamen
1364 4353 1413 4398 elsa·

126 4463 131 4472 ,
212 4412 277 4462 cuius
294 4417 373 4462 noster
395 4415 492 4476 uirginis
517 4423 622 4466 aenedas
645 4421 667 4464 et
684 4415 793 4464 etn'ssis-
843 4415 910 4464 modi
929 4429 991 4476 opus
1001 4413 1150 4463 Tertulliano
1168 4421 1253 4462 uotum
1271 4430 1327 4464 esse
1345 4417 1412 4479 potnit
1463 4415 1464 4418 ’

210 4493 254 4529 noe
277 4473 428 4544 ‘eloquentior
453 4483 569 4545 digniter:
597 4498 655 4548 psus
680 4483 706 4532 is
732 4484 795 4532 omui
844 4479 879 4531 lts
896 4483 958 4532 bane
976 4489 1057 4532 numm
1074 4482 1220 4545 scripseram
1239 4481 1263 4530 in
1282 4484 1358 4546 prima
1374 4483 1413 4532 ed·
