<?xml version="1.0" encoding="UTF-8"?>
<!DOCTYPE html PUBLIC "-//W3C//DTD XHTML 1.0 Transitional//EN"
    "http://www.w3.org/TR/xhtml1/DTD/xhtml1-transitional.dtd">
<html xmlns="http://www.w3.org/1999/xhtml" xml:lang="en" lang="en">
 <head>
  <title>
</title>
<meta http-equiv="Content-Type" content="text/html;charset=utf-8" />
  <meta name='ocr-system' content='tesseract 3.04.00' />
  <meta name='ocr-capabilities' content='ocr_page ocr_carea ocr_par ocr_line ocrx_word'/>
</head>
<body>
  <div class='ocr_page' id='page_1' title='image "./quaesupersuntom01oehlgoog_0245.png"; bbox 0 0 3144 5236; ppageno 0'>
   <div class='ocr_carea' id='block_1_1' title="bbox 270 317 1411 407">
    <p class='ocr_par' dir='ltr' id='par_1_1' title="bbox 270 317 1411 407">
     <span class='ocr_line' id='line_1_1' title="bbox 270 317 1411 407; baseline 0 -27"><span class='ocrx_word' id='word_1_1' title='bbox 270 317 333 382; x_wconf 76' lang='lat'><strong>238</strong></span> <span class='ocrx_word' id='word_1_2' title='bbox 364 335 559 379; x_wconf 77' lang='lat' dir='ltr'><strong>nissenrirro</strong></span> <span class='ocrx_word' id='word_1_3' title='bbox 575 336 605 378; x_wconf 87' lang='lat' dir='ltr'><strong>tu</strong></span> <span class='ocrx_word' id='word_1_4' title='bbox 621 335 669 385; x_wconf 85' lang='lat' dir='ltr'><strong>ou.</strong></span> <span class='ocrx_word' id='word_1_5' title='bbox 686 333 770 376; x_wconf 83' lang='lat' dir='ltr'><strong>serr.</strong></span> <span class='ocrx_word' id='word_1_6' title='bbox 786 333 874 376; x_wconf 82' lang='lat' dir='ltr'><strong>enon.</strong></span> <span class='ocrx_word' id='word_1_7' title='bbox 891 335 1086 407; x_wconf 71' lang='lat' dir='ltr'><strong>repressum</strong></span> <span class='ocrx_word' id='word_1_8' title='bbox 1101 336 1319 380; x_wconf 77' lang='lat' dir='ltr'><strong>uroeoasrtcuu</strong></span> <span class='ocrx_word' id='word_1_9' title='bbox 1333 339 1411 382; x_wconf 84' lang='lat' dir='ltr'><strong>cerr.</strong></span> 
     </span>
    </p>
   </div>
   <div class='ocr_carea' id='block_1_2' title="bbox 767 533 997 586">
    <p class='ocr_par' dir='ltr' id='par_1_2' title="bbox 767 533 997 586">
     <span class='ocr_line' id='line_1_2' title="bbox 767 533 997 586; baseline 0 -4"><span class='ocrx_word' id='word_1_10' title='bbox 767 533 935 586; x_wconf 74' lang='lat' dir='ltr'><strong>sericatus</strong></span> <span class='ocrx_word' id='word_1_11' title='bbox 961 535 997 584; x_wconf 77' lang='lat' dir='ltr'><strong>ll.</strong></span> 
     </span>
    </p>
   </div>
   <div class='ocr_carea' id='block_1_3' title="bbox 272 635 1553 760">
    <p class='ocr_par' dir='ltr' id='par_1_3' title="bbox 272 635 1553 760">
     <span class='ocr_line' id='line_1_3' title="bbox 272 635 1553 698; baseline 0 -18"><span class='ocrx_word' id='word_1_12' title='bbox 272 639 388 690; x_wconf 78' lang='lat' dir='ltr'><strong>Quomodo</strong></span> <span class='ocrx_word' id='word_1_13' title='bbox 412 639 532 682; x_wconf 85' lang='lat' dir='ltr'><strong>doemoues</strong></span> <span class='ocrx_word' id='word_1_14' title='bbox 557 638 679 680; x_wconf 81' lang='lat' dir='ltr'><strong>suturarum</strong></span> <span class='ocrx_word' id='word_1_15' title='bbox 703 647 777 679; x_wconf 81' lang='lat' dir='ltr'><strong>renim</strong></span> <span class='ocrx_word' id='word_1_16' title='bbox 801 637 917 679; x_wconf 79' lang='lat' dir='ltr'><strong>scientiam</strong></span> <span class='ocrx_word' id='word_1_17' title='bbox 935 635 1049 691; x_wconf 79' lang='lat' dir='ltr'>subripere</span> <span class='ocrx_word' id='word_1_18' title='bbox 1073 639 1209 692; x_wconf 72' lang='lat' dir='ltr'><strong>tentareriut,</strong></span> <span class='ocrx_word' id='word_1_19' title='bbox 1234 650 1259 682; x_wconf 88' lang='lat' dir='ltr'><strong>oo</strong></span> <span class='ocrx_word' id='word_1_20' title='bbox 1275 638 1374 681; x_wconf 82' lang='lat' dir='ltr'><strong>lolsonrm</strong></span> <span class='ocrx_word' id='word_1_21' title='bbox 1390 639 1468 680; x_wconf 84' lang='lat' dir='ltr'><strong>dearum</strong></span> <span class='ocrx_word' id='word_1_22' title='bbox 1552 687 1553 698; x_wconf 12' lang='grc' dir='ltr'>ἵ</span> 
     </span>
     <span class='ocr_line' id='line_1_4' title="bbox 358 703 1395 760; baseline 0 -12"><span class='ocrx_word' id='word_1_23' title='bbox 358 705 445 750; x_wconf 90' lang='lat' dir='ltr'><strong>nomiae</strong></span> <span class='ocrx_word' id='word_1_24' title='bbox 464 706 566 758; x_wconf 72' lang='lat' dir='ltr'><strong>ambigua</strong></span> <span class='ocrx_word' id='word_1_25' title='bbox 584 704 725 760; x_wconf 80' lang='lat' dir='ltr'><strong>quibusdam,</strong></span> <span class='ocrx_word' id='word_1_26' title='bbox 749 717 775 746; x_wconf 83' lang='lat' dir='ltr'><strong>ac</strong></span> <span class='ocrx_word' id='word_1_27' title='bbox 792 703 925 758; x_wconf 86' lang='lat' dir='ltr'><strong>praesertim</strong></span> <span class='ocrx_word' id='word_1_28' title='bbox 943 703 1024 758; x_wconf 72' lang='lat' dir='ltr'><strong>l‘prrbo</strong></span> <span class='ocrx_word' id='word_1_29' title='bbox 1043 711 1064 747; x_wconf 89' lang='lat' dir='ltr'><strong>et</strong></span> <span class='ocrx_word' id='word_1_30' title='bbox 1082 705 1176 756; x_wconf 81' lang='lat' dir='ltr'><strong>Croeso,</strong></span> <span class='ocrx_word' id='word_1_31' title='bbox 1194 706 1282 748; x_wconf 85' lang='lat' dir='ltr'><strong>oraculo</strong></span> <span class='ocrx_word' id='word_1_32' title='bbox 1299 706 1395 748; x_wconf 83' lang='lat' dir='ltr'><strong>dederint.</strong></span> 
     </span>
    </p>
   </div>
   <div class='ocr_carea' id='block_1_4' title="bbox 203 818 1553 2982">
    <p class='ocr_par' dir='ltr' id='par_1_4' title="bbox 271 803 1553 1408">
     <span class='ocr_line' id='line_1_5' title="bbox 357 818 1470 901; baseline -0.001 -21"><span class='ocrx_word' id='word_1_33' title='bbox 357 820 532 880; x_wconf 87' lang='lat' dir='ltr'><strong>Praeseusio</strong></span> <span class='ocrx_word' id='word_1_34' title='bbox 567 827 595 880; x_wconf 89' lang='lat' dir='ltr'><strong>et</strong></span> <span class='ocrx_word' id='word_1_35' title='bbox 627 819 751 880; x_wconf 87' lang='lat' dir='ltr'><strong>seientia</strong></span> <span class='ocrx_word' id='word_1_36' title='bbox 783 837 883 880; x_wconf 86' lang='lat' dir='ltr'><strong>rerum</strong></span> <span class='ocrx_word' id='word_1_37' title='bbox 916 819 1080 884; x_wconf 86' lang='lat' dir='ltr'><strong>suturarum</strong></span> <span class='ocrx_word' id='word_1_38' title='bbox 1112 821 1278 901; x_wconf 82' lang='lat' dir='ltr'><strong>mopaifica,</strong></span> <span class='ocrx_word' id='word_1_39' title='bbox 1309 819 1348 880; x_wconf 91' lang='lat' dir='ltr'><strong>ait</strong></span> <span class='ocrx_word' id='word_1_40' title='bbox 1371 818 1470 886; x_wconf 77' lang='lat' dir='ltr'><strong>Cicero,</strong></span> 
     </span>
     <span class='ocr_line' id='line_1_6' title="bbox 271 903 1553 988; baseline -0.003 -22"><span class='ocrx_word' id='word_1_41' title='bbox 271 905 416 988; x_wconf 87' lang='lat' dir='ltr'><strong>quaedam</strong></span> <span class='ocrx_word' id='word_1_42' title='bbox 443 922 492 965; x_wconf 84' lang='lat' dir='ltr'><strong>rec</strong></span> <span class='ocrx_word' id='word_1_43' title='bbox 527 917 554 966; x_wconf 89' lang='lat' dir='ltr'><strong>et</strong></span> <span class='ocrx_word' id='word_1_44' title='bbox 587 903 750 975; x_wconf 83' lang='lat' dir='ltr'><strong>salutarie,</strong></span> <span class='ocrx_word' id='word_1_45' title='bbox 785 908 814 964; x_wconf 83' lang='lat' dir='ltr'><strong>si</strong></span> <span class='ocrx_word' id='word_1_46' title='bbox 838 904 926 966; x_wconf 83' lang='lat' dir='ltr'><strong>modo</strong></span> <span class='ocrx_word' id='word_1_47' title='bbox 955 917 1000 968; x_wconf 85' lang='lat' dir='ltr'><strong>est</strong></span> <span class='ocrx_word' id='word_1_48' title='bbox 1027 905 1108 975; x_wconf 88' lang='lat' dir='ltr'><strong>ullo,</strong></span> <span class='ocrx_word' id='word_1_49' title='bbox 1141 923 1271 986; x_wconf 87' lang='lat' dir='ltr'><strong>quaeque</strong></span> <span class='ocrx_word' id='word_1_50' title='bbox 1288 907 1419 985; x_wconf 73' lang='lat' dir='ltr'><strong>praecioso</strong></span> <span class='ocrx_word' id='word_1_51' title='bbox 1437 903 1471 963; x_wconf 94' lang='lat' dir='ltr'><strong>od</strong></span> <span class='ocrx_word' id='word_1_52' title='bbox 1552 907 1553 918; x_wconf 61' lang='lat'>¹</span> 
     </span>
     <span class='ocr_line' id='line_1_7' title="bbox 273 986 1553 1068; baseline -0.007 -16"><span class='ocrx_word' id='word_1_53' title='bbox 273 992 479 1052; x_wconf 70' lang='lat' dir='ltr'><strong>acuminata</strong></span> <span class='ocrx_word' id='word_1_54' title='bbox 501 999 631 1057; x_wconf 79' lang='lat' dir='ltr'><strong>naturae</strong></span> <span class='ocrx_word' id='word_1_55' title='bbox 651 987 779 1048; x_wconf 78' lang='lat' dir='ltr'><strong>mortali</strong></span> <span class='ocrx_word' id='word_1_56' title='bbox 796 989 895 1068; x_wconf 75' lang='lat' dir='ltr'><strong>possit</strong></span> <span class='ocrx_word' id='word_1_57' title='bbox 916 991 1050 1050; x_wconf 86' lang='lat' dir='ltr'><strong>accidere</strong></span> <span class='ocrx_word' id='word_1_58' title='bbox 1072 989 1177 1060; x_wconf 84' lang='lat' dir='ltr'><strong>(Cicer.</strong></span> <span class='ocrx_word' id='word_1_59' title='bbox 1199 988 1286 1049; x_wconf 91' lang='lat' dir='ltr'><strong>lib.·l.</strong></span> <span class='ocrx_word' id='word_1_60' title='bbox 1308 988 1343 1048; x_wconf 91' lang='lat' dir='ltr'><strong>de</strong></span> <span class='ocrx_word' id='word_1_61' title='bbox 1361 986 1471 1048; x_wconf 84' lang='lat' dir='ltr'><strong>llirinat.</strong></span> <span class='ocrx_word' id='word_1_62' title='bbox 1552 993 1553 1044; x_wconf 70' lang='lat' dir='ltr'><strong>i</strong></span> 
     </span>
     <span class='ocr_line' id='line_1_8' title="bbox 273 1070 1473 1152; baseline -0.006 -16"><span class='ocrx_word' id='word_1_63' title='bbox 273 1091 301 1152; x_wconf 88' lang='lat' dir='ltr'><strong>p.</strong></span> <span class='ocrx_word' id='word_1_64' title='bbox 324 1075 421 1148; x_wconf 71' lang='lat' dir='ltr'><strong>ast).</strong></span> <span class='ocrx_word' id='word_1_65' title='bbox 465 1071 571 1151; x_wconf 86' lang='lat' dir='ltr'><strong>Neque</strong></span> <span class='ocrx_word' id='word_1_66' title='bbox 594 1070 625 1131; x_wconf 89' lang='lat' dir='ltr'><strong>id</strong></span> <span class='ocrx_word' id='word_1_67' title='bbox 654 1071 848 1136; x_wconf 86' lang='lat' dir='ltr'><strong>daemonibus</strong></span> <span class='ocrx_word' id='word_1_68' title='bbox 877 1081 941 1132; x_wconf 92' lang='lat' dir='ltr'><strong>erat</strong></span> <span class='ocrx_word' id='word_1_69' title='bbox 961 1071 1154 1151; x_wconf 80' lang='lat' dir='ltr'><strong>incognitum.</strong></span> <span class='ocrx_word' id='word_1_70' title='bbox 1198 1072 1390 1146; x_wconf 73' lang='lat' dir='ltr'><strong>Quamobrem</strong></span> <span class='ocrx_word' id='word_1_71' title='bbox 1409 1070 1473 1130; x_wconf 87' lang='lat' dir='ltr'><strong>banc</strong></span> 
     </span>
     <span class='ocr_line' id='line_1_9' title="bbox 272 1154 1553 1236; baseline 0 -18"><span class='ocrx_word' id='word_1_72' title='bbox 272 1157 424 1218; x_wconf 87' lang='lat' dir='ltr'><strong>scientiam</strong></span> <span class='ocrx_word' id='word_1_73' title='bbox 457 1156 514 1216; x_wconf 90' lang='lat' dir='ltr'><strong>sibi</strong></span> <span class='ocrx_word' id='word_1_74' title='bbox 546 1173 665 1236; x_wconf 91' lang='lat' dir='ltr'><strong>quoquo</strong></span> <span class='ocrx_word' id='word_1_75' title='bbox 697 1155 814 1216; x_wconf 88' lang='lat' dir='ltr'><strong>tandem</strong></span> <span class='ocrx_word' id='word_1_76' title='bbox 847 1157 937 1216; x_wconf 87' lang='lat' dir='ltr'><strong>modo</strong></span> <span class='ocrx_word' id='word_1_77' title='bbox 970 1155 1119 1218; x_wconf 76' lang='lat' dir='ltr'><strong>medicare</strong></span> <span class='ocrx_word' id='word_1_78' title='bbox 1151 1158 1314 1218; x_wconf 79' lang='lat' dir='ltr'><strong>voluerunt</strong></span> <span class='ocrx_word' id='word_1_79' title='bbox 1355 1154 1421 1216; x_wconf 83' lang='lat' dir='ltr'><strong>llam</strong></span> <span class='ocrx_word' id='word_1_80' title='bbox 1446 1161 1473 1214; x_wconf 87' lang='lat' dir='ltr'><strong>ut</strong></span> <span class='ocrx_word' id='word_1_81' title='bbox 1552 1193 1553 1218; x_wconf 61' lang='lat' dir='ltr'><strong>i</strong></span> 
     </span>
     <span class='ocr_line' id='line_1_10' title="bbox 272 1239 1472 1326; baseline -0.004 -23"><span class='ocrx_word' id='word_1_82' title='bbox 272 1241 407 1320; x_wconf 87' lang='lat' dir='ltr'><strong>apposite</strong></span> <span class='ocrx_word' id='word_1_83' title='bbox 430 1240 551 1302; x_wconf 89' lang='lat' dir='ltr'><strong>omnino</strong></span> <span class='ocrx_word' id='word_1_84' title='bbox 574 1239 770 1326; x_wconf 70' lang='lat' dir='ltr'><strong>Tertullianus</strong></span> <span class='ocrx_word' id='word_1_85' title='bbox 792 1249 904 1312; x_wconf 88' lang='lat' dir='ltr'><strong>noster,</strong></span> <span class='ocrx_word' id='word_1_86' title='bbox 929 1241 1137 1312; x_wconf 72' lang='lat' dir='ltr'><strong>temulenter,</strong></span> <span class='ocrx_word' id='word_1_87' title='bbox 1167 1241 1273 1320; x_wconf 88' lang='lat' dir='ltr'><strong>inquit,</strong></span> <span class='ocrx_word' id='word_1_88' title='bbox 1300 1242 1472 1306; x_wconf 80' lang='lat' dir='ltr'><strong>diuinitatem,</strong></span> 
     </span>
     <span class='ocr_line' id='line_1_11' title="bbox 273 1321 1473 1408; baseline -0.007 -20"><span class='ocrx_word' id='word_1_89' title='bbox 273 1327 343 1388; x_wconf 83' lang='lat' dir='ltr'><strong>dum</strong></span> <span class='ocrx_word' id='word_1_90' title='bbox 363 1326 517 1408; x_wconf 80' lang='lat' dir='ltr'><strong>[urantur</strong></span> <span class='ocrx_word' id='word_1_91' title='bbox 544 1325 758 1388; x_wconf 82' lang='lat' dir='ltr'><strong>divinationem</strong></span> <span class='ocrx_word' id='word_1_92' title='bbox 779 1323 961 1395; x_wconf 78' lang='lat' dir='ltr'><strong>(Tertullian.</strong></span> <span class='ocrx_word' id='word_1_93' title='bbox 982 1325 1136 1403; x_wconf 68' lang='lat' dir='ltr'><strong>apologet.</strong></span> <span class='ocrx_word' id='word_1_94' title='bbox 1158 1345 1183 1386; x_wconf 92' lang='lat' dir='ltr'><strong>c.</strong></span> <span class='ocrx_word' id='word_1_95' title='bbox 1200 1328 1274 1400; x_wconf 73' lang='lat'><strong>22).</strong></span> <span class='ocrx_word' id='word_1_96' title='bbox 1303 1321 1473 1396; x_wconf 84' lang='lat' dir='ltr'><strong>Quinimmo</strong></span> 
     </span>
    </p>

    <p class='ocr_par' dir='ltr' id='par_1_5' title="bbox 232 1406 1553 2330">
     <span class='ocr_line' id='line_1_12' title="bbox 232 1406 1553 1485; baseline -0.004 -14"><span class='ocrx_word' id='word_1_97' title='bbox 232 1435 239 1445; x_wconf 53' lang='lat'><em>*</em></span> <span class='ocrx_word' id='word_1_98' title='bbox 273 1411 299 1471; x_wconf 88' lang='lat' dir='ltr'><strong>si</strong></span> <span class='ocrx_word' id='word_1_99' title='bbox 330 1409 418 1470; x_wconf 85' lang='lat' dir='ltr'><strong>fidem</strong></span> <span class='ocrx_word' id='word_1_100' title='bbox 447 1409 474 1469; x_wconf 92' lang='lat' dir='ltr'><strong>ei</strong></span> <span class='ocrx_word' id='word_1_101' title='bbox 501 1408 628 1481; x_wconf 85' lang='lat' dir='ltr'><strong>habeas,</strong></span> <span class='ocrx_word' id='word_1_102' title='bbox 661 1408 733 1469; x_wconf 85' lang='lat' dir='ltr'>nihil</span> <span class='ocrx_word' id='word_1_103' title='bbox 762 1407 819 1469; x_wconf 88' lang='lat' dir='ltr'><strong>illis</strong></span> <span class='ocrx_word' id='word_1_104' title='bbox 847 1408 902 1470; x_wconf 87' lang='lat' dir='ltr'><strong>bac</strong></span> <span class='ocrx_word' id='word_1_105' title='bbox 935 1409 1131 1470; x_wconf 80' lang='lat' dir='ltr'><strong>aemulatione</strong></span> <span class='ocrx_word' id='word_1_106' title='bbox 1166 1411 1264 1472; x_wconf 86' lang='lat' dir='ltr'><strong>carius</strong></span> <span class='ocrx_word' id='word_1_107' title='bbox 1292 1406 1475 1485; x_wconf 75' lang='lat' dir='ltr'><strong>antiquiusque</strong></span> <span class='ocrx_word' id='word_1_108' title='bbox 1549 1443 1553 1466; x_wconf 60' lang='lat' dir='ltr'><strong>i</strong></span> 
     </span>
     <span class='ocr_line' id='line_1_13' title="bbox 272 1492 1551 1576; baseline -0.005 -21"><span class='ocrx_word' id='word_1_109' title='bbox 272 1495 340 1556; x_wconf 89' lang='lat' dir='ltr'><strong>luit:</strong></span> <span class='ocrx_word' id='word_1_110' title='bbox 376 1493 413 1554; x_wconf 81' lang='lat' dir='ltr'><strong>lit</strong></span> <span class='ocrx_word' id='word_1_111' title='bbox 435 1512 510 1573; x_wconf 86' lang='lat' dir='ltr'><strong>quae</strong></span> <span class='ocrx_word' id='word_1_112' title='bbox 531 1493 610 1564; x_wconf 82' lang='lat' dir='ltr'><strong>illia,</strong></span> <span class='ocrx_word' id='word_1_113' title='bbox 639 1492 695 1565; x_wconf 89' lang='lat' dir='ltr'><strong>ait,</strong></span> <span class='ocrx_word' id='word_1_114' title='bbox 725 1497 901 1554; x_wconf 78' lang='lat' dir='ltr'><strong>accuratior</strong></span> <span class='ocrx_word' id='word_1_115' title='bbox 919 1512 1036 1573; x_wconf 83' lang='lat' dir='ltr'><strong>pascua</strong></span> <span class='ocrx_word' id='word_1_116' title='bbox 1056 1507 1115 1564; x_wconf 85' lang='lat' dir='ltr'><strong>est,</strong></span> <span class='ocrx_word' id='word_1_117' title='bbox 1139 1514 1233 1576; x_wconf 82' lang='lat' dir='ltr'><strong>quom</strong></span> <span class='ocrx_word' id='word_1_118' title='bbox 1254 1507 1290 1558; x_wconf 90' lang='lat' dir='ltr'><strong>ut</strong></span> <span class='ocrx_word' id='word_1_119' title='bbox 1311 1493 1475 1554; x_wconf 76' lang='lat' dir='ltr'><strong>lamiamo</strong></span> <span class='ocrx_word' id='word_1_120' title='bbox 1550 1529 1551 1532; x_wconf 20' lang='grc' dir='ltr'><strong>κ</strong></span> 
     </span>
     <span class='ocr_line' id='line_1_14' title="bbox 273 1576 1476 1658; baseline -0.003 -18"><span class='ocrx_word' id='word_1_121' title='bbox 273 1583 439 1658; x_wconf 85' lang='lat' dir='ltr'><strong>recoqitotu</strong></span> <span class='ocrx_word' id='word_1_122' title='bbox 468 1595 558 1638; x_wconf 88' lang='lat' dir='ltr'><strong>uerae</strong></span> <span class='ocrx_word' id='word_1_123' title='bbox 591 1579 757 1639; x_wconf 81' lang='lat' dir='ltr'><strong>dtvtuaaa&#39;s</strong></span> <span class='ocrx_word' id='word_1_124' title='bbox 791 1587 934 1638; x_wconf 84' lang='lat' dir='ltr'><strong>auertant</strong></span> <span class='ocrx_word' id='word_1_125' title='bbox 962 1582 1137 1657; x_wconf 79' lang='lat' dir='ltr'><strong>procatipicic</strong></span> <span class='ocrx_word' id='word_1_126' title='bbox 1169 1579 1270 1657; x_wconf 76' lang='lat' dir='ltr'><strong>[alsae</strong></span> <span class='ocrx_word' id='word_1_127' title='bbox 1301 1576 1476 1639; x_wconf 72' lang='lat' dir='ltr'><strong>diuisurus</strong></span> 
     </span>
     <span class='ocr_line' id='line_1_15' title="bbox 273 1658 1553 1740; baseline -0.004 -19"><span class='ocrx_word' id='word_1_128' title='bbox 273 1661 382 1737; x_wconf 87' lang='lat' dir='ltr'><strong>(lbid.).</strong></span> <span class='ocrx_word' id='word_1_129' title='bbox 425 1663 520 1738; x_wconf 77' lang='lat' dir='ltr'><strong>Atque</strong></span> <span class='ocrx_word' id='word_1_130' title='bbox 542 1661 582 1721; x_wconf 89' lang='lat' dir='ltr'><strong>ita</strong></span> <span class='ocrx_word' id='word_1_131' title='bbox 604 1661 721 1738; x_wconf 90' lang='lat' dir='ltr'><strong>quidem</strong></span> <span class='ocrx_word' id='word_1_132' title='bbox 743 1661 775 1720; x_wconf 91' lang='lat' dir='ltr'><strong>in</strong></span> <span class='ocrx_word' id='word_1_133' title='bbox 797 1660 927 1721; x_wconf 83' lang='lat' dir='ltr'><strong>editione</strong></span> <span class='ocrx_word' id='word_1_134' title='bbox 949 1662 1077 1740; x_wconf 67' lang='lat' dir='ltr'><strong>trigami,</strong></span> <span class='ocrx_word' id='word_1_135' title='bbox 1106 1661 1156 1740; x_wconf 95' lang='lat' dir='ltr'><strong>qui</strong></span> <span class='ocrx_word' id='word_1_136' title='bbox 1178 1662 1252 1724; x_wconf 88' lang='lat' dir='ltr'><strong>baec</strong></span> <span class='ocrx_word' id='word_1_137' title='bbox 1273 1661 1358 1722; x_wconf 83' lang='lat' dir='ltr'><strong>verba</strong></span> <span class='ocrx_word' id='word_1_138' title='bbox 1378 1658 1476 1721; x_wconf 84' lang='lat' dir='ltr'><strong>illicet</strong></span> <span class='ocrx_word' id='word_1_139' title='bbox 1550 1677 1553 1732; x_wconf 55' lang='lat' dir='ltr'><strong>q</strong></span> 
     </span>
     <span class='ocr_line' id='line_1_16' title="bbox 273 1741 1553 1824; baseline -0.005 -18"><span class='ocrx_word' id='word_1_140' title='bbox 273 1756 416 1806; x_wconf 86' lang='lat' dir='ltr'><strong>auertant</strong></span> <span class='ocrx_word' id='word_1_141' title='bbox 438 1745 474 1805; x_wconf 89' lang='lat' dir='ltr'><strong>ad</strong></span> <span class='ocrx_word' id='word_1_142' title='bbox 496 1744 656 1806; x_wconf 86' lang='lat' dir='ltr'><strong>daemones</strong></span> <span class='ocrx_word' id='word_1_143' title='bbox 679 1745 833 1806; x_wconf 79' lang='lat' dir='ltr'><strong>referenda</strong></span> <span class='ocrx_word' id='word_1_144' title='bbox 856 1763 922 1805; x_wconf 91' lang='lat' dir='ltr'><strong>esse</strong></span> <span class='ocrx_word' id='word_1_145' title='bbox 944 1746 1083 1824; x_wconf 85' lang='lat' dir='ltr'><strong>opinatus</strong></span> <span class='ocrx_word' id='word_1_146' title='bbox 1107 1755 1161 1807; x_wconf 84' lang='lat' dir='ltr'><strong>est</strong></span> <span class='ocrx_word' id='word_1_147' title='bbox 1183 1754 1222 1808; x_wconf 86' lang='lat' dir='ltr'><strong>At</strong></span> <span class='ocrx_word' id='word_1_148' title='bbox 1244 1747 1274 1808; x_wconf 94' lang='lat' dir='ltr'><strong>in</strong></span> <span class='ocrx_word' id='word_1_149' title='bbox 1296 1741 1402 1806; x_wconf 78' lang='lat' dir='ltr'><strong>uusuis</strong></span> <span class='ocrx_word' id='word_1_150' title='bbox 1421 1759 1476 1804; x_wconf 91' lang='lat' dir='ltr'><strong>ma·</strong></span> <span class='ocrx_word' id='word_1_151' title='bbox 1551 1783 1553 1818; x_wconf 41' lang='lat' dir='ltr'>j</span> 
     </span>
     <span class='ocr_line' id='line_1_17' title="bbox 273 1823 1477 1908; baseline -0.004 -19"><span class='ocrx_word' id='word_1_152' title='bbox 273 1829 434 1907; x_wconf 85' lang='lat' dir='ltr'><strong>nusoriptis</strong></span> <span class='ocrx_word' id='word_1_153' title='bbox 451 1827 601 1889; x_wconf 82' lang='lat' dir='ltr'><strong>codicibus</strong></span> <span class='ocrx_word' id='word_1_154' title='bbox 617 1847 651 1890; x_wconf 87' lang='lat' dir='ltr'><strong>ao</strong></span> <span class='ocrx_word' id='word_1_155' title='bbox 665 1828 772 1907; x_wconf 81' lang='lat' dir='ltr'><strong>priscis</strong></span> <span class='ocrx_word' id='word_1_156' title='bbox 788 1829 968 1890; x_wconf 89' lang='lat' dir='ltr'><strong>editionibus</strong></span> <span class='ocrx_word' id='word_1_157' title='bbox 983 1829 1109 1908; x_wconf 80' lang='lat' dir='ltr'><strong>legimus</strong></span> <span class='ocrx_word' id='word_1_158' title='bbox 1124 1830 1173 1892; x_wconf 89' lang='lat' dir='ltr'><strong>illi</strong></span> <span class='ocrx_word' id='word_1_159' title='bbox 1187 1841 1218 1892; x_wconf 89' lang='lat' dir='ltr'><strong>et</strong></span> <span class='ocrx_word' id='word_1_160' title='bbox 1232 1841 1351 1893; x_wconf 86' lang='lat' dir='ltr'><strong>auertat</strong></span> <span class='ocrx_word' id='word_1_161' title='bbox 1368 1845 1436 1906; x_wconf 88' lang='lat' dir='ltr'><strong>qnae</strong></span> <span class='ocrx_word' id='word_1_162' title='bbox 1447 1823 1477 1884; x_wconf 88' lang='lat' dir='ltr'><strong>ed</strong></span> 
     </span>
     <span class='ocr_line' id='line_1_18' title="bbox 265 1911 1553 1993; baseline 0.004 -20"><span class='ocrx_word' id='word_1_163' title='bbox 265 1921 441 1974; x_wconf 35' lang='lat' dir='ltr'><strong>*annotatam</strong></span> <span class='ocrx_word' id='word_1_164' title='bbox 463 1913 572 1973; x_wconf 89' lang='lat' dir='ltr'><strong>ibidem</strong></span> <span class='ocrx_word' id='word_1_165' title='bbox 594 1913 807 1983; x_wconf 79' lang='lat' dir='ltr'><strong>a&#39;lertulliana</strong></span> <span class='ocrx_word' id='word_1_166' title='bbox 830 1917 1047 1993; x_wconf 81' lang='lat' dir='ltr'><strong>aspirationem</strong></span> <span class='ocrx_word' id='word_1_167' title='bbox 1068 1914 1247 1976; x_wconf 89' lang='lat' dir='ltr'><strong>daemonum</strong></span> <span class='ocrx_word' id='word_1_168' title='bbox 1269 1912 1372 1974; x_wconf 90' lang='lat' dir='ltr'><strong>relerri</strong></span> <span class='ocrx_word' id='word_1_169' title='bbox 1391 1911 1477 1988; x_wconf 76' lang='lat' dir='ltr'><strong>utus</strong></span> <span class='ocrx_word' id='word_1_170' title='bbox 1549 1951 1553 1978; x_wconf 52' lang='lat' dir='ltr'><strong>i</strong></span> 
     </span>
     <span class='ocr_line' id='line_1_19' title="bbox 273 1997 1553 2077; baseline -0.005 -19"><span class='ocrx_word' id='word_1_171' title='bbox 273 2007 409 2076; x_wconf 88' lang='lat' dir='ltr'><strong>pessunt.</strong></span> <span class='ocrx_word' id='word_1_172' title='bbox 454 1997 568 2057; x_wconf 84' lang='lat' dir='ltr'><strong>Nanren</strong></span> <span class='ocrx_word' id='word_1_173' title='bbox 589 2013 660 2056; x_wconf 82' lang='lat' dir='ltr'><strong>vero</strong></span> <span class='ocrx_word' id='word_1_174' title='bbox 680 2015 798 2077; x_wconf 87' lang='lat' dir='ltr'><strong>pascuo</strong></span> <span class='ocrx_word' id='word_1_175' title='bbox 818 1997 854 2057; x_wconf 88' lang='lat' dir='ltr'><strong>ab</strong></span> <span class='ocrx_word' id='word_1_176' title='bbox 877 2016 923 2066; x_wconf 83' lang='lat' dir='ltr'><strong>eo,</strong></span> <span class='ocrx_word' id='word_1_177' title='bbox 947 1997 1036 2059; x_wconf 90' lang='lat' dir='ltr'><strong>sicuti</strong></span> <span class='ocrx_word' id='word_1_178' title='bbox 1058 2017 1074 2059; x_wconf 94' lang='lat' dir='ltr'><strong>a</strong></span> <span class='ocrx_word' id='word_1_179' title='bbox 1097 1998 1191 2060; x_wconf 88' lang='lat' dir='ltr'><strong>sacris</strong></span> <span class='ocrx_word' id='word_1_180' title='bbox 1214 1997 1410 2076; x_wconf 79' lang='lat' dir='ltr'><strong>Scriptoribus</strong></span> <span class='ocrx_word' id='word_1_181' title='bbox 1429 2011 1477 2054; x_wconf 88' lang='lat' dir='ltr'><strong>na·</strong></span> <span class='ocrx_word' id='word_1_182' title='bbox 1546 2029 1553 2074; x_wconf 49' lang='lat' dir='ltr'><strong>q</strong></span> 
     </span>
     <span class='ocr_line' id='line_1_20' title="bbox 273 2075 1480 2162; baseline -0.003 -21"><span class='ocrx_word' id='word_1_183' title='bbox 273 2081 344 2142; x_wconf 87' lang='lat' dir='ltr'><strong>stris</strong></span> <span class='ocrx_word' id='word_1_184' title='bbox 373 2080 514 2159; x_wconf 82' lang='lat' dir='ltr'><strong>accipitur</strong></span> <span class='ocrx_word' id='word_1_185' title='bbox 541 2099 597 2160; x_wconf 90' lang='lat' dir='ltr'><strong>pro</strong></span> <span class='ocrx_word' id='word_1_186' title='bbox 625 2075 761 2160; x_wconf 77' lang='lat' dir='ltr'><strong>pastione</strong></span> <span class='ocrx_word' id='word_1_187' title='bbox 790 2089 820 2141; x_wconf 90' lang='lat' dir='ltr'><strong>et</strong></span> <span class='ocrx_word' id='word_1_188' title='bbox 847 2080 995 2143; x_wconf 88' lang='lat' dir='ltr'><strong>alimento.</strong></span> <span class='ocrx_word' id='word_1_189' title='bbox 1039 2083 1113 2142; x_wconf 86' lang='lat' dir='ltr'><strong>Nam</strong></span> <span class='ocrx_word' id='word_1_190' title='bbox 1141 2092 1175 2145; x_wconf 93' lang='lat' dir='ltr'><strong>ut</strong></span> <span class='ocrx_word' id='word_1_191' title='bbox 1195 2083 1281 2162; x_wconf 86' lang='lat' dir='ltr'><strong>plura</strong></span> <span class='ocrx_word' id='word_1_192' title='bbox 1308 2098 1407 2142; x_wconf 89' lang='lat' dir='ltr'><strong>eorum</strong></span> <span class='ocrx_word' id='word_1_193' title='bbox 1426 2077 1480 2138; x_wconf 84' lang='lat' dir='ltr'><strong>loca</strong></span> 
     </span>
     <span class='ocr_line' id='line_1_21' title="bbox 274 2164 1553 2246; baseline -0.002 -20"><span class='ocrx_word' id='word_1_194' title='bbox 274 2167 453 2230; x_wconf 87' lang='lat' dir='ltr'><strong>omittamus.</strong></span> <span class='ocrx_word' id='word_1_195' title='bbox 476 2165 507 2224; x_wconf 90' lang='lat' dir='ltr'><strong>in</strong></span> <span class='ocrx_word' id='word_1_196' title='bbox 529 2164 642 2243; x_wconf 88' lang='lat' dir='ltr'><strong>psalmo</strong></span> <span class='ocrx_word' id='word_1_197' title='bbox 665 2166 961 2240; x_wconf 81' lang='lat' dir='ltr'><strong>vigesimasecunda</strong></span> <span class='ocrx_word' id='word_1_198' title='bbox 985 2167 1210 2245; x_wconf 87' lang='lat' dir='ltr'><strong>scriptumest:</strong></span> <span class='ocrx_word' id='word_1_199' title='bbox 1234 2167 1272 2230; x_wconf 81' lang='lat' dir='ltr'><strong>lu</strong></span> <span class='ocrx_word' id='word_1_200' title='bbox 1287 2167 1352 2230; x_wconf 90' lang='lat' dir='ltr'><strong>laco</strong></span> <span class='ocrx_word' id='word_1_201' title='bbox 1363 2177 1481 2246; x_wconf 81' lang='lat' dir='ltr'><strong>pascuae</strong></span> <span class='ocrx_word' id='word_1_202' title='bbox 1547 2185 1553 2241; x_wconf 51' lang='lat' dir='ltr'><strong>p</strong></span> 
     </span>
     <span class='ocr_line' id='line_1_22' title="bbox 272 2248 1553 2330; baseline 0.002 -19"><span class='ocrx_word' id='word_1_203' title='bbox 272 2251 315 2311; x_wconf 90' lang='lat' dir='ltr'><strong>ibi</strong></span> <span class='ocrx_word' id='word_1_204' title='bbox 333 2269 379 2320; x_wconf 78' lang='lat' dir='ltr'><strong>me</strong></span> <span class='ocrx_word' id='word_1_205' title='bbox 403 2248 561 2310; x_wconf 85' lang='lat' dir='ltr'><strong>collacavit</strong></span> <span class='ocrx_word' id='word_1_206' title='bbox 582 2248 642 2320; x_wconf 87' lang='lat' dir='ltr'><strong>(Ps.</strong></span> <span class='ocrx_word' id='word_1_207' title='bbox 666 2249 756 2310; x_wconf 81' lang='lat' dir='ltr'><strong>xxti.</strong></span> <span class='ocrx_word' id='word_1_208' title='bbox 780 2269 807 2310; x_wconf 87' lang='lat' dir='ltr'><strong>v.</strong></span> <span class='ocrx_word' id='word_1_209' title='bbox 830 2252 906 2325; x_wconf 79' lang='lat'><strong>20.).</strong></span> <span class='ocrx_word' id='word_1_210' title='bbox 1299 2299 1302 2310; x_wconf 80' lang='grc'><strong>.</strong></span> <span class='ocrx_word' id='word_1_211' title='bbox 1552 2255 1553 2330; x_wconf 54' lang='lat' dir='ltr'><strong>i</strong></span> 
     </span>
    </p>

    <p class='ocr_par' dir='ltr' id='par_1_6' title="bbox 270 2331 1553 2754">
     <span class='ocr_line' id='line_1_23' title="bbox 361 2331 1553 2418; baseline 0.006 -26"><span class='ocrx_word' id='word_1_212' title='bbox 361 2333 518 2404; x_wconf 84' lang='lat' dir='ltr'><strong>Quomodo</strong></span> <span class='ocrx_word' id='word_1_213' title='bbox 551 2341 648 2393; x_wconf 69' lang='lat' dir='ltr'><strong>summ</strong></span> <span class='ocrx_word' id='word_1_214' title='bbox 680 2333 839 2394; x_wconf 87' lang='lat' dir='ltr'><strong>daemones</strong></span> <span class='ocrx_word' id='word_1_215' title='bbox 871 2334 966 2395; x_wconf 90' lang='lat' dir='ltr'><strong>moliti</strong></span> <span class='ocrx_word' id='word_1_216' title='bbox 996 2335 1057 2396; x_wconf 89' lang='lat' dir='ltr'><strong>sint</strong></span> <span class='ocrx_word' id='word_1_217' title='bbox 1089 2335 1316 2397; x_wconf 82' lang='lat' dir='ltr'><strong>divinationem·</strong></span> <span class='ocrx_word' id='word_1_218' title='bbox 1335 2331 1492 2410; x_wconf 76' lang='lat' dir='ltr'><strong>subripere·</strong></span> <span class='ocrx_word' id='word_1_219' title='bbox 1551 2360 1553 2418; x_wconf 67' lang='lat' dir='ltr'><strong>q</strong></span> 
     </span>
     <span class='ocr_line' id='line_1_24' title="bbox 274 2415 1553 2504; baseline -0.004 -26"><span class='ocrx_word' id='word_1_220' title='bbox 274 2418 353 2478; x_wconf 89' lang='lat' dir='ltr'><strong>hunc</strong></span> <span class='ocrx_word' id='word_1_221' title='bbox 375 2419 484 2478; x_wconf 81' lang='lat' dir='ltr'><strong>Auctor</strong></span> <span class='ocrx_word' id='word_1_222' title='bbox 512 2425 616 2477; x_wconf 89' lang='lat' dir='ltr'><strong>noster</strong></span> <span class='ocrx_word' id='word_1_223' title='bbox 644 2417 783 2495; x_wconf 81' lang='lat' dir='ltr'><strong>exposuit</strong></span> <span class='ocrx_word' id='word_1_224' title='bbox 810 2417 840 2478; x_wconf 93' lang='lat' dir='ltr'><strong>in</strong></span> <span class='ocrx_word' id='word_1_225' title='bbox 869 2420 1009 2479; x_wconf 83' lang='lat' dir='ltr'><strong>modum:</strong></span> <span class='ocrx_word' id='word_1_226' title='bbox 1042 2419 1155 2497; x_wconf 84' lang='lat' dir='ltr'><strong>Ingenii</strong></span> <span class='ocrx_word' id='word_1_227' title='bbox 1178 2421 1227 2482; x_wconf 89' lang='lat' dir='ltr'><strong>sui</strong></span> <span class='ocrx_word' id='word_1_228' title='bbox 1250 2419 1408 2482; x_wconf 80' lang='lat' dir='ltr'><strong>subtilitate</strong></span> <span class='ocrx_word' id='word_1_229' title='bbox 1429 2415 1482 2475; x_wconf 82' lang='lat' dir='ltr'><strong>dis·</strong></span> <span class='ocrx_word' id='word_1_230' title='bbox 1547 2465 1553 2504; x_wconf 39' lang='lat'><strong>‚1</strong></span> 
     </span>
     <span class='ocr_line' id='line_1_25' title="bbox 270 2499 1484 2582; baseline -0.004 -19"><span class='ocrx_word' id='word_1_231' title='bbox 270 2505 439 2581; x_wconf 82' lang='lat' dir='ltr'><strong>positiones</strong></span> <span class='ocrx_word' id='word_1_232' title='bbox 469 2506 559 2562; x_wconf 87' lang='lat' dir='ltr'><strong>ctiam</strong></span> <span class='ocrx_word' id='word_1_233' title='bbox 587 2499 644 2562; x_wconf 84' lang='lat' dir='ltr'><strong>Dei</strong></span> <span class='ocrx_word' id='word_1_234' title='bbox 680 2505 709 2562; x_wconf 87' lang='lat' dir='ltr'><strong>et</strong></span> <span class='ocrx_word' id='word_1_235' title='bbox 736 2513 807 2563; x_wconf 85' lang='lat' dir='ltr'><strong>tuac</strong></span> <span class='ocrx_word' id='word_1_236' title='bbox 834 2504 993 2582; x_wconf 76' lang='lat' dir='ltr'><strong>prophetis</strong></span> <span class='ocrx_word' id='word_1_237' title='bbox 1031 2506 1281 2568; x_wconf 77' lang='lat' dir='ltr'><strong>concionantibus</strong></span> <span class='ocrx_word' id='word_1_238' title='bbox 1317 2505 1484 2582; x_wconf 75' lang='lat' dir='ltr'><strong>acceperuut</strong></span> 
     </span>
     <span class='ocr_line' id='line_1_26' title="bbox 274 2583 1538 2669; baseline -0.002 -23"><span class='ocrx_word' id='word_1_239' title='bbox 274 2595 305 2656; x_wconf 86' lang='lat' dir='ltr'><strong>et</strong></span> <span class='ocrx_word' id='word_1_240' title='bbox 325 2603 406 2646; x_wconf 81' lang='lat' dir='ltr'><strong>nuuc</strong></span> <span class='ocrx_word' id='word_1_241' title='bbox 430 2583 604 2646; x_wconf 79' lang='lat' dir='ltr'><strong>lectionibus</strong></span> <span class='ocrx_word' id='word_1_242' title='bbox 621 2583 728 2646; x_wconf 86' lang='lat' dir='ltr'><strong>Sacrae</strong></span> <span class='ocrx_word' id='word_1_243' title='bbox 744 2583 913 2665; x_wconf 88' lang='lat' dir='ltr'><strong>Scripturae</strong></span> <span class='ocrx_word' id='word_1_244' title='bbox 929 2587 1144 2650; x_wconf 75' lang='lat' dir='ltr'><strong>resonantibus</strong></span> <span class='ocrx_word' id='word_1_245' title='bbox 1167 2599 1303 2669; x_wconf 85' lang='lat' dir='ltr'><strong>carpunt</strong></span> <span class='ocrx_word' id='word_1_246' title='bbox 1317 2583 1483 2660; x_wconf 83' lang='lat' dir='ltr'><strong>(Tertulliui.</strong></span> <span class='ocrx_word' id='word_1_247' title='bbox 1535 2617 1538 2624; x_wconf 87' lang='lat'><strong>.</strong></span> 
     </span>
     <span class='ocr_line' id='line_1_27' title="bbox 274 2667 1484 2754; baseline -0.002 -25"><span class='ocrx_word' id='word_1_248' title='bbox 274 2668 370 2744; x_wconf 82' lang='lat' dir='ltr'><strong>ibid).</strong></span> <span class='ocrx_word' id='word_1_249' title='bbox 398 2667 552 2731; x_wconf 86' lang='lat' dir='ltr'><strong>Praeterea</strong></span> <span class='ocrx_word' id='word_1_250' title='bbox 569 2678 701 2737; x_wconf 83' lang='lat' dir='ltr'><strong>sumunt,</strong></span> <span class='ocrx_word' id='word_1_251' title='bbox 725 2669 755 2728; x_wconf 94' lang='lat' dir='ltr'><strong>id</strong></span> <span class='ocrx_word' id='word_1_252' title='bbox 777 2679 825 2729; x_wconf 90' lang='lat' dir='ltr'><strong>est</strong></span> <span class='ocrx_word' id='word_1_253' title='bbox 846 2679 1019 2749; x_wconf 80' lang='lat' dir='ltr'><strong>agnoscunt,</strong></span> <span class='ocrx_word' id='word_1_254' title='bbox 1043 2674 1187 2753; x_wconf 84' lang='lat' dir='ltr'><strong>quasdam</strong></span> <span class='ocrx_word' id='word_1_255' title='bbox 1203 2684 1375 2754; x_wconf 77' lang='lat' dir='ltr'><strong>temporum</strong></span> <span class='ocrx_word' id='word_1_256' title='bbox 1389 2677 1484 2733; x_wconf 81' lang='lat' dir='ltr'><strong>sortes,</strong></span> 
     </span>
    </p>

    <p class='ocr_par' dir='ltr' id='par_1_7' title="bbox 240 2747 1553 2832">
     <span class='ocr_line' id='line_1_28' title="bbox 240 2747 1553 2832; baseline 0 -20"><span class='ocrx_word' id='word_1_257' title='bbox 240 2755 247 2764; x_wconf 86' lang='lat'>&#39;</span> <span class='ocrx_word' id='word_1_258' title='bbox 276 2753 337 2814; x_wconf 90' lang='lat' dir='ltr'><strong>sive</strong></span> <span class='ocrx_word' id='word_1_259' title='bbox 359 2754 477 2814; x_wconf 88' lang='lat' dir='ltr'><strong>laturos</strong></span> <span class='ocrx_word' id='word_1_260' title='bbox 500 2763 666 2831; x_wconf 88' lang='lat' dir='ltr'><strong>temporum</strong></span> <span class='ocrx_word' id='word_1_261' title='bbox 688 2762 783 2814; x_wconf 88' lang='lat' dir='ltr'><strong>status</strong></span> <span class='ocrx_word' id='word_1_262' title='bbox 807 2764 836 2816; x_wconf 91' lang='lat' dir='ltr'><strong>et</strong></span> <span class='ocrx_word' id='word_1_263' title='bbox 857 2763 990 2817; x_wconf 84' lang='lat' dir='ltr'><strong>eventus.</strong></span> <span class='ocrx_word' id='word_1_264' title='bbox 1021 2756 1054 2816; x_wconf 94' lang='lat' dir='ltr'><strong>ln</strong></span> <span class='ocrx_word' id='word_1_265' title='bbox 1069 2763 1173 2817; x_wconf 88' lang='lat' dir='ltr'><strong>nostra</strong></span> <span class='ocrx_word' id='word_1_266' title='bbox 1189 2765 1290 2819; x_wconf 85' lang='lat' dir='ltr'><strong>eutem</strong></span> <span class='ocrx_word' id='word_1_267' title='bbox 1306 2757 1343 2817; x_wconf 89' lang='lat' dir='ltr'><strong>de</strong></span> <span class='ocrx_word' id='word_1_268' title='bbox 1357 2747 1485 2816; x_wconf 73' lang='lat' dir='ltr'><strong>asconii</strong></span> <span class='ocrx_word' id='word_1_269' title='bbox 1548 2809 1553 2832; x_wconf 33' lang='grc'>1</span> 
     </span>
    </p>

    <p class='ocr_par' dir='ltr' id='par_1_8' title="bbox 203 2835 1553 2982">
     <span class='ocr_line' id='line_1_29' title="bbox 203 2836 1553 2982; baseline 0 -84"><span class='ocrx_word' id='word_1_270' title='bbox 203 2879 206 2886; x_wconf 53' lang='grc'><strong>.</strong></span> <span class='ocrx_word' id='word_1_271' title='bbox 264 2837 356 2982; x_wconf 49' lang='lat' dir='ltr'><strong>¹{bris</strong></span> <span class='ocrx_word' id='word_1_272' title='bbox 391 2837 599 2898; x_wconf 88' lang='lat' dir='ltr'><strong>dissertatione</strong></span> <span class='ocrx_word' id='word_1_273' title='bbox 632 2836 705 2898; x_wconf 90' lang='lat' dir='ltr'><strong>haec</strong></span> <span class='ocrx_word' id='word_1_274' title='bbox 735 2838 950 2900; x_wconf 81' lang='lat' dir='ltr'><strong>enucleavimus</strong></span> <span class='ocrx_word' id='word_1_275' title='bbox 979 2839 1115 2912; x_wconf 82' lang='lat' dir='ltr'><strong>(Dissert.</strong></span> <span class='ocrx_word' id='word_1_276' title='bbox 1143 2840 1175 2901; x_wconf 92' lang='lat' dir='ltr'><strong>in</strong></span> <span class='ocrx_word' id='word_1_277' title='bbox 1198 2841 1332 2903; x_wconf 87' lang='lat' dir='ltr'><strong>Lactant.</strong></span> <span class='ocrx_word' id='word_1_278' title='bbox 1362 2857 1422 2918; x_wconf 84' lang='lat' dir='ltr'><strong>cap.</strong></span> <span class='ocrx_word' id='word_1_279' title='bbox 1442 2837 1486 2899; x_wconf 79' lang='lat' dir='ltr'><strong>tt.</strong></span> <span class='ocrx_word' id='word_1_280' title='bbox 1547 2895 1553 2934; x_wconf 34' lang='lat' dir='ltr'><strong>ff</strong></span> 
     </span>
    </p>
   </div>
   <div class='ocr_carea' id='block_1_5' title="bbox 273 2991 1553 3339">
    <p class='ocr_par' dir='ltr' id='par_1_9' title="bbox 273 2991 1553 3339">
     <span class='ocr_line' id='line_1_30' title="bbox 358 2991 1553 3089; baseline -0.002 -24"><span class='ocrx_word' id='word_1_281' title='bbox 358 3005 423 3066; x_wconf 76' lang='lat' dir='ltr'><strong>atio</strong></span> <span class='ocrx_word' id='word_1_282' title='bbox 451 3005 546 3066; x_wconf 89' lang='lat' dir='ltr'><strong>adbuc</strong></span> <span class='ocrx_word' id='word_1_283' title='bbox 574 3005 664 3066; x_wconf 87' lang='lat' dir='ltr'><strong>modo</strong></span> <span class='ocrx_word' id='word_1_284' title='bbox 690 3004 802 3084; x_wconf 86' lang='lat' dir='ltr'><strong>pluvias</strong></span> <span class='ocrx_word' id='word_1_285' title='bbox 830 3005 913 3066; x_wconf 87' lang='lat' dir='ltr'><strong>laeile</strong></span> <span class='ocrx_word' id='word_1_286' title='bbox 934 3007 1117 3086; x_wconf 90' lang='lat' dir='ltr'><strong>praedicunt.</strong></span> <span class='ocrx_word' id='word_1_287' title='bbox 1161 3008 1286 3089; x_wconf 79' lang='lat' dir='ltr'><strong>Etenim</strong></span> <span class='ocrx_word' id='word_1_288' title='bbox 1306 3009 1425 3076; x_wconf 74' lang='lat' dir='ltr'><strong>badam,</strong></span> <span class='ocrx_word' id='word_1_289' title='bbox 1455 3000 1489 3063; x_wconf 87' lang='lat' dir='ltr'><strong>ait</strong></span> <span class='ocrx_word' id='word_1_290' title='bbox 1545 2991 1553 3019; x_wconf 62' lang='lat'><strong>⁴¹</strong></span> 
     </span>
     <span class='ocr_line' id='line_1_31' title="bbox 274 3084 1553 3174; baseline 0.001 -24"><span class='ocrx_word' id='word_1_291' title='bbox 274 3089 370 3150; x_wconf 88' lang='lat' dir='ltr'><strong>adhuc</strong></span> <span class='ocrx_word' id='word_1_292' title='bbox 391 3087 588 3150; x_wconf 85' lang='lat' dir='ltr'><strong>Tertullianus</strong></span> <span class='ocrx_word' id='word_1_293' title='bbox 610 3088 720 3163; x_wconf 88' lang='lat' dir='ltr'><strong>(lbid.)‚</strong></span> <span class='ocrx_word' id='word_1_294' title='bbox 752 3091 787 3151; x_wconf 86' lang='lat' dir='ltr'><strong>dc</strong></span> <span class='ocrx_word' id='word_1_295' title='bbox 816 3090 950 3153; x_wconf 82' lang='lat' dir='ltr'><strong>t&#39;noalatu</strong></span> <span class='ocrx_word' id='word_1_296' title='bbox 973 3097 1054 3152; x_wconf 80' lang='lat' dir='ltr'><strong>airis</strong></span> <span class='ocrx_word' id='word_1_297' title='bbox 1076 3105 1105 3154; x_wconf 87' lang='lat' dir='ltr'><strong>et</strong></span> <span class='ocrx_word' id='word_1_298' title='bbox 1127 3093 1162 3154; x_wconf 87' lang='lat' dir='ltr'><strong>de</strong></span> <span class='ocrx_word' id='word_1_299' title='bbox 1184 3084 1300 3155; x_wconf 77' lang='lat' dir='ltr'><strong>oc&#39;cr&#39;iiiu</strong></span> <span class='ocrx_word' id='word_1_300' title='bbox 1321 3094 1447 3155; x_wconf 73' lang='lat' dir='ltr'><strong>aidemari</strong></span> <span class='ocrx_word' id='word_1_301' title='bbox 1467 3095 1490 3146; x_wconf 80' lang='lat' dir='ltr'><strong>ct</strong></span> <span class='ocrx_word' id='word_1_302' title='bbox 1550 3159 1553 3174; x_wconf 29' lang='lat' dir='ltr'><em>u</em></span> 
     </span>
     <span class='ocr_line' id='line_1_32' title="bbox 274 3173 1553 3265; baseline 0.001 -30"><span class='ocrx_word' id='word_1_303' title='bbox 274 3177 310 3235; x_wconf 85' lang='lat' dir='ltr'><strong>de</strong></span> <span class='ocrx_word' id='word_1_304' title='bbox 333 3177 507 3234; x_wconf 84' lang='lat' dir='ltr'><strong>commercia</strong></span> <span class='ocrx_word' id='word_1_305' title='bbox 528 3175 652 3235; x_wconf 79' lang='lat' dir='ltr'><strong>utilium</strong></span> <span class='ocrx_word' id='word_1_306' title='bbox 674 3173 815 3236; x_wconf 80' lang='lat' dir='ltr'><strong>caelestes</strong></span> <span class='ocrx_word' id='word_1_307' title='bbox 838 3192 955 3254; x_wconf 84' lang='lat' dir='ltr'><strong>sapere,</strong></span> <span class='ocrx_word' id='word_1_308' title='bbox 978 3175 1035 3236; x_wconf 86' lang='lat' dir='ltr'><strong>boc</strong></span> <span class='ocrx_word' id='word_1_309' title='bbox 1057 3183 1104 3236; x_wconf 88' lang='lat' dir='ltr'><strong>est</strong></span> <span class='ocrx_word' id='word_1_310' title='bbox 1125 3195 1302 3255; x_wconf 81' lang='lat' dir='ltr'><strong>agnoscere,</strong></span> <span class='ocrx_word' id='word_1_311' title='bbox 1323 3185 1488 3257; x_wconf 79' lang='lat' dir='ltr'><strong>paraturas,</strong></span> <span class='ocrx_word' id='word_1_312' title='bbox 1544 3185 1553 3265; x_wconf 16' lang='grc' dir='ltr'><strong>ΨΑ</strong></span> 
     </span>
     <span class='ocr_line' id='line_1_33' title="bbox 273 3255 1553 3339; baseline 0 -23"><span class='ocrx_word' id='word_1_313' title='bbox 273 3269 310 3319; x_wconf 86' lang='lat' dir='ltr'><strong>ut</strong></span> <span class='ocrx_word' id='word_1_314' title='bbox 331 3269 360 3318; x_wconf 89' lang='lat' dir='ltr'><strong>ct</strong></span> <span class='ocrx_word' id='word_1_315' title='bbox 378 3255 518 3335; x_wconf 79' lang='lat' dir='ltr'><strong>pluuias,</strong></span> <span class='ocrx_word' id='word_1_316' title='bbox 548 3276 621 3336; x_wconf 84' lang='lat' dir='ltr'><strong>quos</strong></span> <span class='ocrx_word' id='word_1_317' title='bbox 643 3261 704 3318; x_wconf 77' lang='lat' dir='ltr'><strong>ram</strong></span> <span class='ocrx_word' id='word_1_318' title='bbox 726 3264 874 3329; x_wconf 77' lang='lat' dir='ltr'><strong>sentiunt,</strong></span> <span class='ocrx_word' id='word_1_319' title='bbox 910 3264 1135 3339; x_wconf 84' lang='lat' dir='ltr'><strong>repromittant.</strong></span> <span class='ocrx_word' id='word_1_320' title='bbox 1180 3261 1335 3322; x_wconf 82' lang='lat' dir='ltr'><strong>l&#39;arnelius</strong></span> <span class='ocrx_word' id='word_1_321' title='bbox 1356 3277 1424 3322; x_wconf 81' lang='lat' dir='ltr'><strong>vero</strong></span> <span class='ocrx_word' id='word_1_322' title='bbox 1444 3271 1491 3316; x_wconf 85' lang='lat' dir='ltr'><strong>nos</strong></span> <span class='ocrx_word' id='word_1_323' title='bbox 1551 3273 1553 3277; x_wconf 86' lang='lat'>·</span> 
     </span>
    </p>
   </div>
   <div class='ocr_carea' id='block_1_6' title="bbox 275 3329 1553 3424">
    <p class='ocr_par' dir='ltr' id='par_1_10' title="bbox 275 3329 1553 3424">
     <span class='ocr_line' id='line_1_34' title="bbox 275 3329 1553 3424; baseline -0.002 -24"><span class='ocrx_word' id='word_1_324' title='bbox 275 3339 324 3400; x_wconf 87' lang='lat' dir='ltr'><strong>bie</strong></span> <span class='ocrx_word' id='word_1_325' title='bbox 356 3339 487 3400; x_wconf 88' lang='lat' dir='ltr'><strong>monitos</strong></span> <span class='ocrx_word' id='word_1_326' title='bbox 520 3353 586 3401; x_wconf 88' lang='lat' dir='ltr'><strong>esse</strong></span> <span class='ocrx_word' id='word_1_327' title='bbox 618 3340 710 3402; x_wconf 91' lang='lat' dir='ltr'><strong>valuit</strong></span> <span class='ocrx_word' id='word_1_328' title='bbox 738 3360 771 3401; x_wconf 92' lang='lat' dir='ltr'><strong>se</strong></span> <span class='ocrx_word' id='word_1_329' title='bbox 798 3359 859 3402; x_wconf 90' lang='lat' dir='ltr'><strong>non</strong></span> <span class='ocrx_word' id='word_1_330' title='bbox 888 3343 1059 3405; x_wconf 87' lang='lat' dir='ltr'><strong>meminisse</strong></span> <span class='ocrx_word' id='word_1_331' title='bbox 1088 3352 1185 3406; x_wconf 82' lang='lat' dir='ltr'><strong>uuum</strong></span> <span class='ocrx_word' id='word_1_332' title='bbox 1216 3365 1329 3408; x_wconf 87' lang='lat' dir='ltr'><strong>nomeu</strong></span> <span class='ocrx_word' id='word_1_333' title='bbox 1350 3351 1490 3424; x_wconf 85' lang='lat' dir='ltr'><strong>paratura</strong></span> <span class='ocrx_word' id='word_1_334' title='bbox 1544 3329 1553 3364; x_wconf 71' lang='lat'><strong>“¹</strong></span> 
     </span>
    </p>
   </div>
   <div class='ocr_carea' id='block_1_7' title="bbox 268 3422 1553 4596">
    <p class='ocr_par' dir='ltr' id='par_1_11' title="bbox 268 3419 1553 4596">
     <span class='ocr_line' id='line_1_35' title="bbox 268 3422 1491 3507; baseline 0 -24"><span class='ocrx_word' id='word_1_335' title='bbox 268 3422 352 3502; x_wconf 86' lang='lat' dir='ltr'><strong>apud</strong></span> <span class='ocrx_word' id='word_1_336' title='bbox 375 3423 448 3484; x_wconf 91' lang='lat' dir='ltr'><strong>alios</strong></span> <span class='ocrx_word' id='word_1_337' title='bbox 471 3431 606 3484; x_wconf 89' lang='lat' dir='ltr'><strong>auctores</strong></span> <span class='ocrx_word' id='word_1_338' title='bbox 629 3425 749 3502; x_wconf 85' lang='lat' dir='ltr'><strong>legatur.</strong></span> <span class='ocrx_word' id='word_1_339' title='bbox 781 3426 839 3487; x_wconf 86' lang='lat' dir='ltr'><strong>Sed</strong></span> <span class='ocrx_word' id='word_1_340' title='bbox 862 3434 911 3486; x_wconf 91' lang='lat' dir='ltr'><strong>aut</strong></span> <span class='ocrx_word' id='word_1_341' title='bbox 932 3427 998 3505; x_wconf 87' lang='lat' dir='ltr'><strong>ipse</strong></span> <span class='ocrx_word' id='word_1_342' title='bbox 1020 3447 1080 3488; x_wconf 90' lang='lat' dir='ltr'><strong>nou</strong></span> <span class='ocrx_word' id='word_1_343' title='bbox 1103 3428 1215 3507; x_wconf 84' lang='lat' dir='ltr'><strong>legerat</strong></span> <span class='ocrx_word' id='word_1_344' title='bbox 1238 3440 1375 3492; x_wconf 86' lang='lat' dir='ltr'><strong>autnon</strong></span> <span class='ocrx_word' id='word_1_345' title='bbox 1400 3441 1491 3488; x_wconf 85' lang='lat' dir='ltr'><strong>reeor-</strong></span> 
     </span>
     <span class='ocr_line' id='line_1_36' title="bbox 275 3505 1492 3589; baseline 0.001 -21"><span class='ocrx_word' id='word_1_346' title='bbox 275 3506 398 3571; x_wconf 86' lang='lat' dir='ltr'><strong>dabatur</strong></span> <span class='ocrx_word' id='word_1_347' title='bbox 419 3525 451 3567; x_wconf 89' lang='lat' dir='ltr'><strong>se</strong></span> <span class='ocrx_word' id='word_1_348' title='bbox 473 3505 582 3584; x_wconf 81' lang='lat' dir='ltr'><strong>legisse</strong></span> <span class='ocrx_word' id='word_1_349' title='bbox 604 3508 635 3567; x_wconf 85' lang='lat' dir='ltr'><strong>in</strong></span> <span class='ocrx_word' id='word_1_350' title='bbox 656 3509 713 3568; x_wconf 87' lang='lat' dir='ltr'><strong>vita</strong></span> <span class='ocrx_word' id='word_1_351' title='bbox 737 3509 836 3571; x_wconf 88' lang='lat' dir='ltr'><strong>Sancti</strong></span> <span class='ocrx_word' id='word_1_352' title='bbox 858 3510 992 3589; x_wconf 81' lang='lat' dir='ltr'><strong>Cypriani</strong></span> <span class='ocrx_word' id='word_1_353' title='bbox 1014 3512 1088 3572; x_wconf 89' lang='lat' dir='ltr'><strong>haec</strong></span> <span class='ocrx_word' id='word_1_354' title='bbox 1108 3513 1206 3574; x_wconf 87' lang='lat' dir='ltr'><strong>Pontii</strong></span> <span class='ocrx_word' id='word_1_355' title='bbox 1231 3515 1339 3576; x_wconf 81' lang='lat' dir='ltr'><strong>rerba:</strong></span> <span class='ocrx_word' id='word_1_356' title='bbox 1365 3511 1492 3575; x_wconf 83' lang='lat' dir='ltr'><strong>Nondum</strong></span> 
     </span>
     <span class='ocr_line' id='line_1_37' title="bbox 275 3591 1494 3674; baseline 0.002 -22"><span class='ocrx_word' id='word_1_357' title='bbox 275 3591 405 3653; x_wconf 81' lang='lat' dir='ltr'><strong>secunda</strong></span> <span class='ocrx_word' id='word_1_358' title='bbox 434 3595 577 3653; x_wconf 81' lang='lat' dir='ltr'><strong>nativitas</strong></span> <span class='ocrx_word' id='word_1_359' title='bbox 606 3611 719 3653; x_wconf 81' lang='lat' dir='ltr'><strong>novum</strong></span> <span class='ocrx_word' id='word_1_360' title='bbox 741 3593 887 3656; x_wconf 82' lang='lat' dir='ltr'><strong>bominem</strong></span> <span class='ocrx_word' id='word_1_361' title='bbox 908 3596 1069 3674; x_wconf 80' lang='lat' dir='ltr'><strong>splendore</strong></span> <span class='ocrx_word' id='word_1_362' title='bbox 1097 3607 1159 3660; x_wconf 93' lang='lat' dir='ltr'><strong>toto</strong></span> <span class='ocrx_word' id='word_1_363' title='bbox 1182 3600 1308 3662; x_wconf 76' lang='lat' dir='ltr'><strong>divinae</strong></span> <span class='ocrx_word' id='word_1_364' title='bbox 1333 3599 1408 3660; x_wconf 81' lang='lat' dir='ltr'><strong>lucis</strong></span> <span class='ocrx_word' id='word_1_365' title='bbox 1430 3610 1494 3656; x_wconf 85' lang='lat' dir='ltr'><strong>ocu-</strong></span> 
     </span>
     <span class='ocr_line' id='line_1_38' title="bbox 276 3677 1553 3763; baseline -0.002 -25"><span class='ocrx_word' id='word_1_366' title='bbox 276 3677 396 3738; x_wconf 81' lang='lat' dir='ltr'><strong>laverat</strong></span> <span class='ocrx_word' id='word_1_367' title='bbox 417 3687 446 3738; x_wconf 84' lang='lat' dir='ltr'><strong>et</strong></span> <span class='ocrx_word' id='word_1_368' title='bbox 466 3679 526 3736; x_wconf 84' lang='lat' dir='ltr'><strong>iam</strong></span> <span class='ocrx_word' id='word_1_369' title='bbox 547 3688 663 3738; x_wconf 84' lang='lat' dir='ltr'><strong>veteres</strong></span> <span class='ocrx_word' id='word_1_370' title='bbox 686 3695 722 3738; x_wconf 90' lang='lat' dir='ltr'><strong>oo</strong></span> <span class='ocrx_word' id='word_1_371' title='bbox 740 3683 891 3756; x_wconf 82' lang='lat' dir='ltr'><strong>pristinos</strong></span> <span class='ocrx_word' id='word_1_372' title='bbox 914 3681 1052 3742; x_wconf 78' lang='lat' dir='ltr'><strong>tenebrae</strong></span> <span class='ocrx_word' id='word_1_373' title='bbox 1075 3681 1142 3744; x_wconf 84' lang='lat' dir='ltr'><strong>sola</strong></span> <span class='ocrx_word' id='word_1_374' title='bbox 1165 3682 1244 3744; x_wconf 82' lang='lat' dir='ltr'><strong>lucis</strong></span> <span class='ocrx_word' id='word_1_375' title='bbox 1263 3695 1422 3763; x_wconf 85' lang='lat' dir='ltr'><strong>paratura</strong></span> <span class='ocrx_word' id='word_1_376' title='bbox 1433 3682 1495 3738; x_wconf 82' lang='lat' dir='ltr'><strong>cia·</strong></span> <span class='ocrx_word' id='word_1_377' title='bbox 1547 3677 1553 3712; x_wconf 64' lang='lat' dir='ltr'><strong>l</strong></span> 
     </span>
     <span class='ocr_line' id='line_1_39' title="bbox 277 3759 1553 3841; baseline 0.001 -19"><span class='ocrx_word' id='word_1_378' title='bbox 277 3761 360 3823; x_wconf 86' lang='lat' dir='ltr'><strong>celat</strong></span> <span class='ocrx_word' id='word_1_379' title='bbox 380 3759 477 3830; x_wconf 85' lang='lat' dir='ltr'><strong>(Pout.</strong></span> <span class='ocrx_word' id='word_1_380' title='bbox 501 3759 531 3818; x_wconf 90' lang='lat' dir='ltr'><strong>in</strong></span> <span class='ocrx_word' id='word_1_381' title='bbox 554 3760 616 3820; x_wconf 89' lang='lat' dir='ltr'><strong>Vita</strong></span> <span class='ocrx_word' id='word_1_382' title='bbox 640 3761 670 3820; x_wconf 93' lang='lat' dir='ltr'><strong>S.</strong></span> <span class='ocrx_word' id='word_1_383' title='bbox 687 3761 772 3840; x_wconf 77' lang='lat' dir='ltr'><strong>Cypr.</strong></span> <span class='ocrx_word' id='word_1_384' title='bbox 796 3781 820 3822; x_wconf 88' lang='lat' dir='ltr'><strong>o.</strong></span> <span class='ocrx_word' id='word_1_385' title='bbox 838 3765 891 3838; x_wconf 81' lang='grc'><strong>2.).</strong></span> <span class='ocrx_word' id='word_1_386' title='bbox 935 3763 1093 3826; x_wconf 87' lang='lat' dir='ltr'><strong>Paraturae</strong></span> <span class='ocrx_word' id='word_1_387' title='bbox 1116 3775 1214 3827; x_wconf 87' lang='lat' dir='ltr'><strong>autem</strong></span> <span class='ocrx_word' id='word_1_388' title='bbox 1239 3785 1355 3828; x_wconf 87' lang='lat' dir='ltr'><strong>nornen</strong></span> <span class='ocrx_word' id='word_1_389' title='bbox 1377 3764 1418 3827; x_wconf 94' lang='lat' dir='ltr'><strong>ibi</strong></span> <span class='ocrx_word' id='word_1_390' title='bbox 1438 3761 1494 3841; x_wconf 82' lang='lat' dir='ltr'><strong>ipsc</strong></span> <span class='ocrx_word' id='word_1_391' title='bbox 1552 3765 1553 3796; x_wconf 63' lang='lat'>¹</span> 
     </span>
     <span class='ocr_line' id='line_1_40' title="bbox 275 3842 1553 3931; baseline 0 -27"><span class='ocrx_word' id='word_1_392' title='bbox 275 3843 446 3904; x_wconf 86' lang='lat' dir='ltr'><strong>&#39;lertulliani</strong></span> <span class='ocrx_word' id='word_1_393' title='bbox 469 3861 561 3904; x_wconf 88' lang='lat' dir='ltr'><strong>sensu</strong></span> <span class='ocrx_word' id='word_1_394' title='bbox 583 3842 738 3906; x_wconf 88' lang='lat' dir='ltr'><strong>adhibetur</strong></span> <span class='ocrx_word' id='word_1_395' title='bbox 758 3863 813 3924; x_wconf 88' lang='lat' dir='ltr'><strong>pre</strong></span> <span class='ocrx_word' id='word_1_396' title='bbox 829 3847 1034 3926; x_wconf 84' lang='lat' dir='ltr'><strong>dispositione,</strong></span> <span class='ocrx_word' id='word_1_397' title='bbox 1057 3858 1197 3928; x_wconf 83' lang='lat' dir='ltr'><strong>apparatu</strong></span> <span class='ocrx_word' id='word_1_398' title='bbox 1213 3859 1246 3912; x_wconf 88' lang='lat' dir='ltr'><strong>et</strong></span> <span class='ocrx_word' id='word_1_399' title='bbox 1268 3848 1487 3931; x_wconf 83' lang='lat' dir='ltr'><strong>praeparatione</strong></span> <span class='ocrx_word' id='word_1_400' title='bbox 1552 3855 1553 3886; x_wconf 46' lang='lat' dir='ltr'><strong>t</strong></span> 
     </span>
     <span class='ocr_line' id='line_1_41' title="bbox 274 3928 1553 4010; baseline 0.007 -21"><span class='ocrx_word' id='word_1_401' title='bbox 274 3929 317 3989; x_wconf 89' lang='lat' dir='ltr'><strong>uti</strong></span> <span class='ocrx_word' id='word_1_402' title='bbox 339 3929 395 3988; x_wconf 87' lang='lat' dir='ltr'><strong>iam</strong></span> <span class='ocrx_word' id='word_1_403' title='bbox 419 3928 606 3989; x_wconf 85' lang='lat' dir='ltr'><strong>observatum</strong></span> <span class='ocrx_word' id='word_1_404' title='bbox 630 3937 674 3988; x_wconf 89' lang='lat' dir='ltr'><strong>est</strong></span> <span class='ocrx_word' id='word_1_405' title='bbox 696 3929 768 4000; x_wconf 75' lang='lat' dir='ltr'><strong>(Art.</strong></span> <span class='ocrx_word' id='word_1_406' title='bbox 792 3938 915 4010; x_wconf 68' lang='lat' dir='ltr'><strong>super).</strong></span> <span class='ocrx_word' id='word_1_407' title='bbox 1545 3940 1553 3970; x_wconf 62' lang='lat' dir='ltr'><strong>a</strong></span> 
     </span>
     <span class='ocr_line' id='line_1_42' title="bbox 360 4011 1553 4104; baseline 0.004 -34"><span class='ocrx_word' id='word_1_408' title='bbox 360 4011 436 4072; x_wconf 80' lang='lat' dir='ltr'><strong>Dicit</strong></span> <span class='ocrx_word' id='word_1_409' title='bbox 458 4015 555 4090; x_wconf 88' lang='lat' dir='ltr'><strong>itaque</strong></span> <span class='ocrx_word' id='word_1_410' title='bbox 576 4013 687 4073; x_wconf 76' lang='lat' dir='ltr'><strong>Auctor</strong></span> <span class='ocrx_word' id='word_1_411' title='bbox 709 4021 813 4074; x_wconf 88' lang='lat' dir='ltr'><strong>noster</strong></span> <span class='ocrx_word' id='word_1_412' title='bbox 835 4035 879 4086; x_wconf 85' lang='lat' dir='ltr'><strong>ea,</strong></span> <span class='ocrx_word' id='word_1_413' title='bbox 902 4034 977 4094; x_wconf 87' lang='lat' dir='ltr'><strong>quoe</strong></span> <span class='ocrx_word' id='word_1_414' title='bbox 999 4017 1030 4078; x_wconf 91' lang='lat' dir='ltr'><strong>in</strong></span> <span class='ocrx_word' id='word_1_415' title='bbox 1052 4016 1149 4078; x_wconf 89' lang='lat' dir='ltr'><strong>altiori</strong></span> <span class='ocrx_word' id='word_1_416' title='bbox 1172 4019 1246 4078; x_wconf 88' lang='lat' dir='ltr'><strong>caeli</strong></span> <span class='ocrx_word' id='word_1_417' title='bbox 1269 4020 1397 4098; x_wconf 81' lang='lat' dir='ltr'><strong>regione</strong></span> <span class='ocrx_word' id='word_1_418' title='bbox 1418 4031 1496 4104; x_wconf 86' lang='lat' dir='ltr'><strong>prae·</strong></span> <span class='ocrx_word' id='word_1_419' title='bbox 1549 4017 1553 4046; x_wconf 72' lang='grc'><strong>’-</strong></span> 
     </span>
     <span class='ocr_line' id='line_1_43' title="bbox 274 4093 1553 4178; baseline 0.005 -25"><span class='ocrx_word' id='word_1_420' title='bbox 274 4093 468 4173; x_wconf 86' lang='lat' dir='ltr'><strong>parabantur,</strong></span> <span class='ocrx_word' id='word_1_421' title='bbox 506 4095 629 4157; x_wconf 88' lang='lat' dir='ltr'><strong>nubium</strong></span> <span class='ocrx_word' id='word_1_422' title='bbox 662 4098 839 4159; x_wconf 87' lang='lat' dir='ltr'><strong>commercio</strong></span> <span class='ocrx_word' id='word_1_423' title='bbox 871 4101 1009 4178; x_wconf 82' lang='lat' dir='ltr'><strong>cognosci</strong></span> <span class='ocrx_word' id='word_1_424' title='bbox 1039 4119 1057 4161; x_wconf 90' lang='lat' dir='ltr'><strong>a</strong></span> <span class='ocrx_word' id='word_1_425' title='bbox 1083 4101 1283 4164; x_wconf 87' lang='lat' dir='ltr'><strong>daemonibus</strong></span> <span class='ocrx_word' id='word_1_426' title='bbox 1314 4107 1351 4166; x_wconf 86' lang='lat' dir='ltr'><strong>dc</strong></span> <span class='ocrx_word' id='word_1_427' title='bbox 1372 4099 1497 4164; x_wconf 74' lang='lat' dir='ltr'><strong>aratra</strong></span> <span class='ocrx_word' id='word_1_428' title='bbox 1548 4109 1553 4132; x_wconf 56' lang='lat'><em>⁸</em></span> 
     </span>
     <span class='ocr_line' id='line_1_44' title="bbox 274 4179 1553 4268; baseline 0.01 -30"><span class='ocrx_word' id='word_1_429' title='bbox 274 4182 368 4239; x_wconf 79' lang='lat' dir='ltr'><strong>oiri‘e.</strong></span> <span class='ocrx_word' id='word_1_430' title='bbox 411 4179 538 4241; x_wconf 85' lang='lat' dir='ltr'><strong>Noverat</strong></span> <span class='ocrx_word' id='word_1_431' title='bbox 559 4180 705 4260; x_wconf 87' lang='lat' dir='ltr'><strong>siquidem</strong></span> <span class='ocrx_word' id='word_1_432' title='bbox 727 4183 864 4244; x_wconf 86' lang='lat' dir='ltr'><strong>Satanam</strong></span> <span class='ocrx_word' id='word_1_433' title='bbox 893 4183 929 4244; x_wconf 85' lang='lat' dir='ltr'><strong>ab</strong></span> <span class='ocrx_word' id='word_1_434' title='bbox 957 4184 1092 4262; x_wconf 83' lang='lat' dir='ltr'><strong>apostolo</strong></span> <span class='ocrx_word' id='word_1_435' title='bbox 1122 4186 1220 4248; x_wconf 81' lang='lat' dir='ltr'><strong>vocari</strong></span> <span class='ocrx_word' id='word_1_436' title='bbox 1246 4191 1425 4268; x_wconf 81' lang='lat' dir='ltr'><strong>principem</strong></span> <span class='ocrx_word' id='word_1_437' title='bbox 1447 4199 1499 4265; x_wconf 79' lang='lat' dir='ltr'><strong>pt·</strong></span> <span class='ocrx_word' id='word_1_438' title='bbox 1544 4187 1553 4233; x_wconf 68' lang='lat' dir='ltr'><strong>&#39;i</strong></span> 
     </span>
     <span class='ocr_line' id='line_1_45' title="bbox 275 4265 1499 4350; baseline 0.007 -27"><span class='ocrx_word' id='word_1_439' title='bbox 275 4267 393 4324; x_wconf 80' lang='lat' dir='ltr'><strong>testatis</strong></span> <span class='ocrx_word' id='word_1_440' title='bbox 416 4269 497 4328; x_wconf 75' lang='lat' dir='ltr'><strong>atria</strong></span> <span class='ocrx_word' id='word_1_441' title='bbox 521 4265 626 4336; x_wconf 81' lang='lat' dir='ltr'><strong>liuius,</strong></span> <span class='ocrx_word' id='word_1_442' title='bbox 650 4265 809 4326; x_wconf 88' lang='lat' dir='ltr'><strong>daemones</strong></span> <span class='ocrx_word' id='word_1_443' title='bbox 840 4285 909 4329; x_wconf 87' lang='lat' dir='ltr'><strong>vero</strong></span> <span class='ocrx_word' id='word_1_444' title='bbox 937 4269 1115 4348; x_wconf 77' lang='lat' dir='ltr'><strong>spiritualia</strong></span> <span class='ocrx_word' id='word_1_445' title='bbox 1136 4275 1291 4350; x_wconf 79' lang='lat' dir='ltr'><strong>nequitiae</strong></span> <span class='ocrx_word' id='word_1_446' title='bbox 1313 4277 1348 4334; x_wconf 82' lang='lat' dir='ltr'><strong>irc</strong></span> <span class='ocrx_word' id='word_1_447' title='bbox 1373 4269 1499 4334; x_wconf 72' lang='lat' dir='ltr'><strong>casluti-</strong></span> 
     </span>
     <span class='ocr_line' id='line_1_46' title="bbox 275 4345 1553 4436; baseline 0.003 -30"><span class='ocrx_word' id='word_1_448' title='bbox 275 4345 330 4407; x_wconf 82' lang='lat' dir='ltr'><strong>bua</strong></span> <span class='ocrx_word' id='word_1_449' title='bbox 353 4345 460 4423; x_wconf 84' lang='lat' dir='ltr'><strong>(Epist.</strong></span> <span class='ocrx_word' id='word_1_450' title='bbox 484 4349 519 4408; x_wconf 90' lang='lat' dir='ltr'><strong>ad</strong></span> <span class='ocrx_word' id='word_1_451' title='bbox 541 4349 650 4428; x_wconf 83' lang='lat' dir='ltr'><strong>Ephes.</strong></span> <span class='ocrx_word' id='word_1_452' title='bbox 673 4368 737 4429; x_wconf 85' lang='lat' dir='ltr'><strong>cap.</strong></span> <span class='ocrx_word' id='word_1_453' title='bbox 760 4350 796 4410; x_wconf 88' lang='lat' dir='ltr'><strong>ll.</strong></span> <span class='ocrx_word' id='word_1_454' title='bbox 820 4354 850 4414; x_wconf 81' lang='lat'><strong>2.</strong></span> <span class='ocrx_word' id='word_1_455' title='bbox 875 4361 905 4412; x_wconf 90' lang='lat' dir='ltr'><strong>et</strong></span> <span class='ocrx_word' id='word_1_456' title='bbox 926 4370 988 4430; x_wconf 86' lang='lat' dir='ltr'><strong>cap.</strong></span> <span class='ocrx_word' id='word_1_457' title='bbox 1013 4353 1059 4414; x_wconf 86' lang='lat' dir='ltr'><strong>Vl.</strong></span> <span class='ocrx_word' id='word_1_458' title='bbox 1086 4357 1158 4431; x_wconf 65' lang='lat' dir='ltr'><strong>lb).</strong></span> <span class='ocrx_word' id='word_1_459' title='bbox 1188 4355 1329 4436; x_wconf 78' lang='lat' dir='ltr'><strong>lienique</strong></span> <span class='ocrx_word' id='word_1_460' title='bbox 1353 4357 1391 4418; x_wconf 88' lang='lat' dir='ltr'><strong>de</strong></span> <span class='ocrx_word' id='word_1_461' title='bbox 1413 4348 1501 4435; x_wconf 82' lang='lat' dir='ltr'><strong>pluria</strong></span> <span class='ocrx_word' id='word_1_462' title='bbox 1545 4369 1553 4406; x_wconf 71' lang='lat' dir='ltr'><strong>t</strong></span> 
     </span>
     <span class='ocr_line' id='line_1_47' title="bbox 274 4428 1553 4513; baseline 0.012 -26"><span class='ocrx_word' id='word_1_463' title='bbox 274 4428 311 4488; x_wconf 88' lang='lat' dir='ltr'><strong>ab</strong></span> <span class='ocrx_word' id='word_1_464' title='bbox 334 4428 371 4489; x_wconf 88' lang='lat' dir='ltr'><strong>iis</strong></span> <span class='ocrx_word' id='word_1_465' title='bbox 394 4433 597 4506; x_wconf 86' lang='lat' dir='ltr'><strong>praenuntiata</strong></span> <span class='ocrx_word' id='word_1_466' title='bbox 619 4433 727 4513; x_wconf 89' lang='lat' dir='ltr'><strong>aliquid</strong></span> <span class='ocrx_word' id='word_1_467' title='bbox 749 4435 825 4496; x_wconf 86' lang='lat' dir='ltr'><strong>inira</strong></span> <span class='ocrx_word' id='word_1_468' title='bbox 846 4435 1012 4496; x_wconf 91' lang='lat' dir='ltr'><strong>dicendum.</strong></span> <span class='ocrx_word' id='word_1_469' title='bbox 1548 4465 1553 4478; x_wconf 39' lang='lat' dir='ltr'><strong>t</strong></span> 
     </span>
     <span class='ocr_line' id='line_1_48' title="bbox 359 4512 1553 4596; baseline 0.008 -24"><span class='ocrx_word' id='word_1_470' title='bbox 359 4512 472 4574; x_wconf 84' lang='lat' dir='ltr'><strong>Eodem</strong></span> <span class='ocrx_word' id='word_1_471' title='bbox 500 4533 616 4596; x_wconf 90' lang='lat' dir='ltr'><strong>quoque</strong></span> <span class='ocrx_word' id='word_1_472' title='bbox 645 4517 734 4579; x_wconf 89' lang='lat' dir='ltr'><strong>modo</strong></span> <span class='ocrx_word' id='word_1_473' title='bbox 763 4518 811 4579; x_wconf 90' lang='lat' dir='ltr'><strong>ille</strong></span> <span class='ocrx_word' id='word_1_474' title='bbox 841 4520 937 4583; x_wconf 88' lang='lat' dir='ltr'><strong>adhue</strong></span> <span class='ocrx_word' id='word_1_475' title='bbox 958 4520 1089 4583; x_wconf 88' lang='lat' dir='ltr'><strong>ostendit</strong></span> <span class='ocrx_word' id='word_1_476' title='bbox 1110 4521 1147 4583; x_wconf 88' lang='lat' dir='ltr'><strong>ab</strong></span> <span class='ocrx_word' id='word_1_477' title='bbox 1176 4521 1286 4584; x_wconf 88' lang='lat' dir='ltr'><strong>iisdem</strong></span> <span class='ocrx_word' id='word_1_478' title='bbox 1310 4519 1502 4586; x_wconf 81' lang='lat' dir='ltr'><strong>daemonibus</strong></span> <span class='ocrx_word' id='word_1_479' title='bbox 1548 4543 1553 4576; x_wconf 73' lang='lat' dir='ltr'><strong>t</strong></span> 
     </span>
    </p>
   </div>
   <div class='ocr_carea' id='block_1_8' title="bbox 1550 3589 1553 3620">
    <p class='ocr_par' dir='ltr' id='par_1_12' title="bbox 1550 3589 1553 3620">
     <span class='ocr_line' id='line_1_49' title="bbox 1550 3589 1553 3620; baseline 0 -2"><span class='ocrx_word' id='word_1_480' title='bbox 1550 3589 1553 3620; x_wconf 80' lang='lat' dir='ltr'><strong>i</strong></span> 
     </span>
    </p>
   </div>
   <div class='ocr_carea' id='block_1_9' title="bbox 0 0 1588 5236">
    <p class='ocr_par' dir='ltr' id='par_1_13' title="bbox 0 0 1588 5236">
     <span class='ocr_line' id='line_1_50' title="bbox 0 0 1588 5236; baseline 0 0"><span class='ocrx_word' id='word_1_481' title='bbox 0 0 1588 5236; x_wconf 95' lang='lat' dir='ltr'><strong> </strong></span> 
     </span>
    </p>
   </div>
  </div>
 </body>
</html>
