3132 5238
403 363 407 372 ’
437 391 570 436 rocrons
591 393 688 438 neruo
709 395 804 438 mur.
826 396 853 439 r.
875 396 955 440 nrt.
1265 387 1304 455 bl

92 548 269 625 meatur,
290 553 327 604 at
348 545 477 624 accipiat
498 543 647 625 Spiritum
668 543 821 608 Sanctum.
855 545 946 620 Quod
966 550 996 610 si
1014 505 1221 628 iuterropatus
1243 571 1305 616 nan

90 629 279 708 responderit
302 627 378 690 banc
401 632 577 700 trinitatem,
600 631 783 710 baptizetur.
812 631 918 692 Annon
940 632 969 694 id
984 631 1024 694 ita
1038 633 1159 696 Eusehii
1174 643 1205 696 et
1219 637 1304 698 simi-

87 715 147 774 liu
168 712 362 774 assertiones
384 711 502 786 disiicit,
526 721 558 774 ut
578 713 696 793 penitus
720 713 918 778 evanescant?

160 796 252 858 Haud
276 796 348 858 mihi
370 795 429 858 iarn
457 798 545 860 fidem
574 798 709 860 adhihent
735 799 895 875 Baronius,
919 801 973 862 sed
994 801 1058 864 viro
1080 821 1167 882 quem
1189 823 1306 868 summe

84 881 214 944 venerari
246 881 378 960 comum:
407 881 435 942 is
463 891 510 944 est
529 883 672 946 Dominus
693 883 868 948 Benedictus
891 886 954 948 llll.
984 886 1014 948 in
1041 888 1240 968 responsione
1264 892 1305 968 ad

82 967 306 1030 iraticellorum
322 965 502 1028 obiectiones
517 977 619 1029 contra
633 968 751 1030 loannis
768 969 857 1030 XXll.
873 969 1110 1047 constitutiones,
1134 992 1220 1051 qrram
1236 975 1305 1038 dnm

81 1054 170 1115 adhuc
193 1058 284 1112 esset
304 1050 460 1112 cardinalis
483 1051 582 1125 edidit,
606 1061 635 1114 et
655 1071 742 1132 quam
766 1073 821 1116 suo
836 1053 1008 1134 Eymerious
1023 1057 1236 1136 Inquisitorum
1250 1060 1304 1120 Di-

81 1138 207 1199 reclorio
231 1136 323 1196 Parte
344 1135 380 1196 11.
404 1145 517 1214 quaest.
543 1141 591 1201 17.
622 1137 756 1199 inseruit.
801 1139 872 1200 Cum
896 1140 975 1202 enim
995 1140 1140 1202 Fraticelli
1163 1143 1304 1220 dicerent,

79 1223 150 1303 qnod
174 1223 210 1283 in
232 1201 303 1292 hii,
318 1239 394 1299 quae
422 1222 570 1299 pertinent
596 1223 632 1284 ad
658 1222 746 1284 fldem
776 1231 805 1284 et
831 1243 942 1299 mores,
965 1225 1191 1288 determinatum
1213 1228 1305 1288 semel

79 1328 125 1388 per
154 1323 315 1366 summum
349 1304 516 1384 pontificem
545 1323 605 1367 non
626 1315 727 1386 potest
747 1327 801 1388 per
821 1308 909 1370 alium
931 1310 1063 1370 revocari
1085 1309 1185 1384 (talem
1207 1319 1304 1374 autern

79 1412 140 1452 esse
163 1389 286 1452 Nicolai
306 1389 355 1450 tv.
378 1389 486 1465 hubam
508 1387 545 1452 de
568 1391 677 1452 Christi
700 1399 731 1452 et
757 1393 962 1471 apostolorum
990 1402 1161 1472 paupertate
1188 1413 1303 1474 pugna·
1392 1380 1395 1392 ⁴

78 1477 171 1552 hant),
197 1473 367 1553 respondet
386 1473 572 1550 Benedictus,
595 1477 674 1558 quod
694 1476 810 1555 salsum
831 1487 891 1540 est:
915 1497 987 1540 nom
1006 1478 1146 1552 Petrum,
1170 1485 1223 1560 qui
1241 1499 1305 1544 non

78 1561 254 1624 satamon
277 1571 359 1621 recte
380 1560 420 1620 od
441 1563 597 1622 ceritatem
619 1561 778 1639 evnnpelii,
801 1562 995 1641 reprehendit
1016 1573 1045 1626 et
1067 1568 1203 1626 corrasit
1222 1563 1306 1626 Pau-

78 1646 136 1718 lus,
169 1656 208 1706 ut
228 1655 318 1724 patet
341 1645 380 1705 ad
399 1643 505 1725 (ialct.¹
519 1647 561 1718 2,
583 1657 612 1707 et
635 1655 733 1707 tamen
754 1664 816 1708 non
836 1656 905 1708 erat
926 1645 977 1708 illi
992 1666 1063 1727 par,
1086 1649 1139 1710 sed
1159 1650 1304 1727 inferior.

78 1732 149 1794 ltem
171 1728 352 1810 Stephanus
371 1747 455 1809 papa
477 1730 693 1800 determinavit,
717 1731 795 1810 quod
815 1731 920 1794 nullus
943 1733 1115 1813 baptizatus
1134 1752 1192 1814 per
1213 1753 1305 1814 quas-

76 1835 200 1895 cumque
228 1815 401 1876 haereticos
433 1813 554 1876 ueniens
582 1816 622 1876 od
647 1814 808 1878 Ecclesiam
837 1815 1012 1879 catholicam
1044 1819 1303 1897 rebaptizaretur.

78 1901 212 1962 Sanctus
236 1910 343 1960 matun
368 1897 538 1978 Cyprianus
568 1918 634 1966 cum
659 1900 763 1962 multis
792 1905 938 1980 episcopis
965 1905 998 1964 in
1020 1903 1128 1980 Africa
1150 1902 1304 1966 celebrans

79 1984 239 2047 concilium
263 1983 478 2045 determinavit
500 1988 677 2064 oppositum,
711 1984 847 2046 uidelicet
869 1986 948 2065 quod
970 1987 1118 2067 baptizati
1138 2005 1156 2047 a
1177 1987 1304 2068 quibas·

77 2087 200 2151 maeque
213 2068 385 2137 haereticis,
408 2069 436 2128 si
449 2068 487 2128 ad
501 2067 662 2135 Ecclesiam
677 2068 852 2132 catholicam
866 2075 999 2141 veniant,
1022 2083 1095 2134 sant
1109 2071 1286 2150 baptizandi
1292 2090 1303 2132 .·

80 2155 250 2234 reprobans
279 2156 314 2212 in
343 2151 398 2212 hoc
420 2149 604 2230 Stephanum
623 2171 749 2232 papam,
785 2166 819 2216 ut
838 2165 923 2234 patet
945 2159 977 2216 in
1001 2155 1148 2236 Cypriani
1167 2155 1303 2235 epistolis
1381 2201 1385 2209 .

79 2242 114 2301 oi
133 2239 334 2306 lubaianum,
358 2236 398 2298 ad
419 2235 603 2316 Stephanum
625 2249 711 2318 atque
732 2237 913 2319 Pompeium.
939 2238 1105 2302 canalium
1126 2252 1225 2302 autem
1247 2239 1305 2302 bli-

80 2343 178 2386 mace
208 2333 375 2402 utramque
398 2324 566 2400 opinionem
589 2320 620 2382 S.
646 2322 792 2402 Cypriani
812 2337 841 2387 et
863 2322 1011 2403 Stephani
1032 2342 1132 2405 papae
1156 2328 1301 2396 correait,

80 2407 310 2470 leterminando
338 2406 419 2486 quod
447 2406 593 2485 baptizoti
618 2407 654 2468 ab
683 2407 840 2469 haereticis
868 2426 930 2469 non
959 2407 1149 2470 servantibus
1170 2409 1304 2487 sormam

79 2493 226 2554 Ecclesiae
250 2493 406 2552 venientes
428 2491 468 2550 ad
488 2489 650 2554 Ecclesiam
663 2493 882 2571 baptizentur,
912 2493 949 2554 ab
982 2491 1050 2554 aliie
1073 2510 1146 2554 oero
1169 2492 1303 2554 hoereti-

82 2583 122 2638 n's
142 2577 298 2658 baptisati
320 2591 382 2636 non
405 2573 649 2656 rebaptizentur,
677 2586 713 2638 nt
741 2595 805 2638 non
831 2580 872 2640 sit
901 2587 1008 2639 cantra
1029 2576 1194 2639 articulum
1212 2577 1302 2658 fidei:

80 2661 121 2722 Et
139 2681 231 2724 mum
257 2659 417 2738 baptisma.

158 2747 242 2807 llaec
267 2743 390 2821 scripsit
409 2741 585 2804 Benedictus
606 2742 852 2816 iam-cardinalis,
875 2747 923 2823 qui
944 2744 1030 2823 paulo
1052 2752 1123 2822 post
1144 2743 1178 2802 ad
1200 2745 1302 2822 ponti·

81 2831 192 2892 ficetum
215 2837 398 2906 assumptus
421 2835 483 2901 est,
507 2825 619 2888 scilicet
639 2847 716 2890 anno
738 2828 963 2890 mcccxxxtn
1005 2827 1057 2888 Illa
1079 2836 1112 2886 ut
1132 2835 1302 2890 recantasse

81 2933 226 2994 nnnqum
257 2911 384 2990 legitur,
418 2921 477 2973 tam
504 2912 640 2992 prohavit
660 2913 847 2991 Eymericus,
881 2921 913 2974 ut
933 2911 998 2972 loco
1020 2912 1136 2972 laudato
1159 2910 1302 2974 adversus

81 2999 251 3062 Fraticellos
275 3007 415 3075 tanquam
444 2996 621 3074 peremtoria
653 3005 822 3074 argumenta
854 2994 996 3056 retulerit.
1050 2995 1147 3068 Quare
1180 2995 1302 3056 omnino

82 3085 184 3146 mirum
207 3091 273 3154 est,
305 3083 384 3160 quod
407 3089 466 3144 tam
486 3081 671 3160 impudenter
693 3082 723 3142 in
743 3081 931 3142 Benedictum
953 3078 1107 3140 invehatur
1127 3077 1301 3158 Franciscuq

83 3168 177 3246 regin
190 3166 353 3230 Birectorii
370 3165 476 3240 editor,
497 3181 677 3244 nuperorum
693 3166 817 3227 Romani
839 3163 985 3244 pontificis
1000 3163 1183 3228 adulatorum
1198 3172 1301 3225 aucto-

87 3253 198 3314 ritatem
223 3253 318 3330 longe
344 3251 515 3329 praeferens
542 3251 691 3312 Benedicti
713 3250 775 3312 Xll.
804 3247 975 3322 sententiae,
1005 3267 1091 3328 quarn
1118 3256 1301 3329 portantum

88 3345 199 3416 tempus
217 3335 387 3416 probarunt
409 3335 598 3414 inquisitores
620 3344 649 3396 et
669 3335 820 3414 pontifices
843 3340 988 3412 quotquot
1009 3333 1174 3396 Bireotario
1195 3333 1300 3413 lnqui-
1329 3409 1331 3416 Α

84 3422 208 3482 sitorum
221 3421 272 3483 usi
295 3427 382 3480 sunt:
404 3419 470 3498 quis
491 3429 588 3482 autem
610 3419 725 3482 illorum
747 3421 825 3480 ineat
844 3416 1025 3480 numerum?
1058 3419 1164 3480 Verum
1187 3417 1213 3479 si
1235 3419 1302 3498 quis

84 3515 223 3584 quanuun
247 3505 358 3566 errarit
377 3504 487 3582 Pegna,
510 3505 650 3582 Stephani
671 3504 843 3566 sententiam
865 3521 882 3564 a
903 3503 1031 3581 posteris
1053 3521 1113 3565 non
1136 3512 1301 3566 revocatam

85 3611 118 3652 co
138 3607 302 3663 asserens,
321 3589 404 3667 quod
426 3588 550 3650 Romani
571 3588 717 3668 pontilicis
739 3587 922 3648 definitiones
944 3587 1020 3650 circa
1042 3588 1129 3650 fidem
1152 3595 1180 3648 et
1201 3605 1301 3649 mores

84 3695 99 3736 a
127 3674 262 3754 posteris
295 3673 428 3734 revocari
461 3673 519 3734 iam
553 3675 633 3734 nolas
662 3673 839 3734 arbitrentur
860 3671 1009 3742 Romanae
1038 3673 1134 3734 curiae
1161 3671 1301 3748 theologi,

84 3777 169 3822 nosse
200 3759 301 3838 cupit,
329 3757 462 3820 considat
483 3757 593 3820 clariss.
616 3758 762 3818 Romanae
783 3756 1000 3818 communionis
1021 3757 1189 3834 theologum
1211 3754 1299 3813 loan-

85 3861 149 3906 nem
171 3843 342 3905 launoium
365 3841 555 3921 epistolarum
576 3849 659 3920 parte
681 3850 789 3914 octava,
812 3840 937 3919 epistola
957 3841 994 3902 ad
1015 3839 1152 3902 laoohnm
1172 3836 1300 3899 Bevilla·

86 3947 168 4008 qmm
190 3927 395 3990 Parisiensem
418 3926 584 4006 theologum
606 3937 636 3988 et
657 3925 835 3988 senonensis
857 3924 998 3986 ecclesiae
1020 3925 1172 3985 decanum.

167 4012 247 4074 liant
275 4012 365 4091 igitur
393 4011 425 4072 in
451 4029 555 4073 vanum
576 4010 702 4072 Baronio
730 4009 870 4072 adversus
892 4004 1103 4070 Tertullianum
1130 4007 1310 4084 invectivae·

93 4096 183 4174 deque
201 4105 303 4177 spreta
324 4096 361 4158 ab
383 4095 433 4156 illo
455 4095 612 4158 habitione
634 4093 790 4176 apostolica
812 4101 869 4157 tam
891 4093 1031 4172 lugubres
1054 4091 1198 4171 querelae.
1228 4092 1301 4156 Eam

92 4181 275 4244 habitionem
296 4199 358 4242 non
379 4181 497 4259 agnovit
518 4180 646 4260 synodus
666 4197 754 4257 quae,
783 4178 810 4240 si
839 4177 991 4258 quaepiam
1013 4175 1083 4252 alia,
1110 4177 1187 4239 inter
1209 4197 1300 4240 oecu-

89 4265 215 4329 menicas
236 4266 336 4347 primo
358 4265 425 4338 loco
447 4263 680 4328 connumeranda
701 4263 769 4336 iuit3
800 4270 965 4336 ettamen,
986 4261 1014 4322 si
1035 4261 1192 4324 Baronium
1213 4263 1299 4325 audi-

90 4369 164 4427 mus,
186 4353 241 4414 hac
260 4351 327 4430 lege
349 4347 491 4428 Stephani
513 4349 553 4411 nil
574 4348 665 4428 magis
686 4347 743 4408 erit
763 4346 965 4426 apostolicum.

171 4435 273 4510 ieris,
307 4434 335 4498 si
358 4442 419 4496 tam
440 4452 542 4512 parurn
564 4433 665 4496 solidis
688 4431 904 4512 suspicionibus
927 4429 1078 4511 indulgere
1099 4431 1182 4506 licet,
1215 4429 1302 4510 longe

90 4521 127 4581 sit
147 4521 252 4586 iastius
272 4522 358 4584 hnnc
379 4517 487 4580 lihrum
508 4517 544 4580 de
564 4518 721 4598 baptismo,
743 4534 810 4578 cum
831 4516 888 4577 iam
910 4514 946 4577 ad
967 4515 1096 4578 hlontani
1118 4514 1302 4594 disciplinam

94 4603 224 4670 hauan
246 4614 331 4670 essm
352 4603 454 4666 animo
470 4601 674 4696 Tertullianus,
694 4601 788 4664 inisse
808 4599 1046 4680 sciptum-tum
1068 4601 1212 4681 quodilla,
1228 4615 1302 4678 mres

1060 4699 1099 4752 ,μ
