3078 5248
290 355 297 426 ι
389 351 562 453 nnsnmr
584 406 710 452 conon.
732 407 912 452 ermenus.
1201 359 1264 458 nat

43 559 184 641 quamvis
205 557 286 620 nulle
306 577 376 638 spes
397 559 499 621 veniae
521 557 552 619 in
574 557 698 620 ecelesia
712 557 887 620 obtinendae
908 567 1088 638 superesset.
1132 560 1214 624 'Pelia
1235 562 1262 624 si

43 645 225 706 retettnntm
252 643 283 704 in
310 641 386 704 libro
414 641 451 704 de
477 643 660 706 Paenitentia
682 649 712 704 et
733 641 925 722 sicquidem,
952 650 987 704 ut
1012 643 1099 706 etiam
1126 653 1263 710 externae

45 727 269 792 communionis
283 729 392 789 duetus
406 727 539 790 moecltis
552 726 770 807 poenitentibus
784 727 1000 806 promittantur,
1014 724 1179 804 fatebimur,
1195 750 1263 794 eum

43 834 61 874 a
83 812 302 875 Montanisticis
325 811 536 890 scriptionibus
558 811 769 876 excudendum
791 830 868 874 esse.
897 812 957 873 lam
978 831 1017 874 ne
1038 813 1131 893 tangit
1144 815 1263 894 quidem

43 900 125 960 benc
148 896 352 977 quaestionem
373 895 581 972 Tertullianus,
603 897 655 958 sed
677 896 775 958 omnis
796 896 834 958 de
847 896 1031 960 Paenitentia
1052 896 1211 979 disputatio
1233 897 1263 962 id

43 981 242 1045 recensendis
263 979 609 1061 commodis.poenitenti
629 999 690 1042 non
711 988 771 1043 tam
792 981 823 1043 in
844 981 978 1055 eeclesia,
999 1001 1085 1061 mam
1100 1002 1117 1044 a
1131 983 1193 1046 Deo
1210 1003 1263 1046 er-

43 1067 367 1148 perendissenam,
389 1083 446 1127 nec
466 1065 547 1128 ullibi
568 1065 724 1146 perspicue
746 1067 877 1141 docetur,
899 1067 1040 1146 numquid
1061 1067 1148 1130 etiam
1176 1069 1262 1130 adul-

47 1153 105 1213 teri
141 1150 322 1230 poenitentia
351 1149 485 1229 proficiet
516 1152 552 1212 ad
584 1149 820 1212 communionem
853 1151 992 1213 ecclesiae
1022 1153 1262 1232 recuperandam.

43 1237 152 1316 ltaque
183 1235 261 1315 quod
289 1234 501 1314 poenitentiam
526 1235 674 1316 praedicet
701 1243 732 1296 et
759 1243 877 1298 ertema
896 1254 1020 1316 ¹‹pnoque
1047 1236 1159 1312 doloris
1180 1237 1283 1318 signu·

45 1321 220 1382 necessaria
248 1337 315 1382 ease
341 1319 507 1393 contendat,
535 1337 596 1381 non
616 1319 725 1382 idcirce
748 1320 784 1382 ab
805 1319 1007 1382 llontanistica
1029 1329 1109 1383 secta
1130 1331 1262 1386 remotus

45 1417 104 1467 est
151 1405 226 1466 Nam
253 1413 283 1466 et
303 1405 496 1466 Montanistae
524 1404 636 1466 delictis
664 1403 810 1486 eiusmodi
837 1405 995 1467 maculatos
1021 1405 1057 1466 ad
1084 1407 1165 1468 tores
1187 1425 1261 1470 cen-

45 1491 157 1552 sistere
180 1509 215 1551 ec
241 1489 416 1550 illacrumari
436 1489 600 1568 nauesque
622 1488 775 1552 circnmire
796 1507 954 1568 arrogare
974 1489 1119 1564 volebant,
1148 1509 1208 1552 non
1230 1498 1264 1552 ut

47 1577 93 1636 eis
115 1575 234 1636 veniam
255 1573 420 1653 impetrent,
442 1591 529 1652 ιιιιιιιι
551 1573 620 1635 dare
635 1574 688 1636 Dei
709 1574 802 1636 solius
817 1583 914 1647 esset,
938 1575 990 1636 sed
1011 1583 1045 1636 ut
1059 1574 1151 1637 [teum
1166 1575 1262 1654 ipsum

45 1659 165 1722 facilins
198 1667 321 1720 exorent
352 1666 382 1720 et
412 1657 551 1720 tratribus
579 1658 797 1720 miserationem
824 1659 951 1721 excitent
977 1667 1007 1720 et
1034 1667 1068 1721 ut
1088 1658 1179 1722 [lenm
1207 1679 1262 1740 pru

47 1743 223 1824 poenitente
244 1743 446 1822 deprecentur,
476 1751 687 1804 commoveant
731 1743 864 1816 Quorum
886 1743 979 1823 siquis
1000 1753 1133 1805 accurate
1153 1745 1262 1807 discri-

49 1846 120 1889 men
142 1827 304 1906 perpendat
325 1835 356 1888 et
375 1829 485 1888 tructus
506 1827 716 1907 poenitentiae,
738 1827 788 1907 qui
810 1827 984 1908 colliguntur
993 1837 1063 1908 post
1075 1828 1151 1890 banc
1164 1829 1262 1903 vitam,

50 1919 173 1991 separet
193 1913 228 1973 ab
250 1912 376 1973 externis
399 1912 429 1972 in
444 1912 650 1974 communione
665 1911 804 1974 ecclesiae
818 1912 1013 1985 versantibus,
1035 1912 1172 1986 inveniet,
1186 1913 1262 1975 'ler-

52 1996 207 2058 tullianum
228 1996 258 2058 in
280 1996 356 2057 libro
377 1997 414 2058 de
436 1995 577 2058 Pudicitia
591 1997 723 2058 moechis
738 2005 875 2058 externus
891 1997 946 2059 bos
962 1997 1118 2072 ademisse,
1140 1998 1172 2058 in
1184 1998 1262 2060 libro

51 2082 89 2142 de
110 2081 294 2142 Poenitentia
309 2099 370 2143 nun
384 2081 567 2143 concessisse
589 2081 721 2161 adeoque
746 2081 853 2143 nnllam
865 2081 942 2142 inter
956 2089 1111 2161 utrumque
1125 2101 1262 2162 pugnem,

50 2165 163 2228 nullum
175 2165 344 2228 Tertulliani
367 2183 446 2227 nune
460 2164 623 2226 Ortbodori
637 2184 716 2227 nunc
729 2165 923 2227 llontarristae
939 2165 1096 2228 discrimen
1111 2185 1263 2247 apparere.

50 2250 102 2311 Ast
123 2251 216 2324 aiunt,
238 2249 459 2323 Ternrlliannm,
480 2257 637 2330 postquam
659 2249 834 2312 llontanista
855 2255 947 2312 tanus
963 2259 1034 2320 erat.
1057 2252 1169 2312 lassum
1184 2269 1263 2325 esse,

50 2334 129 2413 quod
155 2335 244 2413 plane
270 2335 325 2397 alia
351 2335 387 2396 de
407 2334 626 2414 poenitentibus
648 2334 718 2396 clim
739 2335 897 2396 decuerit⁸.
942 2335 1029 2408 Quod
1050 2353 1184 2414 magnam
1206 2336 1264 2400 vim

51 2419 182 2492 haberet,
207 2419 234 2480 si
256 2437 290 2481 se
310 2419 483 2481 nominatim
504 2419 534 2480 in
556 2419 623 2498 ipso
645 2419 720 2480 libro
742 2419 779 2480 tle
793 2419 977 2482 Poebitentia
1000 2420 1160 2482 doctrinam
1177 2421 1262 2481 blon-

53 2512 119 2564 tano
140 2504 320 2566 contrariam
340 2505 508 2584 professum
531 2523 596 2566 esse
618 2511 785 2566 testaretur.
814 2504 875 2565 lam
897 2523 962 2566 cum
984 2523 1038 2565 nec
1059 2504 1137 2565 bunc
1156 2504 1263 2566 librum

19 2596 22 2624 ¹
52 2587 186 2668 designet
208 2607 265 2650 nec
286 2589 349 2668 ipsa
371 2588 491 2668 scriptio
512 2589 570 2649 tale
590 2588 659 2667 quid
680 2588 802 2662 evincat,
836 2589 888 2650 sed
909 2607 974 2650 cum
996 2588 1072 2649 libro
1095 2589 1131 2650 de
1144 2589 1263 2650 Pudici-

56 2673 93 2732 tia
121 2673 223 2734 multis
251 2673 348 2734 modia
379 2672 528 2734 conciliari
555 2674 661 2752 pessit,
690 2672 822 2752 adeoque
849 2675 950 2734 lorsan
971 2673 1002 2734 in
1024 2691 1115 2752 opere
1136 2673 1264 2752 quodam

57 2755 209 2836 deperdito
221 2757 371 2819 doctrinae
383 2757 568 2820 llontanistis
590 2756 752 2818 ccnnariae
774 2757 845 2817 clim
866 2776 882 2819 a
898 2756 1078 2818 Tertulliano
1093 2756 1264 2838 propositae

55 2841 169 2914 luerint,
192 2842 242 2904 vix
264 2849 318 2916 est,
340 2849 375 2904 ut
395 2842 568 2928 opusculum
590 2841 626 2902 de
635 2841 818 2902 Paenitentia
844 2841 873 2901 in
895 2841 970 2902 libro
993 2841 1029 2901 de
1050 2841 1192 2902 Pudicitia
1213 2860 1264 2902 re-

55 2935 187 3014 vocatum
211 2944 244 2987 ac
265 2927 347 2988 velut
364 2927 545 2989 destructum
559 2943 750 2987 censeamus.
786 2925 964 2987 Crediderim
992 2925 1091 3004 potius
1118 2925 1264 2986 scribendi

60 3010 212 3072 consilium
238 3011 270 3072 in
296 3011 371 3072 libre
394 3014 431 3072 de
451 3010 635 3072 Poenitentia
658 3029 694 3071 eo
718 3009 888 3082 tetendisse,
916 3018 950 3070 ut
969 3009 1162 3070 Montanistas
1183 3029 1264 3085 suos,

60 3093 108 3170 qui
128 3095 204 3156 sorte
219 3095 345 3174 rigorem
361 3091 622 3179 ἐξομολογήσεως
637 3103 782 3167 externae,
805 3093 925 3173 illasque
948 3102 977 3155 et
997 3094 1136 3174 lacrymas
1152 3103 1182 3154 et
1196 3113 1264 3156 sor·

62 3177 113 3236 des
134 3179 287 3265 evitabpnt,
316 3180 394 3259 quod
417 3199 468 3242 eae
491 3179 525 3241 ad
548 3179 747 3260 receptionem
770 3179 800 3239 in
823 3179 983 3253 ecclesiam,
1017 3197 1103 3258 quem
1136 3178 1264 3240 obtineri
1309 3237 1315 3245 .

61 3277 120 3322 non
150 3281 238 3342 posse
269 3283 305 3326 ex
330 3263 500 3346 disciplinae
528 3263 783 3326 cunctationibus
806 3263 1026 3342 praevidebant,
1049 3263 1263 3326 nihilomnino

61 3347 234 3422 conterrent,
261 3349 409 3411 hortatum
431 3368 506 3422 esse,
534 3357 567 3410 ut
587 3356 684 3410 cetera
704 3347 901 3429 poenitentiae
923 3347 1076 3410 commoda
1097 3348 1264 3428 perpende-

61 3441 135 3504 rent,
155 3452 211 3495 nec
231 3452 295 3494 eam
317 3433 393 3508 ideo,
416 3434 495 3513 quod
516 3433 655 3496 ecclcsiae
670 3433 905 3495 communionem
920 3451 981 3494 non
996 3442 1176 3514 operaretur,
1199 3451 1266 3494 cum

62 3522 154 3578 tanim
176 3517 247 3580 olim
267 3526 336 3598 post
356 3518 443 3580 vitam
463 3519 606 3599 prodesse
627 3526 740 3599 posset,
761 3536 901 3599 peragere
923 3517 1094 3580 detrectent.

600 3691 630 3765 s.
652 3687 726 3749 nv.

144 3801 216 3866 Cum
238 3804 435 3866 Tertullianus
446 3803 622 3866 Montanista
644 3805 701 3866 iam
724 3813 814 3878 esset,
830 3803 1012 3884 Zephyrinus
1027 3803 1185 3883 episcopus
1202 3802 1264 3862 llo-

63 3901 163 3947 manus
184 3891 228 3960 (ut
248 3891 305 3950 tert
324 3889 519 3970 plurimorum
541 3889 697 3966 sententia)
719 3889 763 3950 vel
784 3875 857 3950 alins
879 3887 995 3967 qnidam
1018 3887 1140 3948 antistes
1161 3886 1191 3945 in
1213 3903 1264 3946 ec-

67 3965 152 4030 clesia
171 3991 224 4034 sua
245 3974 388 4036 edixerat:
425 3973 487 4054 llpo
508 3983 537 4036 et
557 3973 705 4036 moeclioe
726 3982 755 4034 et
775 3975 990 4053 fornicationis
1024 3971 1129 4034 delicta
1158 3973 1267 4051 poect-

68 4057 157 4114 tectio
175 4058 287 4136 functis
311 4055 457 4140 dimitto‘p
480 4058 557 4138 quod
571 4054 732 4138 Septimius
745 4066 849 4119 noster
869 4055 1027 4137 peracerbe
1048 4064 1117 4116 tunc
1138 4055 1266 4134 exagita-

68 4133 107 4194 vit
127 4144 155 4198 et
175 4159 208 4201 ex
230 4153 325 4205 sectae
337 4163 407 4205 suae
427 4143 581 4224 principiis
604 4141 761 4214 contendit,
784 4142 851 4204 talia
865 4141 996 4220 polliceri
1010 4138 1063 4200 Dei
1080 4137 1172 4200 solius
1188 4155 1265 4212 esse,

64 4235 159 4298 ,neque
186 4227 345 4303 ecclesiam,
375 4228 400 4290 si
426 4229 471 4289 vel
492 4229 618 4290 maxime
639 4227 685 4288 bis
708 4225 820 4288 delictis
841 4226 956 4287 veniam
978 4225 1047 4286 dare
1068 4231 1182 4303 posset,
1212 4223 1265 4286 da-

67 4310 158 4368 turam
175 4329 248 4372 esse.
293 4313 444 4376 Similibus
471 4314 532 4374 tere
547 4312 644 4374 'utitur
667 4311 752 4373 dictis
774 4311 804 4372 in
826 4310 900 4371 libro
923 4309 959 4370 de
981 4307 1160 4388 Baptismot,
1182 4327 1265 4372 cum-

67 4404 120 4464 que
140 4391 216 4457 idem
237 4397 411 4478 opusculum
432 4397 468 4458 ad
489 4396 702 4478 persecutionis
725 4403 855 4475 tempora
876 4391 1192 4473 pertinerevtdeaturt,
1213 4411 1269 4456 nec

101 4571 122 4607 ε·
138 4561 273 4616 Tertultisn.
292 4568 321 4617 de
340 4569 419 4616 Pudic.
439 4585 460 4617 c.
480 4568 501 4617 l.
723 4581 745 4627 g.
764 4565 822 4614 lbid.
841 4565 870 4613 de
889 4515 1009 4628 ltnptlsmo
1029 4581 1048 4614 c.
1071 4563 1109 4612 10.

103 4623 118 4671 l·
135 4627 271 4686 Tertullinn.
289 4636 318 4685 de
337 4635 417 4687 Pudic.
435 4651 457 4686 e.
477 4635 499 4685 l.
728 4633 752 4682 b.
770 4633 829 4682 lbid.
847 4649 868 4683 c.
887 4631 926 4682 to.
1116 4695 1120 4700 q
1170 4687 1172 4692 ,
1219 4701 1228 4714 Ι
