3126 5250
466 399 601 445 onerose
622 401 681 446 mc.
703 401 740 446 css
761 401 889 448 nomer.
1221 387 1286 460 ett

72 557 170 631 psus,
201 551 255 612 sed
283 549 397 614 ldorts'o
421 555 503 614 inter
530 552 731 618 Hortensium
758 553 955 636 Catonemque
986 555 1135 617 discurrit
1166 565 1195 618 et
1221 558 1287 618 sine

80 637 180 699 worse
202 639 306 697 viuere
328 636 441 698 Martio
458 641 571 717 potnit.
616 638 654 700 Et
674 638 782 700 iterum
803 638 833 699 in
849 639 984 720 sequenti
998 639 1091 701 libro:
1113 639 1285 712 Scotorum,

77 721 169 800 inquit,
201 723 286 784 motio
314 737 428 783 errores
452 727 599 802 proprios
628 741 691 785 non
709 723 796 786 leniet
822 733 860 796 et,
883 729 971 805 prosi
989 724 1127 787 Platonis
1145 723 1287 807 politiam

79 806 171 886 deperit
195 814 224 867 et
248 803 371 868 Coronis
392 817 538 886 sequatur
558 809 736 888 enemplom,
759 808 846 871 netto
867 809 949 890 opud
966 828 1016 872 eos
1032 814 1144 872 eonion
1154 813 1288 889 proprie

75 902 120 962 ut,
151 891 209 952 sed
233 899 269 951 nt
296 895 400 972 eus'qoe
427 891 543 955 lilitmm
567 892 666 971 suerit
683 895 831 974 pecudum
851 911 937 957 more
958 893 1122 957 losoioinnt
1153 894 1286 973 (August.

76 975 116 1036 lih.
136 974 174 1036 de
199 973 273 1035 Fide
295 982 325 1035 et
346 975 467 1054 Operib.
490 995 552 1056 cap.
576 979 606 1041 6.
629 986 659 1039 et
678 977 730 1038 Iih.
753 977 790 1038 de
810 977 884 1039 Bon.
907 978 1029 1059 Coniug.
1052 997 1115 1058 esp.
1140 980 1189 1043 18.
1211 978 1285 1040 IIie-

73 1079 190 1140 ronpm.
207 1059 257 1120 Iib.
279 1059 304 1119 I.
326 1059 390 1120 adv.
411 1059 503 1122 lovin.
524 1079 555 1140 p.
580 1063 650 1126 188.
672 1061 745 1124 ibid.
768 1061 818 1124 lib.
840 1061 877 1124 Π.
899 1082 929 1143 p.
951 1065 1047 1141 iou).

148 1145 329 1224 Quanquam
351 1153 448 1206 autem
468 1144 569 1225 pimus
591 1146 700 1209 iruerint
720 1146 841 1209 Catonis
862 1147 983 1209 nomine
997 1148 1139 1228 insigniti,
1161 1163 1288 1226 quorum

54 1229 242 1309 'genealogia
263 1228 300 1289 ab
320 1229 354 1290 t.
377 1229 470 1291 Gellio
492 1231 646 1292 exhibetur
667 1231 752 1307 (uolt.
775 1231 825 1294 lih.
847 1231 923 1294 XIII.
945 1232 1030 1294 Noot.
1051 1234 1109 1295 stt
1132 1250 1196 1311 cap.
1214 1234 1286 1309 tu),

71 1335 103 1376 ex
127 1313 229 1376 citatis
260 1324 358 1375 tamen
380 1315 574 1394 scriptoribus
597 1323 713 1378 constat
733 1315 825 1392 illum,
854 1317 891 1379 de
913 1337 971 1398 quo
993 1317 1118 1397 agimus,
1147 1316 1289 1378 Catonem

70 1401 159 1461 luisse
179 1399 363 1472 Uticensem,
387 1401 436 1479 qui
459 1400 644 1480 ideoMInor
665 1401 839 1481 appellatur,
863 1402 930 1481 quis
952 1402 1071 1464 Catonis
1094 1401 1229 1463 Censorii
1252 1418 1287 1461 ex

70 1484 135 1556 lilio,
157 1493 196 1546 ut
218 1483 358 1544 nitidem
380 1483 500 1558 Gellius,
522 1504 616 1565 nepos
639 1494 712 1548 erat.
742 1486 801 1547 Cur
816 1504 896 1565 ergo,
919 1486 1032 1566 inquiet
1045 1485 1160 1566 aliquis,
1181 1485 1286 1547 a'Ier-

70 1569 326 1630 nillisno'nostro
355 1567 469 1630 Censor
496 1569 639 1632 vocatur?
682 1569 838 1632 Enimvero
868 1571 979 1633 diserte
1010 1571 1118 1632 ibidem
1151 1569 1287 1649 scripsit:

69 1653 212 1726 lenones,
235 1652 427 1733 manuscripti
448 1655 543 1716 uestri
558 1655 673 1716 codices
695 1655 798 1717 Ionon
812 1665 859 1718 est
870 1655 1072 1737 philosophos
1095 1656 1236 1717 Soorotes
1254 1653 1289 1718 'et

70 1739 186 1800 Censor
211 1738 283 1800 Coto
306 1738 489 1810 (TertuIIIan.
511 1739 665 1819 Apologct.
687 1757 750 1819 cap.
773 1741 848 1818 39.).
878 1739 1026 1819 Numquid
1048 1741 1137 1818 Igitur
1158 1737 1199 1800 ibi
1221 1756 1288 1799 me-

68 1822 181 1884 mon'ae
215 1822 292 1884 illius
314 1815 489 1908 ἁμάρτημα
511 1832 541 1885 et
563 1843 647 1885 error
669 1821 739 1885 cst‘l
774 1825 811 1885 nt
832 1825 900 1886 huie
920 1825 1095 1904 responderi
1116 1831 1216 1903 potest
1229 1821 1287 1884 Ca-

67 1917 170 1968 tonem
203 1925 218 1969 a
244 1907 423 1969 Tertulliano
451 1927 512 1970 non
539 1908 688 1987 dignitate,
723 1909 777 1970 sed
809 1909 907 1971 emmo
930 1926 1104 1988 morumque
1132 1907 1287 1970 severitate

68 2010 226 2054 censorem
247 1991 396 2072 appellari.
439 1993 556 2056 Etenim
576 1993 635 2055 iam
656 1993 762 2056 citatus
785 2013 801 2055 a
823 1994 910 2056 nobis
932 1993 1069 2056 Lucanus
1091 1993 1229 2055 canebat:

222 2121 230 2138 .
256 2122 264 2136 .
288 2123 295 2138 .
318 2077 361 2140 ttt
379 2095 490 2151 meres,
513 2079 584 2142 loeo
605 2080 678 2141 duri
697 2083 818 2143 onmoto
841 2079 961 2141 Catonis

221 2160 311 2225 Serto
334 2163 405 2240 snit,
707 2192 709 2198 s
811 2163 1223 2237 (Lucan.lib.11.v.3'ltl.)

72 2245 204 2308 videlicet
225 2245 330 2308 stoice.
360 2246 404 2306 Eo
427 2247 513 2308 etiam
535 2265 626 2309 sensu
646 2265 756 2308 nomeu
779 2247 912 2309 censoris
934 2248 970 2309 ab
992 2247 1114 2310 Horatio
1130 2246 1288 2326 accipitur:

220 2335 263 2393 tt
284 2337 336 2411 poi
355 2331 516 2410 lepitimdm
539 2336 635 2413 cupiet
655 2334 764 2414 secisse
781 2337 898 2412 poimo,

222 2416 298 2478 Cum
320 2415 431 2479 tolnlis
453 2422 585 2480 animum
607 2421 741 2480 censoris
763 2430 861 2481 snmet
882 2418 1008 2479 honesti.

649 2501 762 2575 (floret.
784 2501 835 2564 lib.
857 2502 893 2563 II.
916 2501 1009 2581 Epist.
1032 2501 1069 2562 II.
1090 2519 1117 2561 v.
1142 2501 1225 2578 109.)

84 2548 495 2665 Rffimmfflm

221 2717 229 2731 .
256 2716 263 2730 .
289 2714 297 2730 .
322 2670 437 2733 Censor
460 2673 678 2752 costipotorpne
698 2674 860 2750 mmornm.

139 2761 143 2774 ·
292 2775 297 2782 ·
764 2753 817 2827 (Id.
841 2753 877 2815 de
897 2753 959 2814 Art.
982 2753 1067 2814 rost.
1089 2771 1117 2814 v.
1144 2753 1226 2829 174.)

78 2835 140 2897 Cato
164 2847 266 2901 antem
294 2837 353 2911 illc,
381 2837 513 2918 Appiano
536 2837 631 2900 adhue
651 2845 738 2912 teste,
767 2838 886 2900 lechitus
907 2839 971 2918 fnit
991 2843 1041 2899 eir
1064 2841 1195 2899 omnnem
1216 2849 1292 2916 pre

76 2927 211 2986 sosimus
242 2927 507 3004 tenuissimusque
531 2927 693 3004 propositi,
725 2933 760 2984 ot
787 2927 840 3002 oni
858 2927 971 2984 metum
992 2941 1027 2983 oc
1050 2921 1209 2983 honestum
1228 2937 1292 2981 non

73 3025 110 3067 ec
135 3007 224 3089 culpi
249 3009 383 3070 moribus
405 3013 573 3078 metiretur,
606 3008 660 3069 sed
680 3010 771 3068 rectis
793 3025 829 3069 oo
849 3010 1003 3086 prusensis
1026 3005 1206 3076 rationibus,
1240 3010 1293 3066 aut

75 3091 146 3154 sinn
166 3093 308 3154 Lucanus
330 3111 450 3154 rursum
475 3091 595 3153 cecinit:

223 3177 363 3241 Iustitiae
386 3177 494 3249 cultor,
518 3177 610 3256 ripidi
629 3185 772 3240 servator
793 3176 920 3238 honesti.
1099 3217 1104 3224 -

801 3261 923 3335 (Lucan.
945 3257 995 3319 lib.
1017 3257 1054 3318 II.
1078 3275 1106 3318 r.
1129 3257 1226 3334 388.).

72 3345 106 3407 It
119 3347 157 3420 is,
188 3346 377 3425 quantumvis
400 3345 558 3407 severioris
581 3344 751 3424 discipliuae
772 3344 965 3424 praedicator,
993 3361 1116 3404 uxorem
1137 3340 1290 3404 nihilomi-

73 3447 126 3492 nus
147 3449 234 3493 suam
257 3430 426 3504 Hortensio,
454 3430 548 3492 amico
571 3448 638 3504 suo,
671 3437 774 3493 contre
796 3429 924 3510 coniugii
936 3428 1008 3490 iura
1041 3427 1186 3505 iidemque
1213 3425 1292 3506 turpi

73 3511 217 3577 lenocinio
240 3514 404 3578 collocavit.
1062 3511 1063 3514 ’

153 3600 298 3662 Eiusdem
325 3598 456 3660 oriminis
484 3599 594 3660 Auctor
621 3608 726 3661 noster
755 3598 908 3660 Socratem
940 3605 1068 3658 accusat.
1110 3593 1148 3656 ht
1179 3602 1292 3654 eertum

72 3685 190 3762 quidem
212 3693 260 3746 est
281 3685 379 3763 ipsum
400 3682 474 3744 duas
497 3683 583 3744 simul
610 3683 752 3745 hahmsse
780 3699 906 3744 uxores:
942 3681 1129 3760 Xanthippen
1156 3677 1293 3739 videficet

74 3777 102 3828 et
132 3770 333 3850 Myrrhonem,
361 3768 497 3830 hristidIe
526 3767 677 3830 cuiusdam
704 3767 793 3828 liliam
827 3767 873 3828 vel
901 3783 937 3826 ex
965 3766 1023 3827 lilia
1050 3771 1179 3842 neptem.
1225 3760 1291 3833 Quo

73 3863 169 3916 antem
191 3854 262 3916 illud
284 3852 419 3934 pluribus
433 3853 559 3915 testibus
573 3852 734 3924 Athenaeo,
756 3850 886 3925 Laertio,
907 3850 1075 3922 Plutarcho,
1099 3847 1290 3924 Hieronymo,

75 3935 179 4016 Cyrillo
206 3939 416 4010 Alexandrino,
446 3937 635 3999 Theodoreto
662 3936 890 4009 demonstratur,
919 3953 955 3996 eo
984 3933 1111 4014 p'rohatu
1143 3929 1290 4025 difficilius

77 4030 123 4083 est
143 4041 242 4086 uuum
264 4023 313 4085 ille
330 4023 477 4096 Socrates,
499 4040 560 4083 non
583 4039 669 4083 secus
690 4040 725 4082 ac
746 4020 828 4092 Cato,
850 4037 973 4082 uxorem
996 4035 1079 4080 suam
1102 4033 1169 4076 cum
1190 4032 1292 4076 amicte

76 4107 138 4169 sicis
160 4127 262 4170 resera
285 4107 544 4169 communicaverit
573 4107 687 4179 (Athen.
709 4105 759 4166 lib.
782 4105 857 4167 XIII.
879 4103 1020 4182 DeIpnos.
1043 4100 1106 4161 init.
1128 4117 1194 4180 pag.
1217 4100 1290 4163 555.

76 4189 170 4254 Laert.
192 4193 244 4255 lib.
265 4193 303 4254 II.
326 4192 356 4254 iu
378 4192 443 4254 Vita
464 4192 577 4254 Socrat.
601 4195 629 4269 ξ.
653 4193 705 4255 26.
727 4189 873 4251 Plutarch.
896 4189 927 4250 In
949 4189 999 4248 lin.
1014 4186 1096 4246 Vitae
1117 4182 1238 4244 tristis.
1262 4201 1291 4263 p.

75 4277 149 4341 335.
174 4278 345 4357 hieronym.
373 4277 423 4339 lib.
445 4277 481 4338 II.
510 4276 574 4338 adv.
596 4275 738 4338 lovinian.
761 4293 790 4354 p.
815 4276 884 4338 190.
915 4271 1011 4352 Cyrill.
1034 4269 1084 4331 lib.
1107 4268 1154 4330 vt.
1176 4267 1292 4330 advers.

78 4359 177 4422 lulian.
199 4381 228 4443 p.
255 4365 326 4428 186.
349 4374 379 4424 et
398 4361 449 4423 lib.
471 4361 531 4422 VII.
554 4380 583 4441 p.
607 4363 679 4425 226.
702 4358 882 4421 Theodorei.
906 4367 976 4418 tom.
999 4355 1045 4415 IV.
1069 4354 1163 4416 Serm.
1182 4356 1231 4418 12.
1254 4352 1292 4414 de

77 4443 179 4508 lirini.
200 4449 263 4510 het.
287 4467 316 4526 p.
340 4445 450 4524 67331
492 4446 565 4507 Vide
593 4454 689 4508 autem
712 4451 811 4505 utrum
833 4443 869 4504 ad
892 4441 1063 4502 solvendum
1085 4439 1209 4501 huiusce
1231 4436 1290 4498 tit-

79 4529 211 4595 timltatis
238 4534 350 4594 nodum
378 4551 411 4594 ea
438 4531 585 4593 sufficiant
612 4549 685 4610 quae
718 4528 841 4608 Cyrillus
863 4524 1074 4588 Alexandrinus
1097 4531 1128 4585 et
1149 4521 1291 4584 Theodo-

79 4621 160 4678 retus
189 4617 374 4682 tradiderunt
405 4616 516 4698 (Cprill.
543 4623 573 4679 el
599 4615 779 4679 Theodorei.
800 4613 857 4676 loc.
880 4610 951 4690 cit),
980 4610 1097 4674 ductam
1122 4627 1140 4674 a
1168 4608 1292 4672 Socrate
