3196 5250
261 349 327 414 438
359 365 551 412 ΜΒΒΕΜἎῙΜ
566 365 598 410 ltt
614 365 663 416 nu.
678 363 763 410 ΒΜ.
778 364 866 410 FLOR·
882 340 1322 408 rmrubmttsarotottsrtcn!
1337 347 1419 408 01le-

261 516 411 596 fingebant
432 535 466 578 sa
488 515 587 578 divino
609 515 709 578 afflatu
731 524 761 576 et
782 515 932 594 aruspices
954 513 1096 594 adspectu
1117 514 1302 576 victimarum
1324 513 1475 576 rabanoni.

260 600 298 662 ht
320 600 474 662 Terentius
496 608 640 680 utrosque
660 600 765 680 pungit
784 600 893 660 ¹horum
914 617 1057 663 versuum
1078 598 1204 660 andeis:
1416 607 1421 614 ·

416 716 537 780 Gallina
560 721 675 789 cecinit,
698 717 860 780 interdiait
881 716 1018 779 ariolae:

292 847 293 855 ,
412 805 556 882 hrrespear
577 805 673 864 vetnit
694 811 764 864 onte
792 803 929 863 brumam
951 799 1066 883 aliquid
1087 804 1163 864 aovi

414 885 536 967 Nepotis·
555 889 698 968 incipere.
1458 935 1464 960 ,

803 969 935 1044 (Terent
956 969 1079 1031 Phorm.
1102 977 1158 1031 act.
1180 967 1228 1030 tv.
1253 985 1335 1030 scen.
1357 973 1398 1046 4.)

258 1103 361 1184 Neque
393 1104 441 1166 his
475 1123 546 1166 sane
580 1103 702 1184 aliisque
732 1103 834 1166 Cicero
862 1103 956 1183 magis
985 1103 1119 1184 pepercit
1146 1103 1196 1164 ubi
1226 1103 1301 1165 haec
1322 1101 1473 1166 scribebat:

258 1184 414 1274 Μαντικὴ
438 1200 550 1272 nestra,
574 1207 648 1268 qaae
671 1187 763 1251 latine
786 1189 930 1253 divinatio
954 1189 1075 1259 dicitnr,
1097 1207 1157 1270 qna
1180 1197 1268 1250 tanta
1282 1189 1474 1252 inbueremur

260 1278 487 1356 superstitione,
510 1275 540 1335 ai
552 1292 606 1336 aaa
621 1273 729 1335 andire
743 1273 897 1342 aetianos.
913 1284 949 1336 at
963 1277 1129 1354 aruspices,
1153 1291 1296 1353 appares,
1315 1271 1412 1343 am'oli,
1426 1290 1473 1332 ca-

260 1368 314 1428 tes,
339 1361 521 1420 coniectores
544 1358 630 1420 nohis
654 1368 755 1419 essent
777 1357 896 1420 colendi
916 1356 1030 1432 (Cicero
1052 1356 1103 1417 lib.
1118 1356 1143 1417 Ι.
1165 1356 1203 1418 de
1224 1355 1292 1418 Nat.
1307 1357 1393 1418 Deor.
1413 1373 1473 1434 pap.

261 1443 334 1506 203.
356 1442 410 1504 lin.
434 1443 510 1519 36.).
554 1441 614 1503 Sed
636 1439 673 1502 de
695 1440 743 1504 bis
765 1441 833 1503 alibi
856 1441 965 1502 dictum
989 1449 1018 1503 el
1039 1441 1136 1503 adbuc
1154 1448 1265 1523 postea
1287 1440 1445 1504 dicendum.

263 1615 268 1626 .
346 1559 509 1621 scelestum
533 1557 604 1619 idad
626 1578 661 1620 ao
681 1558 860 1637 reipublicae
887 1559 1028 1620 infestum
1061 1557 1244 1638 omninoque
1283 1558 1471 1639 perniciosum
1547 1543 1548 1556 ¹

259 1661 365 1723 agmen
394 1643 531 1705 claudunt
556 1643 767 1706 mathematici.
811 1643 875 1703 lios
898 1641 1149 1722 autem'onlpas,
1184 1643 1282 1722 inquit
1307 1645 1341 1705 A.
1363 1641 1473 1712 Gellius,
1547 1679 1548 1682 =

261 1746 336 1809 quos
357 1727 504 1806 gentilitio
528 1727 675 1790 vocabalo
700 1727 865 1791 Chaldaeos
889 1729 988 1790 dicere
1011 1737 1146 1807 oportet,
1169 1727 1392 1792 mathematicos
1413 1727 1473 1788 dicit

182 1811 186 1816 '
259 1812 305 1886 (ll.
323 1810 396 1872 Gall.
419 1810 470 1872 lib.
493 1811 516 1872 l.
538 1810 623 1872 Noct.
645 1811 731 1873 Attia.
755 1831 818 1891 cap.
834 1814 888 1888 9.).
934 1811 971 1872 lit
991 1811 1075 1892 prins
1098 1811 1217 1891 quidem
1241 1811 1345 1874 Cicero
1367 1811 1470 1871 illorum

259 1902 353 1956 artem
376 1901 405 1956 et
425 1895 646 1974 professionem
667 1896 715 1956 bis
738 1895 837 1958 verbis
860 1894 1079 1975 explicaveratr'
1093 1895 1162 1958 Nan
1177 1913 1217 1957 eor
1231 1900 1323 1972 artis,
1346 1897 1396 1958 sed
1407 1911 1470 1975 pea-

259 1983 298 2042 tis
328 1978 473 2042 vocabalo
501 1985 651 2042 aomr'nati
687 1981 834 2043 diuturna
858 1980 1068 2042 observatione
1095 1981 1231 2042 silerem
1252 1985 1404 2044 scientiam
1419 1995 1473 2058 pn-

262 2073 371 2125 tantur
393 2065 534 2147 effecisse,
563 2074 599 2126 at
616 2065 758 2144 praedici
775 2076 880 2145 posset
901 2065 974 2146 qaid
993 2067 1154 2144 unicuiqae
1177 2075 1355 2127 eventuram
1376 2074 1403 2124 et
1422 2077 1470 2142 qua

258 2151 384 2293 lrmllqul
406 2149 474 2228 sato
497 2159 588 2218 natus
618 2160 695 2211 esset
723 2149 828 2226 (Cicer.
844 2149 893 2210 lib.
910 2148 933 2209 l.
950 2149 986 2210 de
1002 2147 1103 2209 [lirin.
1112 2147 1176 2210 init.
1191 2166 1259 2228 pag.
1276 2151 1348 2214 255.
1363 2147 1410 2208 lin.
1424 2148 1471 2220 4.).

285 2249 342 2294 ne
380 2231 527 2293 urenalis:
1421 2277 1424 2280 -

410 2349 492 2414 Nota
512 2349 729 2414 mathematicis
749 2355 865 2430 pencris
887 2360 951 2412 tna.

844 2433 986 2510 (luvenal.
1008 2432 1097 2518 Satir.
1118 2433 1192 2496 xw.
1214 2441 1288 2513 post
1307 2433 1395 2508 med.)

257 2551 366 2614 Verum
388 2551 454 2613 illas
477 2569 638 2632 eonrmque
667 2551 820 2613 scientiam
843 2552 922 2613 idem
943 2552 1009 2631 ipse
1032 2549 1134 2612 Cicero
1157 2549 1371 2613 Chaldaeorum
1391 2563 1467 2610 mon·

258 2645 319 2698 stra
346 2645 430 2698 vocat
460 2653 576 2714 nosque
603 2644 706 2697 monet
734 2635 770 2696 ab
793 2635 933 2709 Eudoxo,
965 2636 1100 2716 ipsorum
1122 2635 1332 2714 antesignano,
1364 2628 1468 2710 scriptis

258 2719 413 2784 traditum:
440 2720 596 2784 Chaldaeis
617 2724 650 2781 in
667 2722 876 2800 praedictione
896 2733 925 2784 et
947 2724 981 2782 in
1002 2724 1157 2782 notatione
1180 2724 1323 2802 ausasqne
1343 2723 1417 2781 oilae
1436 2729 1469 2774 ea

259 2806 360 2868 natali
380 2807 427 2868 alie
447 2809 568 2866 minime
590 2823 654 2866 esse
677 2805 856 2868 credendam
877 2803 983 2878 (Cicer.
1006 2803 1057 2864 lib.
1080 2803 1116 2864 ll.
1141 2803 1177 2864 de
1198 2802 1297 2865 Diria.
1320 2821 1382 2883 pag.
1404 2799 1465 2863 291.

258 2889 310 2952 lin.
334 2891 409 2966 49.)
454 2888 541 2950 Plura
564 2896 661 2950 autem
683 2896 717 2948 ut
738 2889 831 2950 missa
854 2889 1011 2961 indemne,
1045 2887 1102 2949 alio
1131 2887 1161 2947 in
1183 2887 1261 2948 libro
1283 2885 1464 2949 Tertullianus

258 2982 363 3036 noster
385 2973 463 3036 hand
486 2973 654 3035 dubitanter
675 2973 784 3034 asserit
809 2991 917 3052 pravos
946 2971 1082 3052 angelos,
1106 2989 1160 3032 seu
1189 2972 1360 3044 daemones,
1387 2966 1467 3030 huius

258 3058 365 3138 impiae
387 3057 459 3118 artis
482 3058 575 3119 luisse
596 3057 769 3136 magistros,
792 3076 826 3118 ac
847 3057 953 3119 deinde
975 3057 1048 3118 haec
1069 3053 1235 3118 subiunxit:
1276 3055 1466 3138 Expellantur

257 3143 468 3212 mathematici,
492 3147 571 3204 sicat
592 3141 693 3220 capell
713 3160 835 3204 eornm:
859 3143 960 3204 eadem
977 3159 1077 3221 poena
1099 3150 1144 3202 est
1166 3140 1254 3202 anilii
1275 3137 1423 3221 hierapolis
1442 3139 1466 3193 et

257 3229 413 3303 mapietris
442 3225 627 3298 (Tertullian.
650 3225 700 3286 lib.
723 3225 760 3286 de
782 3225 914 3286 idololat.
938 3243 1001 3305 cap.
1023 3227 1079 3301 9.).
1123 3223 1229 3286 Narrat
1249 3233 1346 3286 autem
1368 3224 1462 3284 Saeto-

257 3308 326 3369 nius
355 3309 413 3368 hos
440 3309 664 3370 mathematicos
694 3309 730 3370 ab
757 3309 938 3388 imperatore
959 3309 1075 3370 Vitellio
1096 3308 1201 3388 pulsos
1230 3311 1324 3371 lirisse
1343 3306 1417 3368 Urbe
1440 3307 1466 3360 et

257 3391 348 3464 ltalia,
370 3409 405 3452 ae
425 3399 529 3469 postea
550 3393 644 3472 capite
667 3392 821 3454 damnatos
844 3392 1261 3473 (Sueton.Vitell.oap.14.).
1306 3392 1363 3455 Sed
1384 3387 1462 3469 prius,

258 3483 335 3538 teste
363 3476 482 3548 Tacito,
519 3477 594 3538 lacta
622 3478 739 3537 lucrant
766 3476 802 3537 de
829 3476 887 3539 hoe
915 3477 1189 3540 mathematicorum
1218 3477 1307 3540 exilio
1339 3480 1462 3538 senatun-

258 3560 391 3623 eonsulta
424 3559 530 3632 (Tacit.
559 3559 610 3622 lib.
639 3560 675 3621 ll.
698 3559 801 3622 hanel.
825 3569 891 3622 ante
918 3562 1019 3640 med).
1073 3562 1213 3640 Ulpianus
1246 3561 1361 3624 nudem
1391 3556 1461 3637 plura

258 3645 296 3708 dc
323 3646 371 3706 bis
400 3651 560 3718 memorat,
594 3663 680 3724 quem
703 3645 859 3706 consulere
886 3646 999 3726 poteris
1028 3637 1461 3728 (Ulpian.hh.tt1.na0ffic

256 3730 415 3806 Praetor).

339 3847 431 3927 Atque
470 3846 501 3907 bi
532 3855 615 3908 erant
649 3847 771 3926 triplicis
805 3847 910 3910 elassis
943 3847 1081 3908 homines
1118 3848 1167 3927 qui
1200 3847 1379 3909 Christianos
1409 3835 1461 3900 rei·

255 3931 389 4011 publicae
420 3931 539 3994 inutiles
573 3949 642 3993 esse
674 3932 783 3994 idcirco
816 3932 1030 4012 querebantur,
1067 3932 1135 4011 qnia
1163 3951 1178 3994 a
1206 3932 1327 3994 nefariis
1357 3926 1459 3988 illorum

256 4017 396 4094 operibus
427 4015 627 4077 abhorrebant
653 4016 824 4096 nullumque
853 4017 897 4079 eis
919 4015 1052 4088 serebant
1073 4019 1209 4078 fructum.
1254 4016 1312 4078 Sed
1333 4005 1473 4095 perditis-¹

49 4115 51 4132 t
136 4134 143 4148 =
257 4099 340 4166 simis
362 4100 532 4164 hominibus
555 4103 765 4179 infructuosas
788 4121 867 4172 esse,
897 4101 938 4162 ait
959 4100 1174 4174 Tertullianus,
1206 4119 1331 4180 maqnaa
1352 4085 1461 4176 procul·

255 4181 346 4244 dubio
368 4184 547 4263 reipublicae
567 4185 691 4266 [ructas
714 4196 761 4248 est
781 4185 964 4260 (Tertullian.
986 4184 1139 4264 hpologct.
1162 4204 1226 4266 cap.
1248 4187 1322 4262 43.)

341 4299 473 4379 Denique
488 4301 671 4365 Christianos
694 4303 819 4365 ethnicis
841 4303 970 4364 maximo
994 4319 1062 4363 esse
1084 4301 1283 4364 emolumento
1304 4299 1357 4360 hae
1376 4289 1462 4354 atlhssi

257 4383 371 4444 ratione
408 4385 606 4448 demonstrat:
653 4389 771 4460 Quanti
804 4388 963 4459 (editiones
998 4396 1113 4448 veteres
1153 4387 1305 4460 Quantos,
1341 4369 1455 4441 taeda

260 4467 402 4544 Quando)
426 4467 549 4541 hahetis,
572 4488 635 4533 aaa
658 4472 723 4535 dica
745 4476 797 4553 qui
817 4476 878 4535 iam
900 4473 935 4534 de
956 4471 1040 4533 vohis
1056 4473 1210 4533 daemonia
1224 4471 1382 4533 coronant,
1402 4469 1456 4518 Μ

253 4553 322 4616 elica
344 4556 407 4616 iam
427 4554 479 4633 qai
495 4571 556 4631 pro
579 4555 663 4617 oaha's
686 4574 799 4636 qaoque
822 4575 894 4620 vero
914 4557 978 4620 Deo
997 4574 1103 4636 preces
1124 4565 1272 4628 sternant,
1300 4551 1366 4634 qaia
1384 4543 1460 4624 farte
