3020 5230
269 351 332 416 634
398 366 587 411 nissuurtrto
604 367 641 410 DE
656 365 740 410 llffld
754 365 792 409 ET
807 365 867 408 luc.
881 365 992 409 tuncne
1007 363 1125 408 bunun.
1141 355 1343 408 rennuunt

269 517 419 580 annotavit
444 516 603 595 pleresque
631 515 747 576 codices
775 514 831 574 iam
860 514 975 591 legere,
1009 513 1105 575 addita
1133 512 1307 591 negatioue3
1348 513 1480 590 quosdan

273 601 361 662 etiam
387 598 493 662 latinos
524 599 568 660 sic
590 599 738 675 exhibere,
762 597 877 676 quibus,
892 598 957 675 ipse
979 597 1099 658 accedit.
1144 595 1267 674 Nempe,
1291 603 1327 656 nt
1352 595 1404 657 ille
1425 597 1481 656 tn·

268 683 434 745 brosiaster
455 677 632 761 explicabat,
654 690 724 760 post
746 682 817 742 istas
839 680 907 741 lites
930 699 997 742 cum
1018 681 1145 760 Pelagio.
1190 681 1273 741 idem
1295 680 1470 740 blorinusd

269 768 326 828 isto
348 767 440 828 altero
463 767 529 828 loco
553 766 644 828 Galat.
667 765 704 827 ll.
728 764 895 826 observavit
922 772 1077 844 utramque
1105 764 1262 825 lectionem
1292 763 1477 842 explicarial

268 851 460 929 Hieronymo,
482 849 532 928 qni
554 849 652 912 neutri
674 849 777 910 iecerit
797 847 1018 926 praeiudicium.
1061 848 1144 909 idem
1165 847 1274 908 iecisse
1296 847 1478 907 Primasimu¹

216 961 219 967 ·
269 934 325 996 sed
347 933 485 994 Sednlius
508 933 595 995 audet
615 933 722 994 latinos
744 932 861 992 codices
885 931 1063 1009 corrigerer.
1092 932 1194 1010 ltaque
1215 931 1253 992 ad
1276 931 1400 992 Sednlii
1423 941 1478 990 teu·

268 1036 343 1098 pora
363 1025 563 1096 pervenerunt
583 1013 679 1076 adbuc
700 1015 815 1076 codices
835 1015 928 1088 latini,
951 1016 1000 1094 qui
1022 1015 1063 1076 ibi
1084 1016 1274 1092 negotionem
1296 1032 1380 1092 prae
1401 1033 1433 1074 se
1449 1020 1478 1073 te

269 1101 373 1162 rebant
400 1100 581 1179 eandemque
608 1099 764 1160 lectionem
786 1097 882 1160 adbuc
902 1107 973 1179 post
992 1117 1101 1160 aunum
1117 1098 1224 1160 Christi
1240 1097 1356 1158 DCCC.
1382 1099 1413 1158 io
1433 1099 1478 1157 lati-

268 1186 318 1248 nis
346 1183 429 1246 libris
457 1183 591 1245 extitisse
618 1191 699 1262 patet
727 1202 763 1244 ex
791 1183 1003 1244 commentario
1031 1182 1062 1242 in
1083 1181 1159 1242 hanc
1185 1181 1353 1259 epistolam
1379 1183 1478 1242 enno

270 1267 539 1330 Autissiodorensis
562 1267 710 1346 episcopi3
747 1266 865 1328 tandem
889 1266 933 1328 sic
958 1267 1054 1345 pergit
1075 1264 1224 1326 blorinns:
1256 1267 1301 1328 Ab
1329 1271 1403 1345 ipso
1422 1271 1480 1326 aar·

270 1357 383 1434 petitote
409 1355 572 1413 coriorum
595 1352 872 1430 contempserim
909 1355 975 1414 sine
1002 1354 1080 1412 enim
1105 1354 1265 1430 negatione
1295 1349 1386 1411 bunc
1409 1350 1478 1410 loru

271 1441 344 1498 sitm
367 1435 511 1496 irenaeus
535 1446 563 1496 et
587 1431 803 1498 nenoteanes.
851 1435 1000 1496 Universa
1021 1439 1100 1496 enin
1127 1436 1231 1512 cupitis
1257 1433 1355 1495 ille'us
1380 1439 1478 1494 rurico-

270 1523 357 1583 norio
380 1531 409 1580 et
432 1517 598 1598 complecto
619 1523 807 1596 nepotionem
826 1519 913 1580 illum
934 1519 1037 1580 obesse
1059 1520 1219 1597 supponir,·
1243 1517 1322 1577 licet
1348 1521 1384 1577 e'n
1401 1537 1478 1578 cerea·

258 1607 412 1668 'uictisne
438 1607 524 1664 intro
554 1613 669 1665 testum
690 1603 727 1663 ob
750 1600 851 1682 clipuo
879 1621 999 1665 sensum
1020 1620 1083 1664 uon
1103 1600 1290 1680 intelligente
1324 1603 1431 1663 addito
1448 1609 1478 1658 or,

271 1687 351 1768 llaec
371 1695 521 1765 postrema
543 1694 622 1746 reete
646 1685 689 1746 sie
711 1685 792 1746 addit
805 1686 954 1759 Morinum
975 1683 1166 1762 Paulussine
1180 1683 1352 1762 negatione
1371 1686 1478 1762 scripsit.

272 1771 347 1832 alius
367 1788 448 1843 vero,
472 1769 522 1847 qui
544 1768 657 1847 putarit
677 1769 748 1830 hinc
763 1768 921 1842 'doctrinae
943 1769 1115 1830 mixtionem
1138 1777 1167 1829 et
1188 1768 1425 1846 corruptionem
1444 1772 1477 1826 ir-

270 1855 419 1934 pendere‚
453 1852 564 1914 addidit
585 1852 650 1932 ipse
678 1852 882 1931 negationem
918 1853 1114 1931 antiquissimi
1136 1851 1284 1930 temporis
1311 1852 1399 1914 baud
1420 1854 1469 1912 dut:

273 1947 320 2000 est
340 1937 413 1998 baec
434 1935 621 2016 interpolatio
644 1944 674 1998 et
695 1945 742 1996 est
763 1955 936 2015 graecorum
958 1937 1153 2016 scriptorum
1175 1936 1277 2014 itaque
1293 1935 1404 1997 Latini
1425 1937 1469 1996 soi

270 2021 343 2084 bant
363 2021 470 2082 latinos
498 2019 591 2080 libros
614 2022 773 2100 praeferre.
816 2020 1085 2082 ln‘commeutario
1107 2019 1241 2093 Adonis,
1266 2019 1462 2082 vercellensi·

270 2107 328 2167 ista
350 2105 444 2166 adhuc
464 2104 617 2181 leguntur:
641 2105 757 2176 duodus
779 2105 874 2166 modis
896 2109 953 2166 istc
975 2105 1059 2166 locus
1082 2104 1202 2182 iegitur.
1248 2103 1289 2164 lu
1315 2111 1406 2166 ueris
1420 2127 1477 2164 sos·

290 2207 328 2250 ue
349 2192 465 2268 praecis
488 2187 711 2270 exemplaribus
734 2188 877 2250 iubetur:
914 2190 1069 2269 nequead
1091 2188 1205 2250 borum.
1252 2187 1293 2248 lu
1328 2190 1475 2269 quibusda·

272 2209 396 2333 latinis:
426 2271 531 2351 quibus
554 2273 593 2332 cd
615 2272 722 2334 boram
744 2277 896 2335 cessimus.
940 2273 999 2335 Sed
1020 2275 1050 2334 si
1070 2273 1232 2334 secundum
1254 2289 1396 2350 graecos
1419 2274 1473 2350 lese

273 2359 349 2419 sotis
380 2365 426 2416 est
453 2373 559 2416 sensus
588 2365 641 2416 etc.
687 2355 722 2417 Si
752 2374 826 2418 ecre
861 2355 941 2436 lepos
973 2358 1137 2418 secundum
1171 2355 1309 2417 bimos:
1354 2362 1477 2418 cessabo.

275 2438 354 2520 (sine
369 2436 538 2519 nepotiane)
555 2457 618 2500 non
638 2440 865 2518 intelligendum
887 2453 933 2504 est
955 2441 989 2502 de
1013 2443 1248 2508 circumcisione,
1274 2441 1336 2503 sed
1353 2441 1391 2503 de
1402 2461 1477 2520 pero-

274 2527 407 2594 eutione‚
441 2541 515 2603 quoe
541 2523 626 2602 fecto
655 2537 700 2587 est
721 2525 879 2586 Antiocbic
901 2524 1109 2604 lerosolpmis,
1143 2541 1239 2604 super
1269 2524 1458 2606 coequos.

273 2625 325 2668 ne:
348 2639 390 2650 -
413 2639 451 2650 -
476 2617 505 2668 et
525 2609 591 2670 ideo
615 2611 754 2670 cessisset
778 2609 950 2688 Apostolus,
979 2619 1015 2670 ut
1033 2626 1094 2689 pro
1116 2624 1150 2669 re
1175 2618 1261 2668 certo
1284 2620 1320 2670 et
1343 2611 1468 2691 exploro

272 2695 463 2754 mitteretur:
487 2721 526 2734 -
550 2691 666 2753 criden
691 2695 788 2762 cessit,
811 2703 847 2753 ut
867 2696 981 2754 veritus
1008 2691 1157 2771 euangelii
1175 2701 1324 2754 muneret
1348 2696 1476 2774 spodi:-

274 2775 429 2845 iotcsctc„
452 2793 526 2853 quae
549 2783 619 2836 suot
641 2793 676 2838 ex
691 2775 871 2855 Hieronymo
893 2777 954 2836 iere
977 2775 1121 2836 desumte.
1150 2776 1194 2836 Ex
1217 2776 1267 2836 bis
1290 2779 1375 2838 satis
1398 2790 1472 2838 reme

274 2867 329 2933 est,
351 2859 474 2919 Latinos
491 2859 563 2920 satis
579 2858 629 2919 diu
652 2867 771 2920 secutos
794 2859 885 2921 luisse
908 2860 1110 2921 anctoritatem
1132 2877 1259 2921 suorum
1284 2860 1432 2922 librorum
1444 2878 1475 2918 ι’·

273 2961 379 3004 versus
396 2943 534 3016 Graecos,
557 2962 614 3004 nec
634 2943 832 3016 concessisse,
855 2944 918 3005 nisi
937 2944 1045 3018 serius,
1067 2963 1133 3005 cum
1155 2943 1320 3024 Augustini
1346 2955 1378 3008 et
1400 2945 1475 3008 Hier*-

274 3027 354 3108 nymi
376 3045 452 3089 nora
473 3027 632 3088 auctoritas
654 3027 755 3088 iurare
777 3027 936 3089 rideretur.

818 3233 848 3306 s.
874 3227 948 3290 un.

633 3347 703 3396 Talea
722 3347 795 3397 latina
813 3347 884 3397 lectio
903 3345 975 3396 liebr.
994 3345 1031 3406 lil,
1049 3347 1065 3396 l
1083 3329 1136 3410 sq'q.

360 3458 572 3536 Tertullianus,
606 3471 639 3523 ut
659 3461 742 3542 plura
765 3462 821 3524 alia
843 3461 961 3524 exbibet
982 3461 1106 3542 capitula
1129 3480 1164 3522 ex
1192 3461 1286 3522 latina
1311 3466 1469 3526 transumi·

274 3542 369 3624 ipsius
392 3545 477 3604 novis
500 3554 529 3606 et
548 3545 716 3608 recentibus
739 3546 848 3626 glossis
870 3555 962 3617 aucta,
986 3565 1060 3626 quae
1083 3556 1191 3620 tamen,
1214 3545 1288 3608 licet
1312 3549 1417 3610 insitis
1435 3567 1471 3606 ea·

273 3628 362 3690 nibus
380 3629 559 3690 Graecormn
581 3629 747 3702 codicibus,
781 3631 859 3710 apud
881 3631 989 3693 latinos
1018 3631 1179 3710 scriptores
1209 3631 1459 3694 ecclesiasticos·

273 3731 364 3792 porro
388 3713 524 3776 solebant
546 3715 644 3786 scribi,
669 3715 712 3776 sic
733 3711 895 3778 luculenter
916 3714 1022 3776 alicubi
1043 3715 1143 3794 prodit
1163 3714 1275 3776 latinae
1300 3719 1471 3779 transieban-

274 3881 453 3941 Griesbscbius,
478 3883 501 3932 in
520 3882 560 3932 illa
579 3883 752 3933 Dissertatione
771 3884 801 3934 de
818 3899 857 3934 re·
909 3885 1027 3934 sententia
1046 3884 1174 3945 legentium
1185 3883 1266 3933 eceen
1281 3885 1413 3950 duplicem
1424 3888 1470 3935 le*-

274 3951 387 4000 ceneione
405 3949 433 4000 N.
452 3951 479 3999 Τ.
499 3965 542 4013 per
560 3951 697 4011 origenem.
910 3966 965 4002 nem
991 3967 1035 4016 per
1059 3949 1264 4002 emendationem.
1302 3955 1355 4004 atti
1374 3956 1455 4004 suturi-

199 4068 203 4076 ,
308 4033 331 4082 p.
356 4016 448 4068 Sednlii
473 4015 605 4067 Coileetnn.
633 4019 657 4066 io
684 4018 760 4068 Galat.
778 4017 808 4066 ll.
834 4033 859 4082 p.
911 4018 1009 4069 Paulum
1035 4019 1188 4070 ccrrcedeudo
1214 4019 1276 4068 nihil
1303 4021 1435 4075 docuisse.
1457 4038 1463 4064 ι

273 4085 352 4135 Tb.b.
377 4086 434 4135 edit.
461 4084 534 4135 1528.
559 4084 617 4135 toi:
643 4085 706 4135 mele
730 4087 753 4134 io
778 4085 859 4136 latinis
911 4087 1071 4146 concessisse,
1100 4094 1126 4135 ut
1143 4085 1201 4136 nibil
1221 4085 1347 4156 docuisse
1367 4091 1463 4141 siuisur'

274 4153 396 4202 codicibus
422 4153 521 4215 legitur:
549 4154 633 4218 quibus
659 4154 689 4203 ad
712 4154 792 4203 iorem
809 4169 858 4204 ees·
911 4153 1016 4204 deretur.

273 4221 353 4268 simus.
943 4235 963 4270 r.
989 4221 1058 4271 Tem.
1083 4221 1145 4284 Opp.
1163 4219 1192 4268 ll.
1219 4219 1266 4270 tot.
1291 4221 1341 4272 22.
1367 4227 1405 4276 ed.
1429 4224 1460 4272 Car

308 4299 331 4348 q.
356 4285 407 4334 lice
425 4288 505 4336 minus
523 4295 614 4338 certum
633 4295 679 4348 est,
696 4287 802 4338 variasse
819 4287 859 4337 bie
908 4287 1005 4338 liarouii
1015 4287 1139 4346 (Vercellis
1149 4286 1365 4352 nocuerunt).
1381 4294 1472 4344 Aaou.

273 4364 374 4412 graecos
393 4352 503 4416 codiees3
522 4369 548 4405 ex
566 4356 704 4405 testimonio
716 4353 858 4405 Tertulliani
909 4356 957 4414 bic,
975 4355 1034 4405 illud
1051 4369 1124 4420 nepus
1141 4369 1215 4418 supra
1232 4357 1344 4408 verbum
1365 4361 1474 4424 ειμι-’μ’-

274 4425 298 4466 et
315 4418 407 4467 lreneei
432 4421 455 4469 id
479 4435 527 4475 non
545 4421 635 4487 liquet;
659 4437 704 4473 nee
721 4423 784 4472 euim
803 4436 857 4472 um·
909 4423 1044 4486 inspicitur,
1063 4424 1148 4473 eodem
1165 4431 1247 4472 temen
1269 4426 1427 4478 charactere.
1445 4425 1470 4472 ie

274 4499 345 4548 quam
364 4485 526 4536 Tertullianus
543 4503 655 4550 maecum
673 4497 762 4540 textum
781 4490 857 4540 uddu-
909 4497 959 4540 tutu
978 4498 1057 4540 umen
1076 4498 1121 4550 eet,
1139 4489 1247 4540 scribam
1261 4501 1336 4546 recte
1347 4497 1476 4548 omnent

272 4553 313 4604 ait
357 4553 439 4604 Potius
469 4554 562 4606 direrse
589 4557 732 4622 disciplina,
764 4557 866 4620 diversa,
909 4555 1032 4608 addidisse
1050 4573 1077 4608 ea
1096 4556 1202 4620 Vulgata.
