3078 5248
301 383 364 445 542
474 399 512 441 os
527 398 599 442 vem
612 397 725 442 asrars
740 389 774 442 tc
789 397 938 442 oocrmrm
953 399 1138 443 scnmronuu
1152 399 1341 444 rsnrucmmr

303 547 422 616 §.utut
440 549 782 615 ueuoouatariatrtoqritis.
802 551 881 610 Quae·
965 549 1056 602 Felicit
1089 549 1237 602 Tertulliano
1268 559 1379 618 tamquam
1403 557 1461 602 roam

337 618 391 669 dom
416 626 497 669 contra
520 617 667 668 wernsdortt
692 619 714 668 l.
734 618 760 669 c.
785 626 882 669 senua·
966 618 1088 668 tribuerat.

337 687 394 736 tiam
411 686 520 736 modeste
537 694 714 749 proponuntur,
932 682 1042 751 §.xtttt
1062 685 1186 737 Postremo
1204 701 1261 736 osus
1272 686 1461 749 universalique

302 749 434 818 §.tttttt
459 762 483 803 et
507 752 672 818 expanduntur
694 751 811 802 Whistooi
843 767 881 802 rr·
965 753 1038 803 tionis
1056 754 1172 819 exemplis
1185 769 1280 819 qnoque
1298 755 1414 803 exhistoda
1425 755 1462 802 etri

337 829 457 883 gemente,
492 821 578 885 quibos
612 821 667 871 leto
698 820 830 884 Perpetuos
859 829 883 870 et
966 821 1043 871 atiena
1060 822 1138 872 doctis
1156 822 1341 873 demonstrator.

752 1015 1065 1025 ——m

820 1190 955 1254 sumto
977 1191 1000 1252 Ι.

369 1343 443 1395 QUAE
467 1344 521 1387 usu·
544 1345 581 1388 ΒΕ
604 1345 697 1388 Lmnts
721 1345 841 1395 ouottmt
862 1345 900 1390 ΕΤ
925 1343 1016 1388 turus
1039 1342 1077 1388 ΕΤ
1101 1343 1289 1386 ΟΜΒΟΒΟΧΙΑ
1312 1341 1430 1385 constit.

784 1487 1031 1505 p--u———-

871 1617 902 1691 q.
924 1613 947 1674 1.

405 1709 584 1816 Postquam,
617 1737 747 1818 depulsis
775 1737 937 1818 superioris
958 1738 1103 1802 barbariei
1125 1737 1266 1812 tenebris,
1295 1735 1378 1798 bouis
1395 1733 1463 1794 artibs

306 1830 394 1901 atque
422 1821 586 1902 disciplinis
614 1823 739 1902 pristina
768 1823 910 1904 elegantia
937 1823 1074 1884 restituta
1111 1822 1167 1884 luit
1197 1829 1405 1902 coeperuntque
1425 1835 1463 1908 pu·

306 1905 464 1968 deuntibus
498 1905 582 1969 annis
618 1907 713 1976 omnia
742 1907 903 1969 litterarum
931 1926 1037 1986 genera
1063 1907 1168 1968 maiori
1197 1907 1309 1968 lumine
1337 1905 1462 1966 collinum·

307 2009 368 2052 non
396 1989 552 2052 defuerunt
578 2011 684 2071 magno
712 1998 742 2052 et
769 1991 919 2054 excellenti
947 1991 1064 2070 ingenio
1092 1991 1158 2064 riri,
1188 1991 1237 2072 qui
1271 2009 1326 2053 nec
1346 1997 1400 2050 arte
1417 1987 1462 2061 hup

305 2094 362 2137 nee
389 2075 522 2137 maximis
551 2076 768 2138 difficultatibus
796 2076 937 2148 deterriti,
965 2076 1107 2155 quidquid
1135 2075 1297 2138 industriae
1324 2070 1462 2154 potentin

306 2159 405 2239 pendi,
429 2160 464 2221 ad
486 2160 688 2222 illustrandam
710 2170 812 2222 coetus
835 2160 990 2222 Christiani
1011 2160 1166 2222 historiam
1188 2161 1380 2221 contuderunt
1414 2155 1461 2214 tu·

308 2261 364 2322 que
394 2243 435 2318 hi,
462 2251 496 2304 ut
523 2254 605 2305 erant
631 2244 662 2305 in
691 2263 724 2306 ea
746 2245 898 2318 sententia,
933 2245 1042 2325 absque
1063 2253 1194 2306 veterum
1217 2245 1389 2324 scriptorum
1406 2255 1461 2302 serm

306 2326 432 2388 lectione
454 2346 549 2407 neque
571 2328 732 2391 litterarum
756 2329 915 2408 elegantiae
946 2347 1042 2410 neque
1064 2331 1118 2391 arti
1141 2327 1216 2390 bene
1238 2337 1460 2414 acematequese·

306 2411 398 2472 tiendi
428 2431 525 2491 neque
557 2412 632 2492 ipsis
665 2413 861 2476 sanctioribus
897 2414 1060 2494 disciplinis
1093 2413 1165 2476 satis
1193 2433 1284 2493 posse
1317 2409 1425 2474 consili:
1445 2420 1455 2464 t

308 2496 432 2558 niaxime
454 2497 643 2559 excutiendos
664 2498 821 2559 credebaut
835 2517 897 2572 eos,
920 2517 1046 2577 quorum
1060 2498 1185 2560 lectione
1199 2503 1401 2578 perspexerant
1413 2491 1459 2570 ipio
1474 2549 1475 2574 ,

308 2582 458 2643 doctrinae
482 2580 709 2661 disciplinaeque
725 2583 958 2644 Christianorum
980 2583 1200 2662 intelligentiam
1213 2583 1369 2664 plurimum
1384 2577 1458 2638 adium
1474 2581 1475 2599 ¹

307 2683 409 2744 posse.
454 2666 523 2740 Sed,
546 2676 579 2728 ut
600 2667 733 2746 ipsorum
755 2675 929 2747 temporum,
952 2667 991 2730 ita
1014 2667 1100 2729 etiam
1123 2667 1296 2746 opinionum
1319 2661 1459 2742 estquedu

308 2750 490 2832 vicissitudo,
518 2753 591 2814 haec
618 2771 652 2812 er
675 2753 844 2832 andquitate
866 2751 997 2831 sapiendi
1010 2753 1094 2824 ¹ratio
1117 2751 1266 2831 pardlatim
1287 2751 1363 2830 apud
1382 2739 1455 2808 nord·

308 2835 375 2896 duci
406 2836 504 2916 coepit
535 2836 566 2897 in
594 2845 789 2911 contemtum3
822 2837 946 2898 maxime
974 2855 1040 2898 eum
1074 2836 1232 2908 extiterint,
1267 2836 1317 2915 qui
1353 2837 1454 2914 proptu.

308 2921 386 2998 quod
415 2921 479 2981 solo
508 2939 600 2983 sensu
622 2922 779 2994 communi,
802 2921 970 3000 apatribus
992 2921 1071 2984 velut
1091 2920 1252 2982 hereditate
1275 2920 1384 2990 relicto,
1405 2909 1457 3006 ud‘·

306 3004 378 3065 hant
404 3005 489 3079 ellici,
517 3006 606 3068 modo
636 3006 662 3066 is
692 3015 773 3068 esset
801 3006 958 3068 adstrictus
982 3005 1151 3068 subtilitatis
1181 3005 1373 3084 geometricae
1391 2995 1459 3076 tqto

308 3089 496 3152 instituerunt
517 3090 681 3169 theologiae
703 3091 836 3151 tirocinia
858 3091 921 3170 ipsa
942 3109 997 3170 pro
1019 3090 1165 3168 theologia
1188 3089 1307 3162 habere,
1331 3096 1366 3158 et,
1386 3084 1460 3144 coneo

308 3172 429 3234 seientia
456 3193 509 3236 sua
536 3183 595 3236 tam
622 3193 720 3254 parra,
751 3184 940 3236 contemnere
968 3193 1032 3247 eos,
1061 3193 1186 3254 quorum
1215 3173 1312 3235 studia
1341 3179 1385 3232 aut
1401 3163 1460 3226 nullu

309 3257 416 3322 tabem
436 3259 573 3319 novitatis
596 3260 731 3334 lormam,
754 3261 804 3320 aut
825 3259 996 3320 acerrimam
1011 3259 1120 3337 ingenii
1136 3259 1353 3320 contentionem
1368 3253 1460 3314 tatone

309 3360 365 3418 que
387 3343 538 3420 requirunt
561 3361 727 3422 operosum.
761 3344 843 3406 Unde
864 3346 971 3405 lactum
994 3351 1048 3415 est,
1071 3351 1104 3404 ut
1125 3343 1214 3404 hodie
1236 3343 1380 3422 plerisque
1393 3331 1472 3424 sotdd¹

309 3443 397 3486 omrre
425 3426 455 3486 id
481 3427 559 3505 quod
586 3427 675 3488 hahet
695 3427 821 3506 aliquam
842 3436 942 3490 notam
963 3427 1143 3507 antiquitatis
1166 3437 1196 3490 et
1216 3446 1291 3507 quae
1312 3427 1348 3488 ad
1368 3427 1472 3511 saum*

308 3509 482 3582 litterarum,
506 3517 635 3572 veterum
658 3511 783 3573 familiae
798 3513 980 3574 Christianae
1003 3513 1156 3574 doctorum
1179 3521 1208 3572 et
1222 3511 1361 3573 historiae
1370 3507 1460 3590 Christ?

308 3613 363 3655 nae
392 3595 611 3674 intelligentiam
632 3595 789 3674 pertinent,
822 3615 855 3658 ea
878 3597 1047 3660 doctoribus
1069 3597 1248 3670 umbraticis,
1277 3613 1361 3675 quam
1380 3597 1461 3664 sagam

308 3679 389 3740 ribus
411 3679 563 3742 videantur
585 3681 727 3759 digniora.
1400 3756 1405 3766 ,

391 3765 470 3828 llaec
491 3765 608 3843 saepius
630 3773 729 3828 mente
750 3765 926 3845 agitantibus
948 3765 1034 3828 nobis
1056 3766 1283 3844 dolentibusque
1305 3781 1366 3825 cum
1391 3758 1461 3824 teu

307 3849 415 3912 bonam
438 3858 565 3911 mentem
587 3858 694 3926 amant,
724 3858 890 3930 temporum
917 3860 1089 3912 nostrorum
1111 3850 1321 3912 infelicitatem:
1349 3836 1460 3928 risumtl

309 3935 415 3996 librum
437 3934 576 3996 aemulari
598 3935 775 4013 diligentiam
797 3935 905 4014 potius,
928 3953 1015 4014 quam
1037 3943 1202 3996 ceterorum
1224 3933 1373 3996 obscuram
1392 3931 1460 3998 Stil*

309 4019 388 4082 tiam.
432 4019 475 4081 Ex
504 4039 561 4100 quo
584 4019 673 4100 igitur
694 4020 846 4099 coepimus
869 4021 997 4098 cogitare
1018 4020 1054 4081 de
1077 4039 1123 4092 eo,
1151 4039 1209 4098 quo
1231 4031 1381 4098 possemus
1399 4015 1460 4102 tuti*

308 4103 368 4180 qui,
390 4113 423 4165 ut
443 4105 551 4184 aliquid
574 4106 775 4166 conferremus
797 4105 834 4166 ad
855 4105 980 4166 aliorum
1000 4105 1169 4166 utilitatem:
1198 4102 1332 4182 religioni
1352 4095 1420 4190 nobo·
1434 4083 1469 4142 ll

309 4186 416 4260 ximus,
438 4189 514 4250 viam
537 4191 619 4268 sequi
641 4188 822 4270 popularem,
846 4203 919 4269 quae
942 4189 1055 4250 sensim
1078 4189 1163 4250 ducet
1184 4197 1304 4249 nostros
1325 4187 1432 4246 homines
1468 4219 1469 4250 ς

309 4269 475 4334 barbariem
495 4275 659 4353 pristinam,
682 4273 899 4356 repetendaque
920 4273 1086 4353 putarimus
1109 4271 1287 4352 antiquitatis
1310 4265 1401 4334 studia,
1423 4261 1469 4332 ,put

308 4373 376 4414 eum
404 4375 502 4434 opera,
532 4359 563 4420 in
591 4359 697 4439 diuinis
726 4359 833 4421 litteris
861 4359 1029 4440 diligentius
1061 4357 1191 4420 colendis
1220 4377 1236 4418 a
1263 4355 1346 4417 nobis
1366 4339 1460 4430 colodi

310 4437 451 4505 maiorem
473 4442 596 4522 aliquam
617 4445 744 4506 habeant
765 4443 1013 4510 coniunctionem.
1056 4423 1458 4522 proportionalitatis·

307 4522 367 4594 bat,
391 4525 477 4586 etiarn
500 4525 534 4587 od
557 4528 752 4606 antiquiorum
768 4529 914 4591 Ecclesiae
936 4529 1091 4590 doctormn
1112 4527 1206 4588 libros
1217 4527 1335 4587 assidue
1349 4501 1459 4598 uaettlll

306 4609 437 4672 animum
459 4611 659 4673 adiunxissem
682 4633 793 4674 oleum:
823 4613 928 4694 dignus
951 4613 1022 4676 mihi
1046 4612 1200 4693 inprimis
1224 4608 1398 4673 Tertdlianus
1415 4585 1458 4650 ade
